4525 5950
1015 711 1256 759 nnuosrnnuns.
1668 689 1731 756 127

536 898 678 952 χουσι,
711 874 859 938 futurum
891 895 1020 959 prorsus
1044 877 1257 940 necessarium
1282 884 1339 939 est.
1373 875 1516 959 Denique
1541 896 1636 960 quam
1662 896 1734 939 con-

535 989 626 1045 torte
656 982 862 1045 enuncietum
890 989 956 1045 est:
983 982 1052 1043 ἐὰν
1078 980 1103 1043 t·
1129 982 1270 1056 ἐῶμεν·
1295 983 1372 1066 quin
1396 983 1597 1065 reponimus:
1623 982 1675 1045 εἰὶν
1699 979 1731 1044 δὲ

537 1089 740 1162 δεώμεθα,
764 1089 786 1150 i.
810 1108 838 1152 e.
860 1086 956 1150 sicubi
979 1108 1053 1169 opus
1076 1089 1144 1153 erit.

780 1312 875 1368 ΠΕΡΙ
899 1312 988 1369 ΤΗΣ
1014 1313 1183 1368 ΡΟΔΙΩΝ
1210 1313 1494 1371 ΕΛΕΥΘΕΡΙΑΣ.

586 1486 638 1569 §3
663 1508 694 1570 p.
722 1485 805 1550 191:
829 1487 855 1550 oi
880 1485 1036 1566 Βυζάντιοι
1060 1495 1124 1557 τοῖς
1148 1487 1418 1566 ἀτυχήμασιν
1443 1487 1544 1549 αὐτῶν
1567 1488 1600 1551 οὐ
1621 1485 1733 1562 βεβοή·

537 1592 674 1662 laudm.
701 1590 843 1655 Blassius
862 1594 896 1654 in
918 1592 1022 1655 Museo
1042 1593 1188 1655 Εήοιιοιιο
1208 1591 1313 1656 XLIII
1330 1613 1361 1676 p.
1382 1590 1447 1655 285
1470 1598 1553 1656 recte
1573 1590 1734 1656 intellexit

536 1696 635 1782 longe
666 1704 825 1780 praestare
859 1697 1015 1761 Marciani
1043 1695 1118 1761 libri
1150 1696 1337 1761 lecti0nem:
1362 1706 1426 1767 τοῖς
1452 1699 1731 1775 ἀτυχήσασιν,

537 1823 596 1866 nec
628 1810 736 1865 tamen
768 1823 864 1866 ausus
895 1808 943 1867 est
964 1805 998 1865 in
1022 1801 1161 1866 editione
1185 1803 1298 1866 ducem
1322 1823 1419 1865 suum
1443 1802 1626 1866 Parisinum
1651 1802 1736 1865 dese·

538 1928 618 1972 rere.
649 1907 761 1991 Itaque
793 1916 830 1972 nt
860 1928 1022 1972 assensum
1054 1916 1272 1992 extorqueam,
1304 1907 1426 1992 aliquot
1456 1906 1540 1972 locos
1570 1907 1734 1984 indicabo,

539 2014 595 2077 ubi
619 2013 725 2078 simile
744 2013 822 2097 quid
841 2016 1015 2078 invenitur.
1041 2013 1143 2078 Rhod.
1163 2013 1218 2077 lib.
1240 2013 1313 2098 §22
1334 2036 1365 2098 p.
1383 2013 1463 2077 196:
1485 2013 1575 2085 δόξαν
1596 2013 1729 2092 ἔχοντας

537 2124 591 2181 τοῦ
624 2116 727 2196 σώζειν
758 2118 829 2190 τοὺς
860 2121 1089 2197 ἀτυχήσαντες
1120 2120 1181 2182 ἀεί.
1205 2117 1284 2182 Ibid.
1309 2118 1388 2202 §21
1415 2140 1444 2203 p.
1473 2116 1553 2183 196:
1580 2119 1645 2193 περὶ
1672 2124 1729 2181 τῶν

537 2225 737 2301 ἀτυχούντων
763 2224 874 2298 δήμων.
898 2224 1002 2309 Epist.
1028 2223 1166 2309 111}ss
1189 2247 1218 2308 p.
1243 2221 1346 2289 1477:
1373 2232 1436 2296 τοῖς
1461 2225 1658 2305 ἀτυχήσασιν
1680 2225 1728 2287 ἀεὶ

537 2332 634 2401 κοινήν
667 2328 735 2410 ἔχει
759 2334 962 2406 καταφυγήν.
995 2329 1106 2396 Conon.
1131 2328 1233 2415 §323
1257 2353 1287 2415 p.
1313 2328 1396 2393 332:
1422 2331 1648 2407 ἀτυχήσάντων
1673 2335 1730 2392 τῶν

540 2437 707 2510 Ἐλλήνων.
733 2435 841 2499 Etiam
867 2437 1018 2500 Aristocr.
1043 2433 1124 2518 §70
1149 2456 1180 2519 p.
1207 2433 1290 2498 643:
1316 2438 1369 2498 οὖν
1395 2436 1533 2498 ἕτέήεντο
1557 2443 1619 2505 τοῖς
1644 2436 1734 2497 ἀτυ-

538 2546 737 2619 χήμασιν,
764 2540 900 2605 Weilius
919 2544 1041 2625 optime
1063 2544 1201 2605 correxit
1221 2542 1496 2619 ἀτυχήσασιν.
1522 2540 1584 2604 Sed
1604 2542 1733 2604 etiamsi

539 2647 574 2710 hi
599 2645 661 2710 loci
685 2647 848 2722 deessent,
873 2653 980 2710 temen
1004 2654 1089 2711 recte
1112 2646 1329 2711 ratiocinando
1351 2647 1571 2730 unusquisque
1593 2646 1732 2709 incidere

537 2759 689 2838 potuerat
711 2755 746 2816 ln
768 2751 801 2815 id
825 2751 909 2835 quod
932 2750 1000 2815 illic
1023 2772 1136 2815 verum
1162 2757 1227 2815 est:
1252 2759 1316 2822 τοῖς
1341 2755 1606 2829 ἀτυχήσασιν
1630 2753 1729 2813 αὐτῶν

538 2860 571 2922 οὐ
597 2857 833 2933 βεβοηθηκότες.

582 3077 657 3161 §14
677 3098 709 3162 p.
732 3074 813 3140 194:
835 3077 993 3156 ταοήνεσα
1013 3075 1051 3140 ἀν
1072 3077 1144 3150 ὑμῖν
1163 3073 1288 3145 τούτους
1310 3075 1485 3140 ἑλέσθαι.
1511 3072 1727 3141 Commendo:

537 3182 745 3263 δέχεσθαι.
771 3181 844 3267 Ipsa
866 3181 1000 3246 historia
1020 3181 1080 3245 hoc
1099 3180 1228 3257 suadet,
1249 3201 1323 3244 nem
1344 3179 1463 3245 Rhodii
1483 3181 1728 3246 Atheniensium

535 3288 696 3353 auxilium
719 3286 940 3373 implorarant.

582 3508 600 3590 ᾗ
623 3506 664 3570 18
688 3527 718 3591 p.
746 3504 828 3570 195:
854 3508 885 3569 οὐ
911 3506 973 3582 etp
999 3503 1058 3568 ἔσθ’
1083 3501 1164 3575 ὅπως
1185 3504 1282 3580 ὀλίγοι
1303 3513 1430 3574 πολλοῖς
1451 3503 1548 3585 [καὶ]
1568 3500 1730 3581 ζητοῦντες

537 3611 647 3690 ἀρχειν
677 3618 742 3681 τοῖς
773 3617 843 3685 μετ’
877 3613 1033 3687 ι’σήγορίος
1064 3608 1115 3688 ζήυ
1141 3612 1295 3687 ήρήμένοις
1320 3604 1394 3672 εὖνοι
1419 3608 1546 3683 γένοιντ’
1571 3608 1618 3672 ἀν.
1649 3606 1732 3674 Con·

533 3718 657 3781 iunctio
689 3718 758 3779 xa!
781 3736 843 3800 qua
865 3714 1037 3780 locutionis
1060 3713 1220 3800 elegantia
1244 3714 1442 3788 obscuratur,
1468 3716 1657 3796 quantocius
1680 3735 1733 3777 ex-

534 3821 708 3907 pungenda
740 3827 806 3896 est,
842 3820 897 3884 sed
931 3820 1057 3885 nullam
1091 3820 1239 3884 idoneam
1275 3840 1406 3884 causam
1437 3818 1530 3883 video
1565 3840 1622 3883 cur
1656 3839 1730 3883 eum

533 3926 657 3991 Blaesio
687 3925 808 3990 deleam
839 3925 937 4001 ὀλίγον
970 3933 1106 3996 πολλοῖς.
1132 3922 1247 3987 Omnia
1271 3932 1356 3990 certe
1379 3945 1415 3989 ea
1439 3945 1520 4008 quae
1544 3927 1729 3989 acutissime

531 4034 697 4118 disputare
728 4030 811 4096 solet
838 4030 875 4094 de
899 4029 1124 4095 Demosthenis
1147 4051 1281 4094 numero
1306 4033 1444 4094 oratorio
1469 4036 1501 4094 et
1525 4031 1563 4094 de
1587 4033 1728 4095 oratIone

531 4160 595 4203 non
619 4134 721 4222 ligata
743 4135 872 4220 quidem
896 4134 951 4199 sed
971 4143 1078 4200 tamen
1097 4138 1189 4219 qussi
1207 4133 1327 4220 ligata,
1350 4135 1532 4200 adulescens
1550 4136 1726 4200 doctrinam

531 4243 675 4309 nondum
705 4248 864 4326 repertam
895 4262 1083 4327 cognoscere
1115 4262 1177 4305 non
1201 4245 1308 4325 potui;
1336 4263 1419 4306 nuno
1443 4246 1552 4305 autem
1576 4244 1644 4305 seni
1667 4244 1729 4305 ista

531 4349 712 4434 perdiscere
750 4367 821 4411 sero
858 4352 916 4410 eet.
958 4346 1044 4425 Quae
1084 4346 1228 4410 Blassius
1263 4367 1301 4409 ex
1333 4341 1390 4411 illa
1419 4348 1611 4412 inexhausta
1644 4368 1728 4431 penu

529 4455 698 4537 hucusque
728 4452 921 4537 depromsit,
946 4452 1028 4516 mihi
1050 4454 1220 4537 perexigui
1242 4454 1400 4516 momenti
1425 4472 1491 4516 esse
1515 4452 1667 4516 videntur
1689 4440 1732 4516 ad

528 4565 758 4642 corruptorum
777 4557 920 4622 locorum
939 4556 1206 4622 emendationem.
1231 4555 1296 4622 Sed
1315 4559 1455 4622 iuniores
1468 4558 1544 4621 haec
1558 4556 1726 4642 aliquando

531 4663 766 4729 diiudicabunt.
