4525 5950
646 662 711 730 412
1118 682 1358 733 uasosrsasas.

644 852 692 912 est
723 848 810 913 idem
839 851 906 913 iam
936 847 1117 915 Dobraeum
1147 852 1282 915 suasisse
1307 872 1336 936 p.
1361 849 1438 916 457.
1462 850 1600 916 Minime
1623 870 1722 937 aegre
1746 850 1812 915 iero

644 953 738 1019 modo
768 976 806 1020 ne
837 957 909 1040 quis
939 977 991 1021 me
1023 959 1137 1021 aeriter
1168 959 1326 1042 exagitat,
1358 959 1385 1022 si
1415 958 1497 1023 mihi
1528 957 1731 1044 imprudenti
1765 955 1827 1021 tale

646 1058 723 1145 quid
746 1061 905 1126 aeciderit.

690 1279 771 1365 §13
803 1303 834 1366 p.
859 1278 941 1345 519:
972 1281 1023 1345 τὸν
1053 1279 1191 1360 ἄρχοντα
1225 1283 1401 1360 ἐπικληροῦν
1433 1283 1447 1346 θ
1480 1282 1567 1358 νθμος
1599 1290 1662 1354 τοῖς
1696 1288 1831 1363 χοροῖς

644 1386 715 1458 τοὺς
751 1387 894 1461 αὐλητας
929 1385 1057 1453 κελεύει.
1093 1386 1204 1453 Nonne
1236 1396 1299 1460 τοῖς
1330 1385 1549 1469 χορηγοῖςθ
1579 1387 1661 1454 Vide
1692 1409 1770 1454 mox
1801 1395 1832 1453 et

646 1490 725 1577 §17
750 1514 781 1579 p.
808 1491 884 1558 520.

691 1695 771 1782 §17
803 1721 834 1784 p.
860 1696 943 1763 520:
975 1697 1016 1762 τὰ
1048 1700 1244 1775 παρασκήνια
1275 1698 1494 1782 [Φροθττυν]
1526 1705 1684 1780 προσηλῶν
1716 1699 1835 1775 θδιῶτης

645 1804 683 1867 ὣν
714 1804 756 1868 τοὶ
787 1803 930 1880 δημθσιοι.
954 1803 1187 1890 interpolatum
1209 1810 1257 1870 est
1279 1804 1312 1870 id
1336 1805 1419 1891 quod
1442 1807 1568 1871 uncinis
1591 1805 1749 1872 iudicavi.
1773 1806 1833 1872 Res

645 1912 795 1999 arguitur
817 1913 929 1976 Anecd.
954 1911 1013 1976 Bk.
1037 1932 1069 1996 p.
1093 1909 1170 1977 297.
1184 1909 1244 1977 20:
1271 1915 1443 1992 προσηλῶν·
1468 1915 1616 1989 καθηλιῦν,
1641 1913 1804 1991 φράττων.

692 2129 772 2215 §19
803 2152 834 2216 p.
859 2129 944 2196 521:
977 2131 1019 2195 τοὶ
1049 2131 1105 2207 μὲν
1138 2128 1186 2197 οὖν
1215 2133 1258 2202 εἰς
1282 2132 1337 2209 ἐμὲ
1363 2131 1414 2195 καὶ
1439 2132 1509 2203 τοὺς
1532 2132 1677 2213 φυλέτας
1704 2137 1837 2213 ἦσελρη

646 2236 725 2312 μένα
769 2239 821 2301 καὶ
858 2240 925 2317 περὶ
960 2240 1014 2313 την
1050 2238 1151 2316 ἑορτην
1187 2239 1432 2314 ἀδικήματα
1468 2239 1574 2318 τουτῳὶ
1612 2242 1836 2319 πεπραγμένα.

645 2342 832 2432 Legendum
868 2346 1019 2410 arbitror:
1056 2344 1301 2409 ἀδικώτατα.
1338 2344 1438 2410 Paulo
1473 2344 1566 2410 aliter
1597 2345 1836 2414 Hsrwsrdenus

646 2450 758 2516 Μαρια.
787 2448 873 2518 1873
897 2473 929 2538 p.
955 2448 1032 2517 307.

692 2670 775 2757 §20
798 2695 829 2758 p.
854 2669 938 2736 521:
971 2669 1216 2742 καταδείσαντες
1240 2672 1421 2735 τοῦτονκαὶ
1446 2672 1515 2744 τοὺς
1541 2672 1608 2750 περὶ
1632 2673 1728 2738 αὐτὸν
1757 2674 1837 2738 svat-

649 2802 713 2857 ρους
738 2778 790 2843 καὶ
817 2783 992 2843 πλοῦτον
1018 2826 1115 2843 .....
1141 2778 1318 2858 ησυχθαν
1342 2776 1473 2858 ἔσχον.
1505 2776 1683 2844 Scholiasta
1707 2779 1749 2845 ad
1775 2779 1837 2845 Ho-

646 2907 725 2951 mer.
757 2884 849 2951 Iliad.
883 2883 997 2949 0496
1029 2886 1085 2970 qui
1116 2883 1225 2949 locum
1259 2884 1442 2969 descripsit,
1472 2884 1570 2950 habet
1601 2888 1668 2949 τὸν
1702 2890 1834 2950 πλοῦτον

648 2992 731 3079 quod
762 3013 835 3058 sane
866 2990 985 3057 melius
1015 2996 1047 3057 et
1078 2988 1229 3070 ἔφυγον
1260 2990 1435 3056 ἐκποδών
1468 3013 1525 3077 pro
1558 2993 1693 3073 ἡσυχίαν
1727 2993 1832 3076 ἔσχον,

647 3120 727 3185 quae
750 3098 844 3165 valde
868 3097 1016 3164 notabilis
1038 3098 1186 3164 lectionis
1210 3100 1358 3165 varietas.

690 3318 772 3405 §27
806 3341 837 3406 p.
870 3317 951 3384 523:
987 3321 1079 3382 ταῦτ’
1115 3312 1149 3382 εὖ
1184 3313 1240 3383 οἷδ’
1276 3314 1322 3383 ἔτι
1357 3318 1472 3381 πάντ’
1508 3316 1546 3383 θον
1581 3315 1702 3396 ἔλεγεν.
1740 3319 1831 3387 Imo:

647 3450 818 3498 παντως.

690 3631 771 3717 §32
803 3653 832 3716 p.
859 3629 935 3694 524.
967 3629 1030 3694 Hie
1061 3628 1157 3714 paulo
1188 3629 1280 3715 plura
1310 3629 1512 3696 describenda
1542 3637 1651 3708 erunt,
1678 3639 1716 3697 ut
1740 3632 1829 3719 plene

645 3737 847 3825 intelligatur
869 3737 945 3822 quid
968 3735 1078 3801 velim.
1101 3736 1166 3804 Ἴτε
1190 3737 1285 3809 δηπου
1308 3739 1388 3802 τοῦθ’
1413 3733 1457 3802 ὅτι
1482 3739 1540 3801 τῶν
1564 3739 1751 3813 θεσμοθετῶν
1773 3743 1834 3806 τοθ·

644 3869 702 3909 των
734 3843 826 3908 οὐδενὶ
861 3845 1043 3919 θεσμοθέτης
1075 3842 1119 3909 ἔτ’
1151 3842 1244 3919 θνομα
1275 3846 1349 3907 αλλ’
1374 3843 1524 3917 θτιδιὶποθ
1548 3844 1658 3924 ἕκατον.
1692 3846 1832 3913 Puerilis

646 3952 824 4018 observatio
855 3959 903 4016 est
933 3970 1030 4036 quem
1064 3949 1148 4034 apud
1180 3971 1344 4015 summum
1377 3958 1535 4016 oratorem
1565 3954 1723 4036 patienter
1751 3954 1831 4019 ferre

648 4058 801 4123 debemus
823 4078 879 4122 nee
902 4056 1097 4141 curruptelae
1121 4056 1237 4122 umbra
1259 4063 1317 4122 est.
1339 4052 1398 4122 *Aa
1422 4058 1478 4133 μὲν
1500 4059 1596 4122 τοίνυν
1620 4057 1739 4133 ἰδιώτην
1763 4060 1834 4125 ὅντιι

649 4170 704 4229 τιν’
737 4166 836 4228 αὐτῶν
867 4162 975 4242 ὑβρθοη
1008 4187 1052 4233 τις
1085 4163 1101 4235 ἢ
1135 4165 1237 4234 κακῶς
1265 4163 1354 4244 einp,
1386 4166 1513 4244 γραφὴν
1535 4160 1649 4245 ὕβρεως
1674 4166 1727 4229 καὶ
1754 4166 1834 4240 δίκην

649 4272 834 4350 κακηγορθοις
868 4269 945 4334 ἰδίαν
976 4268 1146 4349 Φεύξεται,
1178 4270 1232 4335 ἐοὶν
1263 4268 1293 4334 δὲ
1322 4272 1585 4349 θεσμοθέτην,
1617 4270 1733 4348 ἄτιμος
1770 4273 1833 4342 ἔται

648 4375 807 4451 καθάπαξ.
840 4376 950 4468 Itaque
982 4378 1037 4461 qui
1066 4376 1314 4441 thesmuthetam
1337 4375 1482 4455 laeserit,
1508 4376 1586 4442 dum
1610 4399 1745 4445 munere
1768 4381 1834 4446 suu·

646 4488 747 4572 gitur,
779 4484 912 4549 infamia
944 4484 1106 4549 notabitur
1138 4490 1170 4549 et
1201 4482 1312 4560 ἄτιμοι
1336 4483 1400 4549 fiet.
1426 4484 1545 4550 Verum
1567 4484 1601 4549 id
1625 4487 1734 4570 ipsum
1760 4508 1833 4573 que

648 4591 741 4656 modo
762 4587 880 4656 Graece
900 4589 1070 4656 dicendum
1091 4587 1172 4654 erit?
1193 4588 1289 4654 Dabis
1308 4593 1394 4655 enim
1414 4591 1497 4655 mihi
1513 4592 1686 4657 verborum
1705 4615 1833 4659 sensum

647 4718 742 4783 quem
767 4695 851 4771 dixi,
875 4695 960 4761 haud
985 4700 1062 4760 satis
1085 4701 1157 4781 apte
1180 4703 1213 4761 et
1236 4699 1400 4783 perspicue
1424 4700 1631 4763 suuneiatum
1654 4719 1732 4765 esse.
1758 4699 1834 4769 Gon·

648 4806 739 4868 tinuo
770 4809 879 4868 autem
909 4805 1069 4890 sequitur:
1102 4802 1153 4867 aa
1183 4804 1214 4866 σι’
1221 4823 1230 4880 ;
1255 4799 1300 4870 θτι
1325 4805 1394 4874 τοὺς
1419 4806 1526 4881 νόμους
1550 4803 1604 4880 ἤδη
1630 4809 1720 4872 τοῦτο
1744 4813 1833 4873 ποιῶν
