4525 5950
638 688 702 753 116
1000 695 1173 751 natator:
1190 724 1229 733 —·
1246 695 1474 751 ΑΕΙΡΙΟΕΙΣ.
1528 779 1530 783 ι

636 877 749 934 cantur
777 869 883 945 λείριον
907 874 939 931 et
963 866 1108 941 λειριδεις.
1142 866 1300 930 Idunum
1324 874 1433 931 manet
1457 875 1569 933 notatu
1594 868 1745 954 dignum,
1774 877 1831 934 ter-

638 978 764 1038 minum
793 997 881 1037 -εντα
911 995 974 1036 non
1005 974 1208 1037 substantivo
1233 1011 1273 1021 -
1300 977 1327 1036 si
1354 995 1428 1037 vere
1451 982 1527 1037 sunt
1550 995 1630 1058 quae
1654 976 1832 1060 disputavi-

638 1102 777 1143 mus-
802 1101 886 1143 nunc
916 1100 982 1143 esse
1013 1078 1238 1154 subiunctum,
1272 1078 1325 1142 sed
1354 1079 1521 1144 adiectivo.
1549 1082 1700 1145 Attamen
1726 1102 1766 1145 ne
1790 1086 1832 1145 sio

637 1187 767 1271 quidem
799 1207 817 1249 a
849 1192 938 1270 parte
970 1184 1135 1270 analogiae
1167 1185 1361 1249 destitutum
1392 1192 1441 1249 est
1464 1188 1616 1264 λειριὸεις,
1639 1208 1716 1251 nam
1740 1187 1833 1272 plane

637 1292 768 1358 earrdem
805 1292 1088 1356 conformationem
1124 1291 1241 1354 habeut
1277 1293 1476 1370 ὑψιπετήεις,
1513 1293 1652 1371 σιῖτήεις,
1685 1299 1832 1371 μεσήεις,

637 1399 831 1475 Φαιδιμόεις,
857 1396 985 1474 ὀξυόεις,
1010 1399 1165 1474 neddere,
1190 1397 1361 1474 ἀλγινόεις,
1387 1399 1554 1476 ήργινόεις,
1576 1400 1726 1477 δκρυὸεις,
1741 1438 1783 1448 -
1797 1408 1832 1464 ut

637 1512 751 1569 cuneta
782 1526 966 1570 enumerem
997 1525 1078 1589 qnae
1111 1505 1239 1589 praehet
1268 1504 1401 1568 Homeri
1425 1511 1534 1568 textus
1558 1506 1705 1569 traditus.
1733 1506 1832 1571 Deme

637 1634 717 1697 quae
749 1622 805 1675 aut
829 1617 975 1695 suspecta
999 1618 1074 1674 sunt
1097 1617 1154 1674 eut
1177 1614 1296 1694 apertis
1320 1612 1479 1674 erroribus
1504 1611 1675 1676 debentur:
1702 1621 1833 1677 manent-

637 1726 744 1783 tamen
770 1725 856 1782 certa
879 1716 1049 1793 ἀλγινόεις,
1075 1717 1269 1794 maceratae,
1295 1718 1493 1793 ὑψιπετήεις,
1518 1717 1597 1794 alia,
1621 1729 1654 1782 et

840 1824 1007 1900 Φσίδιμσςτ
1032 1824 1208 1898 Φσιιδιμδεις
1232 1859 1272 1884 =
1296 1824 1422 1902 λείρισςι
1447 1822 1592 1900 λειριήεις.

1090 2214 1213 2261 vnctus
1236 2215 1377 2261 AURRUM.

682 2381 779 2445 Initio
803 2383 877 2445 anni
901 2381 1038 2464 proximi
1061 2401 1136 2442 eum
1160 2379 1303 2444 fabulam
1324 2380 1453 2445 velleris
1473 2383 1561 2445 aurei
1581 2402 1598 2445 e
1617 2384 1718 2446 maris
1739 2387 1833 2446 vento

637 2490 788 2553 commoti
819 2487 956 2572 solisque
988 2489 1142 2550 matutini
1172 2485 1243 2550 luce
1275 2485 1463 2572 refulgentis
1495 2490 1638 2573 imagine
1670 2491 1832 2574 originem

636 2598 811 2680 sumpsisse
846 2593 1085 2669 contenderem,
1118 2613 1271 2656 versuum
1307 2593 1507 2678 quorundam
1538 2593 1675 2669 catulli,
1716 2595 1832 2680 quihus

636 2704 781 2785 aequoris
814 2700 970 2765 horrentis
993 2698 1210 2783 spectaculum
1234 2706 1327 2783 poete
1352 2699 1496 2783 depinxit
1519 2702 1565 2763 ita
1588 2705 1625 2763 ut
1649 2699 1687 2764 de
1716 2700 1832 2765 vellere

635 2829 730 2872 aureo
754 2810 912 2893 cogitasse
935 2827 1010 2869 eum
1034 2806 1169 2881 dixeris,
1193 2827 1322 2889 prorsus
1347 2806 1394 2869 fui
1413 2808 1595 2870 immemor.
1616 2805 1712 2870 Iuvat
1728 2809 1831 2892 igitur

637 2922 668 2979 et
693 2934 776 2978 nunc
800 2934 852 2978 eos
876 2912 1022 2977 laudare:
1708 2929 1710 2933 ’

906 3020 1010 3104 qualis
1034 3018 1113 3083 flatu
1138 3019 1298 3103 placidum
1322 3040 1409 3084 mare
1432 3023 1593 3084 matutino

815 3126 998 3190 horrificans
1023 3126 1189 3212 Zephyrus
1214 3126 1370 3210 proclivas
1392 3130 1506 3190 incitat
1531 3128 1631 3191 undas

817 3257 927 3296 ercroru
951 3234 1101 3297 exoriente
1124 3233 1193 3314 voapi
1216 3235 1267 3295 aab
1294 3233 1401 3296 limina
1424 3235 1514 3310 solia,

816 3363 896 3427 quae
920 3341 1008 3405 tarde
1032 3344 1175 3426 primurn
1200 3339 1350 3405 clementi
1373 3340 1502 3405 flamine
1526 3340 1636 3425 pulsae

816 3448 991 3533 procedunt
1016 3447 1092 3526 (leni
1117 3454 1264 3512 resonant
1288 3447 1440 3533 plangore
1463 3448 1638 3527 cachinni),

817 3563 888 3639 post
911 3563 1006 3619 vento
1030 3563 1188 3619 crescente
1212 3558 1317 3641 magis
1341 3558 1447 3640 magis
1470 3556 1706 3621 increbrescunt-

810 3684 1023 3745 ,primoresque
1041 3662 1152 3743 procul
1175 3669 1279 3723 ironice
1302 3685 1321 3722 a
1344 3662 1409 3724 luce
1431 3662 1594 3747 resculpant.

636 3766 749 3830 Nonne
773 3764 894 3831 Catulli
918 3767 1014 3830 verba
1041 3767 1129 3848 „oapi
1152 3767 1204 3829 aab
1229 3766 1335 3829 limina
1358 3766 1451 3829 aolia'’
1477 3770 1600 3853 regiam
1624 3766 1717 3833 illam
1737 3767 1831 3848 Solis,

635 3874 691 3936 uhi
718 3873 910 3936 Mimnermo
934 3881 1062 3936 auctore

862 3980 984 4046 σὶιιτῖνες
1009 3979 1128 4057 χρυσέῳ
1154 3982 1276 4041 zelarer
1302 3979 1332 4041 ἐν
1357 3979 1489 4055 θαλάμῳ

818 4085 974 4149 Ὠκεανοῦ
1000 4089 1084 4163 aaa&
1110 4094 1236 4164 χεῖλος,
1262 4081 1297 4149 ἵν’
1322 4084 1422 4164 ᾤχετο
1447 4087 1520 4154 θεῖος
1547 4086 1661 4162 Ἰήσων,

636 4198 786 4254 revocant
809 4194 842 4253 in
866 4188 1029 4254 mentem?
1054 4191 1105 4269 (of.
1132 4191 1253 4255 Mnem.
1282 4190 1367 4254 1902
1393 4212 1465 4276 pag.
1491 4190 1639 4276 64sqq.).

682 4297 812 4360 Accedit
835 4296 920 4379 quod
945 4317 1054 4360 versus
1077 4297 1111 4360 hi
1135 4296 1290 4382 leguntur
1311 4299 1344 4359 in
1370 4295 1458 4360 Pelei
1482 4296 1689 4382 Thetidisque
1711 4300 1833 4382 epithe

634 4401 733 4466 larnio
764 4408 823 4480 (vs.
850 4400 1054 4480 ace-asa),
1087 4423 1167 4486 quae
1192 4405 1325 4465 materia
1348 4423 1410 4465 non
1435 4422 1453 4464 a
1477 4400 1604 4467 Catullo
1628 4411 1676 4467 est
1700 4405 1835 4469 inventa

636 4509 690 4573 sed
719 4511 923 4592 perantiqua,
956 4508 1088 4572 oriunda
1113 4530 1151 4572 ex
1176 4506 1232 4571 illa
1257 4505 1409 4572 Graeciae
1433 4512 1561 4593 regione
1585 4510 1643 4574 uhi
1667 4511 1835 4597 Argonau-

634 4621 741 4677 tarum
768 4635 893 4697 quoque
914 4613 1053 4677 fabulam
1076 4621 1183 4677 natam
1205 4635 1272 4678 esse
1292 4612 1452 4677 credimus
1473 4636 1600 4691 omnes,
1621 4637 1638 4680 e
1659 4615 1835 4683 Thessalia.

1521 4735 1549 4800 J.
1577 4735 1762 4802 Viennam.
