4525 5950
631 1302 705 1394 AD
735 1303 904 1394 MAROI
934 1305 1190 1397 ΑΝΤΟΝΙΝΙ
1220 1307 1646 1399 COMMENTARIOS.

1081 1529 1206 1571 scelests·

946 1695 975 1761 J.
1007 1696 1050 1761 H.
1082 1695 1332 1763 LEOPOLD.

1048 1999 1234 2043 *mo-

1064 2259 1143 2309 Marci
1160 2258 1275 2308 Antonini
1293 2256 1465 2318 macedonii,
1482 2260 1519 2308 ed.
1536 2260 1636 2308 Ioannes
1654 2257 1730 2308 Sciet.

1129 2470 1155 2535 I.

588 2668 756 2755 Epictetus
785 2670 819 2733 in
850 2668 1119 2733 Dissertationum
1149 2668 1231 2735 libro
1262 2668 1315 2734 IV.
1341 2690 1367 2734 c.
1392 2669 1423 2748 4,
1452 2689 1527 2734 cum
1549 2671 1582 2732 in
1606 2687 1660 2733 eos
1683 2670 1730 2731 in·

536 2776 683 2854 vehitur,
716 2778 771 2861 qui
802 2778 904 2840 vitam
936 2778 1072 2841 otiosam
1103 2783 1136 2841 et
1165 2774 1268 2841 literis
1299 2775 1441 2841 deditam
1464 2796 1558 2862 agere
1581 2776 1729 2859 cupiant,

536 2885 684 2968 primum
707 2881 889 2947 Stoicorum
912 2880 1003 2946 illam
1027 2890 1060 2946 et
1083 2879 1279 2968 Cynicorum
1304 2881 1480 2947 doctrinam
1502 2882 1650 2966 exponit,
1674 2881 1731 2944 sci-

535 2989 616 3055 licet
638 2987 754 3065 libros,
779 2991 900 3067 otium,
924 2989 1030 3054 studia
1053 2996 1179 3055 tantum
1204 2995 1334 3056 eatenus
1358 3010 1424 3054 esse
1446 2987 1637 3075 expetenda,
1658 3005 1731 3072 qua·

538 3103 635 3161 tenus
657 3096 696 3160 ad
720 3097 821 3161 vitam
846 3101 929 3161 recte
952 3096 1182 3162 instituendam
1201 3105 1234 3162 et
1253 3097 1378 3161 fortiter
1397 3094 1610 3181 peragendam
1629 3094 1730 3158 facere

537 3204 681 3289 possint;
706 3202 818 3267 deinde
838 3203 1009 3289 subiungit
1028 3202 1166 3269 alterum
1185 3203 1308 3289 sibique
1327 3205 1433 3289 magis
1453 3204 1618 3288 proprium
1639 3220 1731 3285 argu-

537 3314 702 3374 mentum:
727 3315 766 3373 nt
789 3309 977 3374 divitiarum
1000 3317 1033 3374 et
1055 3311 1213 3375 honorum
1233 3313 1433 3396 appetitum,
1457 3312 1502 3374 sic
1524 3312 1621 3373 etiam
1645 3309 1731 3393 cupi-

536 3416 649 3481 dinem
670 3414 816 3502 legendi,
841 3416 999 3494 discendi,
1023 3416 1217 3505 meditandi,
1242 3438 1349 3481 rerum
1368 3419 1523 3480 nimirum
1543 3421 1634 3480 extra
1654 3413 1731 3477 fines

538 3523 676 3587 humani
698 3522 823 3587 arbitrii
846 3526 1039 3607 positarum,
1064 3524 1209 3589 homines
1233 3545 1290 3609 pro
1313 3523 1423 3588 liberis
1446 3544 1554 3587 servos
1578 3522 1680 3586 facere
1699 3526 1731 3585 et

535 3629 685 3694 fortunae
717 3630 995 3694 vicissitudinibus
1027 3630 1189 3695 obnoxios.
1224 3629 1329 3710 „Quid
1352 3632 1437 3694 enim
1463 3629 1561 3693 distat
1583 3635 1731 3711 exoptare

538 3737 689 3814 ,utinam
724 3741 850 3800 senat-or
884 3735 968 3799 sim'’
1004 3741 1036 3800 et
1072 3739 1220 3812 „utinam
1254 3757 1293 3800 nc
1324 3742 1450 3801 senator
1480 3756 1582 3799 essem
1592 3734 1622 3817 ‚'’
1653 3731 1731 3817 quid

536 3844 687 3920 „utinam
718 3844 928 3927 magistratus
960 3841 1056 3906 fiam”
1088 3850 1121 3906 et
1147 3844 1294 3919 „utinam
1318 3845 1464 3927 privatus
1487 3839 1623 3906 essem.'’
1646 3838 1729 3918 Quid

536 3947 644 4013 differt
674 3947 713 4012 de
745 3970 778 4013 se
809 3948 1005 4033 praedicare:
1046 3947 1150 4024 „male
1182 3948 1264 4013 mihi
1295 3956 1360 4030 est;
1392 3946 1473 4012 nihil
1505 3947 1621 4021 habeo,
1646 3943 1730 4029 quod

536 4075 646 4141 agam,
676 4056 708 4117 in
740 4074 802 4137 quo
826 4054 941 4141 egendi
966 4053 1134 4120 facultates
1158 4076 1338 4132 exerceam,
1362 4054 1547 4119 dominere
1570 4051 1661 4116 libris
1684 4053 1731 4114 in·

534 4160 664 4226 tabesco
675 4159 705 4235 ,”
731 4165 762 4223 ct
788 4159 892 4237 „male
915 4160 997 4223 mihi
1020 4172 1087 4237 est,
1111 4180 1187 4224 nam
1212 4163 1316 4225 otium
1341 4181 1402 4225 non
1426 4158 1525 4223 habeo
1548 4155 1676 4242 legendi
1698 4160 1731 4221 et

533 4263 748 4331 meditandi.”
773 4264 818 4329 Ut
841 4263 1010 4341 salutatio,
1032 4272 1068 4330 ut
1086 4264 1239 4344 honores,
1260 4268 1305 4330 sic
1325 4268 1423 4331 etiam
1444 4263 1572 4350 legendi
1591 4268 1731 4348 potestas

529 4394 586 4438 res
609 4378 657 4436 eet
681 4376 811 4436 externa
834 4392 936 4456 neque
958 4375 991 4436 in
1016 4372 1183 4438 voluntate
1207 4379 1315 4437 nostra
1338 4371 1474 4458 posita.’'

582 4478 625 4543 Et
655 4499 729 4543 sane
760 4481 954 4565 cogitatione
978 4482 1189 4565 assequimur,
1214 4481 1361 4544 homines
1385 4477 1455 4544 illos
1479 4477 1650 4554 Romanos,
1676 4479 1731 4561 qui

529 4583 658 4653 nobiles
683 4588 802 4670 quique
825 4585 898 4650 iude
923 4606 941 4650 a
963 4589 1101 4670 pueritia
1125 4586 1220 4651 rebus
1244 4586 1391 4673 gerendis
1415 4586 1583 4662 destinati,
1604 4605 1678 4647 mox
1697 4586 1730 4647 in

528 4690 701 4775 republica
725 4690 914 4776 capessenda
938 4694 1082 4775 occupati
1107 4698 1229 4769 essent,
1258 4699 1424 4776 postquam
1449 4689 1549 4755 semel
1571 4694 1601 4755 io
1627 4691 1731 4775 cogni-

529 4803 659 4865 tionem
690 4799 893 4882 pervenerint
925 4819 1049 4873 eorum,
1079 4818 1159 4882 quae
1182 4819 1293 4863 resera
1315 4799 1355 4863 ad
1377 4819 1434 4862 nos
1456 4799 1618 4882 pertinent
1641 4815 1732 4881 quae

1548 4920 1580 4968 28
