4525 5950
649 694 713 760 180
984 713 1195 762 1111111111
1218 715 1300 762 saun
1322 714 1489 763 1111111111.

645 882 799 944 momenti
830 899 897 943 esse
921 878 1116 964 1111111141
1140 900 1218 965 sqq„
1245 889 1268 942 Κ
1290 878 1331 944 21
1354 902 1431 966 sqq.,
1456 879 1500 945 29
1520 902 1588 966 sqq.
1606 883 1641 961 ¹),
1670 881 1734 947 131
1760 904 1839 969 sqq„

648 985 711 1049 149
731 1008 809 1072 sqq.,
836 982 898 1052 177
919 1006 998 1070 sqq„
1029 988 1180 1071 quoniam
1210 1008 1272 1053 non
1295 989 1328 1050 in
1351 990 1417 1052 acie
1440 995 1605 1053 versantes
1628 987 1686 1054 rel
1710 1010 1749 1056 eo
1776 1010 1842 1077 pro

643 1096 802 1179 grassari,
834 1093 888 1158 sed
918 1113 935 1157 e
966 1114 1077 1159 somno
1106 1096 1281 1178 experrecti
1313 1101 1346 1158 et
1376 1115 1393 1160 e
1427 1093 1546 1159 lectulo
1577 1101 1754 1182 surgentes
1761 1143 1770 1174 ,
1803 1096 1840 1161 ad

643 1199 889 1265 consultandum
912 1220 986 1264 cum
1010 1198 1186 1277 sodalibus,
1208 1198 1364 1264 vestiendi
1388 1221 1420 1265 ee
1445 1203 1549 1286 magis
1570 1221 1672 1286 quam
1693 1202 1840 1266 armandi

643 1327 738 1372 causa
757 1309 881 1372 tunicas
899 1313 932 1372 et
950 1306 1048 1393 pelles
1067 1307 1183 1371 ferinas
1200 1308 1245 1371 ibi
1265 1328 1391 1372 sumere
1410 1315 1581 1372 narrantur
1596 1310 1839 1393 Agamemnon,

643 1413 824 1491 Menelaus,
844 1413 968 1491 Nestor,
989 1411 1113 1489 Ulixes,
1137 1412 1316 1478 Diomedes.
1337 1412 1510 1498 Aliquanto
1530 1416 1664 1478 maioris
1682 1417 1838 1480 momenti

636 1515 691 1585 'est
722 1520 805 1606 quod
835 1541 874 1585 ne
899 1519 1068 1585 Diomedes
1093 1520 1223 1604 quidem
1248 1521 1302 1585 ubi
1326 1540 1400 1584 curn
1423 1519 1517 1585 Ulixe
1540 1519 1750 1605 speculatum
1775 1541 1841 1607 pro

641 1626 796 1691 ficiscitur
819 1626 981 1691 thoracem
1005 1631 1140 1690 aeneum
1163 1625 1270 1690 induit
1294 1624 1580 1711 12551111-
1603 1647 1681 1691 uam
1707 1625 1838 1692 Ulixem

642 1753 717 1797 arcu
745 1740 906 1797 armatum
931 1733 1093 1797 thoracem
1117 1737 1251 1797 aeneum
1275 1753 1421 1817 spernere
1444 1739 1696 1797 consentaneum
1721 1742 1774 1798 est
1799 1770 1838 1782 -

641 1837 788 1924 quodque
813 1836 892 1904 K75
906 1861 972 1924 sqq.
999 1839 1054 1903 ubi
1078 1847 1307 1904 enumerantur
1328 1839 1472 1905 Nestoris
1495 1859 1584 1903 arma
1607 1860 1711 1925 prope
1736 1838 1837 1905 lectu-

642 1943 713 2009 lum
736 1947 880 2031 apposita
904 1946 997 2015 άσσὶς
1023 1945 1074 2007 καὶ
1101 1945 1150 2008 δύο
1175 1944 1274 2024 δοῦρε,
1299 1947 1411 2025 φαεινή
1435 1969 1469 2007 τε
1493 1946 1690 2022 τρυφάλεια,
1717 1949 1784 2022 πάρ
1808 1946 1836 2010 ll

641 2049 768 2131 ζωστήρ,
800 2049 996 2116 desideretur
1027 2050 1140 2114 thorax
1171 2056 1296 2115 sinens.
1327 2051 1427 2115 Porro
1451 2050 1513 2115 huo
1536 2053 1703 2136 pertinent
1729 2062 1752 2116 B
1774 2049 1836 2116 382

640 2158 697 2222 ubi
728 2158 1019 2242 Agamemnonem,
1053 2154 1162 2225 3370
1182 2178 1249 2242 sqq.
1281 2157 1335 2221 ubi
1364 2157 1553 2243 Neptunum
1576 2155 1701 2221 milites
1726 2158 1838 2223 exhor

640 2271 762 2328 tantem
791 2264 831 2329 ad
853 2285 942 2329 arma
965 2263 1159 2350 expedienda
1180 2276 1284 2328 cetera
1307 2285 1468 2329 recensere
1491 2263 1654 2340 vidimus,
1679 2263 1780 2330 silere
1802 2265 1837 2329 de

641 2370 838 2447 thoracibus;
864 2379 891 2435 N
908 2368 972 2436 714
996 2370 1053 2434 ubi
1072 2369 1193 2435 milites
1213 2371 1318 2435 Aiacis
1337 2368 1420 2434 Oilei
1440 2373 1584 2435 cominus
1604 2391 1670 2434 uon
1691 2392 1837 2458 pugnare

628 2497 741 2561 ‘neque
772 2475 926 2562 gravibus
956 2479 1007 2541 uti
1037 2473 1152 2553 armis,
1185 2497 1260 2540 cum
1291 2479 1337 2540 sic
1368 2475 1527 2562 significet
1557 2481 1672 2560 poeta:
1706 2480 1742 2542 οὐ
1778 2480 1837 2555 γὰρ

640 2581 712 2662 ἔχον
736 2586 857 2662 κθρυθας
885 2583 1066 2662 χαλκνρέας
1088 2583 1315 2659 ἱπποδασείας,
1336 2582 1396 2646 οὐδ’
1417 2583 1489 2662 ἔχον
1508 2582 1645 2651 άσπίδας
1668 2583 1836 2654 εὐκύκλους

640 2691 691 2753 καὶ
724 2690 847 2765 μείλινα
878 2689 984 2767 δοῦρα,
1016 2694 1146 2773 apparet
1177 2710 1252 2753 eum
1283 2687 1372 2753 nullo
1401 2687 1472 2755 loco
1495 2709 1667 2753 numerare
1691 2690 1837 2756 thoraces

628 2797 767 2875 ‘atneom
802 2794 910 2860 5404
930 2817 996 2880 sqq.
1027 2795 1083 2859 ubi
1114 2795 1234 2861 Hector
1264 2797 1396 2861 Aiacem
1426 2797 1519 2860 hasta
1549 2796 1623 2860 ferit
1647 2806 1688 2875 τῇ
1713 2799 1756 2875 ῥα
1782 2797 1836 2862 δύο

639 2908 799 2978 τελαμῶνε
819 2902 886 2982 περὶ
905 2903 1047 2976 στήθεσσ
1067 2902 1244 2980 ἕτετάσθνν,
1258 2898 1331 2976 ἦτον
1353 2903 1366 2966 ὃ
1380 2903 1436 2978 μὲν
1450 2901 1575 2977 σάκεος,
1588 2903 1602 2965 θ
1615 2903 1647 2965 δὲ
1661 2905 1836 2981 φασγάνου

636 3013 839 3089 άρνυρονὶλου·
873 3012 913 3072 τώ
945 3032 983 3073 εον
1010 3008 1174 3084 ἐρυσάσθνν
1198 3011 1302 3088 τερένα
1326 3010 1425 3088 χρθα,
1450 3030 1512 3094 quo
1535 3008 1620 3085 1000,
1648 3030 1714 3074 uou
1742 3010 1836 3076 aliter

635 3124 731 3201 atque
762 3123 796 3178 M
817 3114 881 3178 401
904 3136 970 3200 sqq.
1002 3116 1057 3179 ubi
1081 3115 1296 3200 Sarpedonem
1320 3115 1435 3181 Teucri
1458 3118 1578 3202 sagitta
1601 3118 1709 3180 ictum
1737 3117 1834 3183 fascia

636 3221 793 3308 praesidio
824 3221 886 3285 fuit
917 3221 968 3299 (de
1000 3242 1062 3306 quo
1092 3221 1163 3286 loco
1187 3225 1314 3309 egimus
1335 3244 1431 3308 supra
1453 3244 1484 3308 p.
1512 3220 1744 3307 1691111111
1771 3246 1836 3310 pre·

637 3332 720 3393 tium
752 3350 813 3393 non
845 3327 909 3392 fuit
940 3349 1190 3393 commemorare
1221 3329 1351 3393 fasciam
1376 3332 1404 3394 si
1426 3329 1539 3394 thorax
1562 3333 1681 3393 aeneus
1706 3332 1741 3394 ei
1766 3331 1836 3396 suta

636 3443 730 3514 esset;
755 3434 862 3500 0125
883 3434 938 3498 ubi
959 3434 1098 3499 Martem
1118 3438 1216 3499 armis
1235 3456 1354 3501 exuens
1373 3435 1519 3500 Minerva
1536 3436 1598 3499 άπὸ
1611 3436 1671 3509 μὲν
1683 3445 1833 3516 κεφαλῆς

637 3542 734 3619 κόρυθ’
769 3539 868 3604 εἵλετο
904 3542 956 3604 καὶ
992 3542 1085 3610 σάκος
1122 3541 1218 3618 ὤμων,
1249 3541 1346 3621 ἔγχος
1379 3542 1404 3606 δ’
1437 3541 1547 3616 ἔστησε
1578 3542 1737 3621 στιβαρῆς
1774 3549 1834 3610 ciri

635 3649 735 3727 χειρὸς
769 3647 880 3711 ἑλοῦσα
911 3648 1059 3726 χάλκεον,
1091 3648 1229 3713 thoracis
1259 3651 1347 3713 aenei
1371 3648 1472 3713 nihilo
1496 3650 1600 3734 magis
1623 3654 1756 3716 mentio
1781 3651 1834 3728 fit,

635 3776 732 3842 quam
762 3764 786 3818 E
810 3752 874 3820 707
899 3755 954 3819 ubi
977 3753 1127 3820 Oresbius
1151 3756 1190 3819 ab
1213 3755 1351 3820 Hectore
1373 3755 1559 3820 interfectus
1583 3754 1705 3821 dicitur
1732 3760 1835 3823 airao-

635 3864 779 3937 μίτρνς
811 3868 844 3925 11
867 3869 891 3924 E
913 3860 977 3925 855
992 3881 1057 3945 sqq.
1083 3860 1139 3925 ubi
1163 3861 1251 3925 Mars
1274 3860 1462 3927 vulneratur
1485 3882 1503 3926 a
1527 3860 1684 3926 Diomede
1709 3866 1835 3928 νείατον

635 3969 676 4038 εἷς
702 3971 828 4033 κενεῶνα
853 3966 894 4031 ὅθι
920 3967 1112 4048 ’ζωννύσκετο
1136 3966 1328 4046 μίτρκνῧ),
1353 3972 1484 4033 mitram
1508 3989 1582 4033 vero
1606 3974 1639 4032 et
1664 3969 1836 4038 thoracem

634 4080 767 4139 aeneum
787 4095 848 4139 non
869 4075 908 4138 ab
928 4074 1040 4139 eodem
1059 4074 1150 4139 indui
1169 4074 1312 4139 vidimus
1325 4096 1421 4161 supra
1433 4097 1462 4160 p.
1480 4073 1542 4139 115
1555 4095 1601 4159 sq.
1611 4095 1619 4150 ;
1635 4083 1664 4137 0
1679 4074 1753 4141 470
1768 4101 1835 4166 sqq.

634 4181 690 4244 ubi
709 4180 839 4258 Teucer,
857 4188 999 4245 armatus
1016 4187 1089 4246 ante
1106 4201 1181 4246 arou
1199 4182 1266 4246 solo
1279 4184 1482 4268 sagittisque,
1497 4181 1596 4245 fracto
1609 4201 1688 4246 arcu
1701 4204 1720 4247 a
1734 4185 1836 4250 fratrs

634 4289 774 4350 monitus
794 4293 832 4350 ut
850 4290 993 4351 cominus
1011 4289 1096 4351 inter
1114 4290 1257 4373 graviter
1276 4295 1415 4353 armatos
1435 4294 1607 4373 pugnaret,
1629 4309 1764 4356 morem
1784 4292 1833 4357 illi

634 4413 748 4478 gerens
767 4394 852 4473 άμφ’
873 4392 975 4468 ὤμοισι
996 4393 1088 4465 σάκος
1107 4394 1182 4458 ’θέτο
1203 4395 1460 4473 τετραθέλυμνον,
1482 4396 1568 4470 κρασὶ
1591 4393 1616 4456 δ’
1635 4395 1687 4457 ἐπ’
1710 4398 1833 4479 ἔφθιμῷ

668 4684 695 4747 l)
714 4686 748 4732 De
766 4683 810 4731 hoc
827 4683 878 4732 loco
894 4684 924 4733 cl.
942 4698 1014 4748 snpra
1032 4700 1054 4748 p.
1075 4684 1122 4732 162
1139 4684 1164 4732 11
1182 4699 1238 4735 sun.
1257 4688 1280 4733 4.

666 4765 693 4828 2)
712 4764 748 4812 De
765 4765 809 4813 hor
826 4764 877 4813 loro
895 4765 949 4813 vide
965 4780 1036 4829 supra
1053 4782 1076 4829 p.
1096 4766 1151 4824 100,
1168 4782 1191 4830 p.
1210 4766 1270 4815 lea.

667 4848 694 4911 8)
714 4846 771 4895 Vide
788 4847 860 4896 etiarn
877 4862 949 4912 supra
966 4863 989 4912 p.
1009 4848 1065 4897 leo.
