4525 5950
973 688 1113 738 neonus.
1565 669 1628 737 147

438 865 482 923 ιιι
507 856 658 922 infinitivi
683 863 839 923 constaret
862 859 960 934 ratio,
979 855 1035 921 alii
1054 864 1164 935 ιιιιιι,
1186 856 1243 921 alii
1262 857 1379 933 colitur,
1399 854 1456 921 alii
1475 855 1630 933 ιιιιιὶιιιι,

438 963 502 1029 alii
538 965 673 1049 denique
707 966 810 1028 doctae
844 963 1042 1040 adiecerunt,
1077 985 1215 1048 qnorum
1250 963 1332 1028 nihil
1367 970 1415 1028 est
1449 963 1533 1049 quod
1569 985 1630 1029 non

437 1077 586 1157 praestet
614 1070 747 1135 illorum
779 1072 961 1149 conatibus,
994 1072 1049 1156 qui
1080 1091 1119 1135 ex
1151 1077 1237 1134 creat
1267 1072 1424 1136 fecerunt:
1444 1078 1556 1149 ruerat,
1581 1072 1633 1134 ιιι

436 1186 557 1254 ιιιιιι,
590 1177 727 1241 {arceat
761 1180 868 1242 simm.
905 1178 1089 1242 Admodum
1119 1177 1273 1265 languida
1304 1185 1411 1242 tamen
1441 1179 1548 1242 omnia
1575 1176 1632 1242 illa

436 1289 521 1349 sunt
545 1282 771 1348 additamenta.
796 1283 954 1368 Equidem
977 1286 1022 1348 sic
1044 1282 1217 1370 legendum
1242 1304 1369 1349 censeo:

493 1389 591 1468 „Erat
615 1398 647 1455 et
667 1390 752 1455 domi
773 1389 914 1455 delectus
934 1411 1040 1476 eques,
1061 1393 1230 1476 praecipuo
1249 1388 1345 1455 nandi
1365 1388 1471 1455 studio
1490 1396 1523 1452 ut
1542 1409 1632 1454 arma

438 1517 606 1582 equosque
629 1500 768 1562 retinens
790 1499 926 1582 integris
949 1499 1065 1562 turmis
1088 1495 1234 1561 Rhenum
1254 1496 1491 1578 perceperas

501 1603 537 1666 Ut
560 1631 600 1658 =
625 1607 669 1669 sic
692 1611 747 1681 ut,
772 1610 860 1669 tanto
885 1602 1062 1668 studiant.

492 1814 532 1881 H.
557 1814 609 1895 IV,
635 1815 687 1881 34.
721 1814 836 1883 (livilis
868 1815 1033 1881 obsidione
1060 1813 1184 1880 clausos
1214 1814 1373 1881 Romanos
1397 1820 1506 1881 tenens
1530 1820 1632 1881 osten·
1661 1866 1663 1868 .

440 1922 550 1988 tandis
584 1921 712 1987 vexillis
747 1924 912 2008 signisque
942 1924 1043 2006 captis
1075 1942 1128 1986 eos
1158 1934 1196 1985 ut
1226 1929 1328 1987 eastra
1359 1921 1475 1987 dedant
1503 1922 1632 2008 adigere

440 2034 586 2093 conatur.
618 2027 765 2101 Frustra:
798 2048 882 2091 unus
914 2030 999 2093 enim
1029 2048 1046 2092 ι
1078 2029 1215 2112 captivis
1238 2026 1323 2092 clara
1345 2049 1422 2094 voce
1446 2048 1499 2094 eos
1521 2027 1631 2094 edocet

439 2156 519 2200 eum
551 2156 616 2199 esse
647 2131 880 2199 Germanorum
913 2139 1034 2199 statum
1065 2139 1103 2198 ut
1126 2132 1279 2198 Romanis
1301 2137 1436 2200 minime
1460 2137 1503 2199 sit
1526 2133 1632 2219 despe-

438 2241 590 2306 randum.
615 2240 747 2305 Addunt
770 2243 868 2308 etiam
892 2242 1013 2304 animos
1035 2241 1127 2326 ignes
1152 2239 1322 2319 villarum,
1346 2243 1631 2326 appropinquantis

438 2347 578 2412 subsidii
598 2351 738 2435 signum.
760 2346 888 2412 Alacres
907 2366 984 2431 ergo
1003 2345 1163 2430 proelium
1184 2345 1305 2411 milites
1325 2346 1460 2412 Romani
1477 2353 1629 2432 posenni:

492 2454 561 2531 „Ne
581 2461 724 2539 tempore
744 2453 874 2537 quidem
895 2452 933 2517 ad
953 2451 1160 2518 ordinandam
1180 2455 1281 2518 aciem
1301 2459 1409 2538 capto,
1425 2456 1631 2538 incompositi

437 2563 581 2646 fessique
612 2561 772 2646 proelium
803 2580 977 2646 sumpsere.
1013 2560 1096 2624 Nam
1127 2557 1243 2625 Civilis
1274 2560 1398 2637 aderat,
1431 2581 1493 2625 non
1523 2562 1630 2625 minus

437 2671 535 2733 vitiis
558 2689 654 2752 qnam
676 2670 798 2732 virtute
821 2687 954 2731 suorum
978 2665 1110 2731 fretus.'’

490 2774 585 2851 Neam
619 2776 711 2840 cuius
741 2794 817 2859 ergo
848 2776 894 2838 rei
917 2773 969 2837 hic
992 2775 1073 2837 ratio
1096 2769 1261 2837 redditur?
1284 2770 1414 2836 Nullius
1437 2777 1476 2837 ut
1499 2775 1628 2858 opinor:

436 2883 551 2967 pergit
579 2879 801 2945 tantummodo
830 2882 979 2943 narratio.
1011 2878 1098 2964 Ergo
1131 2899 1187 2963 pro
1210 2901 1278 2942 nam
1301 2877 1475 2965 legendnm
1498 2885 1547 2944 est
1569 2879 1630 2944 iam

440 2987 513 3065 vel,
538 2987 621 3072 quod
644 2993 784 3074 praestat
807 2989 924 3063 etiam,
950 2985 1075 3071 iamque.

489 3200 531 3265 H.
555 3199 608 3277 IV,
633 3198 685 3264 48.
709 3200 884 3283 Postquam
908 3201 1055 3285 exposuit
1078 3200 1134 3283 qui
1153 3198 1273 3263 factum
1294 3199 1337 3262 sit
1356 3202 1393 3262 nt
1412 3200 1447 3262 in
1465 3200 1629 3283 provincia

387 3367 390 3378 ‚
435 3306 549 3373 Africa
576 3310 701 3391 praeter
729 3303 949 3390 proconsulem
975 3303 1097 3369 adesset
1119 3303 1247 3389 legatus
1271 3324 1346 3368 cum
1369 3303 1508 3389 legione,
1532 3325 1627 3389 seque

387 3467 390 3474 .
432 3417 588 3499 ignorare
613 3410 786 3477 declaravit
810 3410 967 3495 quomodo
991 3431 1041 3475 ros
1063 3430 1179 3486 novae,
1200 3408 1373 3494 dequibus
1393 3431 1464 3476 cum
1488 3415 1628 3477 maxime

387 3575 390 3592 .
434 3526 566 3596 narrat,
590 3521 624 3583 in
647 3540 684 3584 ιι
706 3520 872 3604 provincia
894 3522 982 3582 ortae
1005 3519 1086 3581 sint:
1107 3513 1369 3581 sollicitaveritne
1389 3517 1536 3583 Pisonem
1555 3540 1627 3604 pro-

434 3624 606 3692 consulem
641 3624 754 3690 Festus
793 3624 921 3710 legatus
960 3643 999 3688 an
1034 3622 1180 3709 legatum
1216 3623 1401 3708 proconsul,
1442 3626 1487 3689 sic
1521 3627 1628 3712 pergit

435 3732 590 3798 Tacitus:

489 3838 575 3915 „Nec
606 3838 784 3923 ambigitur
814 3837 1011 3921 provinciam
1035 3842 1068 3900 et
1090 3834 1229 3900 militem
1253 3833 1390 3901 alienato
1414 3856 1490 3923 erga
1513 3835 1627 3922 Vespa·

387 3997 393 4026 ,
436 3948 568 4012 sianum
604 3947 709 4008 animo
744 3943 858 4021 fuisse;
895 3949 927 4007 ιι
962 3942 1089 4026 quidam
1127 3962 1144 4006 ι
1175 3940 1355 4007 Vitellianis
1387 3943 1465 4008 urbe
1495 3943 1626 4029 profugi

436 4051 640 4119 ostentabant
670 4050 779 4115 Pisoni
809 4054 959 4113 nutantes
982 4045 1114 4124 Gallias,
1139 4053 1284 4133 paratam
1308 4044 1524 4126 Germaniam,
1548 4051 1627 4134 peri-

387 4211 393 4216 .
437 4157 514 4224 cula
536 4160 638 4242 ipsius
660 4164 692 4222 et
714 4158 747 4220 in
770 4176 846 4241 pace
870 4161 1015 4240 suscepto
1040 4157 1143 4219 tutius
1167 4154 1321 4220 bellum.'’

485 4262 582 4328 Haud
612 4263 707 4328 dubie
739 4269 926 4347 corruptum
957 4267 1098 4342 succepto,
1123 4261 1178 4325 sed
1202 4260 1286 4345 quod
1309 4263 1444 4326 coniecit
1465 4261 1626 4327 Victorius

435 4371 636 4458 probantque
659 4369 801 4455 plerique
825 4367 961 4433 editores
984 4374 1125 4449 suspecto,
1151 4369 1325 4432 sevitium
1345 4389 1408 4432 non
1429 4375 1625 4453 personatur.

434 4476 529 4543 Nihil
548 4479 635 4541 enim
653 4497 735 4542 nunc
755 4477 992 4560 comparativus
1010 4472 1105 4536 latiae
1123 4493 1187 4557 qno
1207 4473 1362 4539 referatur
1381 4474 1485 4540 habet.
1505 4476 1626 4562 Legen-

436 4586 519 4651 dnm
548 4602 673 4649 censeo:
704 4602 801 4667 „pace
828 4587 974 4665 suspecta
999 4581 1103 4644 tutius
1125 4578 1268 4644 bellum'’
1296 4582 1318 4644 i.
1338 4601 1365 4645 ι.
1392 4589 1540 4666 apertum
1563 4581 1627 4646 bel·

435 4692 509 4757 lum
539 4694 679 4775 praestat
708 4691 794 4772 paci,
834 4689 867 4751 in
891 4707 954 4772 qua
976 4707 1100 4770 semper
1122 4688 1228 4750 tacitis
1250 4688 1295 4750 sis
1318 4689 1550 4772 suspicionibus
1574 4688 1625 4754 ob·

436 4800 563 4863 noxius.
599 4794 669 4861 Tali
707 4815 816 4860 ravam
851 4814 928 4879 paee
962 4792 1102 4857 Africam
1139 4794 1334 4878 provinciam
1365 4814 1457 4859 usam
1488 4815 1555 4860 esse
1585 4815 1625 4859 ex
