4525 5950
910 710 955 758 sn
977 710 1209 760 mercenariis
1232 711 1372 759 inmun.
1671 694 1735 761 103

532 878 647 940 vimus
672 878 841 940 temeraria
865 875 969 941 rideri
992 879 1104 962 nequit
1126 879 1251 962 opinio,
1276 897 1372 962 quam
1398 880 1466 942 min
1481 900 1533 944 me
1555 878 1738 945 dubitanter

533 981 680 1066 profero,
705 979 847 1046 similem
872 982 925 1046 hic
948 982 1091 1048 obtinere
1115 1004 1253 1048 errorem
1278 989 1374 1068 atque
1394 987 1509 1048 ceteris
1528 1005 1607 1070 quos
1626 990 1737 1050 tracta-

534 1091 649 1152 vimus
666 1085 761 1164 locis,
782 1090 851 1153 sive
873 1091 903 1150 ἐν
924 1088 1051 1166 Πλούτῳ
1076 1089 1340 1168 mxima>
1362 1088 1397 1152 hi
1416 1088 1569 1155 versiculi
1590 1089 1737 1177 legeban-

535 1197 601 1269 tur,
625 1196 695 1257 sive
718 1191 847 1259 aliunde
871 1197 948 1257 sunt
972 1192 1129 1272 desumti;
1159 1214 1232 1258 nam
1263 1196 1362 1258 etiam
1390 1195 1583 1259 Nicostratus
1610 1199 1737 1281 scripsit

536 1297 684 1363 fabulam
708 1303 854 1376 Πλοῦτον,
878 1300 1020 1363 (baticus
1039 1338 1082 1348 -
1102 1306 1141 1364 ut
1162 1300 1306 1365 vidimus
1326 1337 1369 1350 -
1390 1303 1562 1379 Πλαύτους,
1587 1304 1737 1385 Ant-lpha-

537 1427 591 1467 aes
626 1411 659 1468 et
693 1404 842 1468 Ααααέίαα
876 1406 1055 1477 [theoricos.
1089 1405 1130 1470 nt
1160 1404 1194 1469 id
1225 1408 1333 1491 potius
1365 1412 1413 1471 est
1444 1406 1628 1472 mirandum
1652 1407 1736 1493 quod

537 1509 645 1585 hodie,
675 1513 708 1574 in
739 1511 798 1575 hac
829 1512 1092 1576 testimoniorum
1123 1513 1251 1596 inopia,
1283 1517 1453 1596 postquam
1476 1510 1573 1598 longe
1596 1511 1737 1598 plurima

536 1619 661 1700 priscae
685 1619 763 1681 artis
783 1623 992 1681 monumenta
1010 1614 1169 1682 litteraria
1187 1620 1397 1694 interierunt,
1419 1626 1481 1682 octo
1501 1639 1623 1684 errores
1642 1622 1737 1684 certis

536 1725 740 1808 argumentis
771 1728 803 1788 et
834 1721 1034 1788 documentis
1065 1729 1199 1807 possunt
1230 1724 1399 1810 redargui,
1428 1745 1524 1810 qnam
1550 1725 1634 1809 quod
1659 1747 1736 1788 unce

536 1836 638 1893 restat
656 1827 746 1894 locus
766 1831 859 1893 cuius
878 1831 970 1914 origo
991 1849 1048 1893 nos
1068 1827 1177 1893 lateat.
1199 1829 1360 1894 Autnihil
1372 1829 1482 1895 valent
1495 1833 1735 1916 argumentatio

535 1934 704 1999 inductiva
728 1937 864 1999 stratio
887 1933 1124 2021 probabilitatis
1147 1941 1204 2000 aut
1222 1936 1275 2000 hic
1298 1934 1418 2000 valent.

1106 2136 1174 2222 sa.

582 2319 747 2385 Ultimum
778 2319 883 2386 locum
916 2322 944 2383 si
966 2321 1168 2396 omittimus,
1192 2318 1309 2384 Plutus
1332 2321 1486 2386 hactenus
1510 2324 1636 2387 nonnisi
1659 2345 1736 2386 anua

536 2428 698 2511 apparuit.
728 2425 839 2510 ltaque
871 2428 925 2511 qui
958 2428 1060 2510 sapit,
1092 2447 1154 2491 non
1176 2425 1321 2490 multum
1346 2428 1466 2492 tribuet
1490 2427 1614 2493 duobus
1637 2428 1734 2506 locis,

539 2531 596 2595 ubi
630 2536 739 2596 nostra
762 2530 869 2595 fabula
891 2530 1010 2596 dicitur
1036 2531 1166 2607 „Plutus
1188 2532 1308 2595 altero''
1326 2531 1359 2609 ¹).
1384 2532 1411 2596 E
1436 2534 1553 2618 quibus
1575 2532 1653 2598 locis
1676 2534 1735 2598 hoc

537 2657 642 2701 unum
671 2643 776 2722 potest
807 2636 902 2702 effici:
934 2636 1008 2702 inde
1030 2657 1049 2701 a
1072 2636 1211 2702 secundo
1234 2644 1306 2723 post
1330 2636 1405 2704 Chr.
1430 2661 1461 2702 n.
1487 2637 1613 2704 saeculo
1636 2639 1734 2704 fuisse

536 2746 593 2826 qui
626 2748 777 2828 putarent
808 2742 886 2807 duas
916 2742 1139 2827 Aristophanis
1169 2741 1294 2807 fabulas
1331 2780 1368 2791 -
1398 2743 1451 2809 vel
1481 2743 1560 2809 duas
1591 2744 1734 2810 eiusdem

535 2846 664 2913 fabulae
687 2847 842 2913 editiones
865 2885 908 2895 —
931 2847 1010 2913 olim
1033 2847 1124 2912 Pluti
1148 2851 1278 2913 nomine
1303 2849 1485 2934 designatas
1505 2850 1613 2915 fuisse.
1637 2850 1734 2915 Recte

536 2976 590 3020 eos
621 2961 750 3040 putasse
775 2953 849 3019 iude
872 2977 933 3020 uon
957 2957 1114 3040 sequitur,
1139 2954 1283 3042 plerique
1307 2962 1416 3022 autem
1441 2956 1665 3042 Aristophanis
1689 2959 1735 3021 in·

534 3066 690 3144 terpretes
723 3059 881 3136 „Plutum
913 3063 1051 3145 priorem
1082 3066 1114 3126 et
1146 3065 1354 3147 posteriorem
1385 3069 1442 3127 aut
1464 3064 1656 3148 ignorarunt
1679 3069 1734 3127 aut

537 3187 623 3242 „non
647 3165 964 3231 commemorandum
989 3166 1164 3252 putarunt'’
1179 3166 1216 3245 ²).

582 3271 620 3335 Id
652 3292 729 3336 vero
758 3270 940 3337 luculenter
970 3280 1118 3359 apparet,
1152 3294 1257 3337 merae
1289 3294 1356 3338 esse
1389 3276 1596 3350 temeritatis,
1627 3277 1733 3359 siqui

536 3383 664 3441 nostrae
695 3376 820 3441 fabulae
851 3375 941 3442 locus
973 3378 1121 3443 videatur
1151 3378 1345 3462 impeditior,
1371 3379 1449 3443 duas
1472 3380 1626 3443 editiones
1649 3383 1734 3445 iuter

536 3504 568 3547 se
601 3486 776 3567 permixtas
807 3503 873 3547 esse
906 3486 1060 3568 suspicari
1075 3482 1110 3563 ³).
1142 3484 1184 3547 Et
1208 3486 1338 3549 omnino
1362 3487 1470 3549 ieiuna
1493 3488 1558 3548 iam
1582 3485 1733 3549 videntur

535 3608 618 3673 quae
654 3588 691 3652 de
726 3587 920 3653 lectionibus
954 3591 1093 3673 geminis
1134 3585 1339 3657 attor-ob·
1375 3593 1413 3660 ὥς
1436 3588 1480 3670 ⁴),
1522 3593 1731 3654 πλείστων-

536 3696 677 3756 ἀπίστων
691 3693 728 3771 ⁵),
751 3696 867 3766 λήμαις
882 3731 924 3741 -
937 3701 1075 3769 γνώμαις
1091 3693 1128 3772 ⁰),
1151 3694 1335 3769 προθύματα
1350 3697 1574 3769 -θυλήματα
1590 3696 1625 3775 ³),
1646 3696 1730 3766 ἰπνδς

536 3835 578 3846 -
592 3794 661 3869 laroc
677 3798 703 3877 8)
727 3797 863 3882 aliisque
883 3797 1105 3864 huiuscemodi
1125 3820 1142 3863 e
1162 3799 1283 3884 duplici
1304 3799 1429 3866 fabulae
1448 3805 1628 3866 recensione
1647 3823 1732 3887 repe

534 3904 639 3969 tendis
662 3903 753 3968 docts
775 3903 958 3969 mehercule
981 3912 1014 3969 et
1037 3904 1105 3969 fuse
1129 3904 1207 3968 olim
1232 3904 1389 3991 philologi
1414 3907 1627 3991 disputarunt..

579 4009 665 4089 Quid
696 4011 779 4094 quod
811 4009 942 4096 longius
972 4008 1165 4095 longiusque
1196 4032 1214 4074 a
1246 4014 1331 4075 veris
1361 4017 1393 4077 et
1425 4015 1520 4077 certis
1550 4013 1731 4078 aberrantes

531 4115 664 4201 quidam
687 4116 749 4180 sibi
774 4123 997 4200 persuaserunt
1020 4122 1167 4182 nostrum
1187 4116 1323 4181 Plutum
1345 4139 1446 4202 neque
1466 4119 1641 4184 secundum
1663 4140 1730 4184 esse

537 4302 734 4312 ...——-——-

568 4409 595 4470 1)
620 4407 661 4455 Sic
678 4405 829 4455 Herodianus
845 4406 871 4454 in
887 4405 962 4455 schol.
982 4407 1053 4455 Hom.
1072 4408 1165 4465 usal,
1183 4422 1232 4470 qno
1250 4406 1301 4455 loco
1318 4411 1413 4455 nostrae
1432 4407 1525 4456 tabulae
1542 4407 1631 4456 citatur
1647 4423 1729 4457 aanor

529 4489 582 4537 992
601 4488 655 4550 (ubi
673 4489 719 4536 vid.
737 4487 832 4551 schol),
850 4492 874 4536 ct
892 4489 1028 4537 Athenaeus
1047 4489 1121 4549 asad,
1138 4490 1179 4553 qui
1197 4504 1291 4537 versum
1309 4490 1378 4538 affert
1398 4490 1470 4538 1128.

562 4573 593 4634 2)
613 4570 701 4618 Ritteri
719 4570 745 4619 in
763 4585 834 4634 opere
851 4585 906 4619 mox
923 4570 1040 4619 laudando
1058 4571 1115 4619 haec
1132 4575 1189 4620 sunt
1208 4569 1279 4619 verbs
1297 4572 1427 4620 verissima.

562 4655 592 4716 3)
611 4653 640 4700 ld
658 4653 721 4715 quod
738 4653 766 4700 de
784 4667 816 4701 rs.
837 4653 968 4702 tdd-btd
986 4668 1006 4702 e.
1016 4668 1039 4716 g.
1059 4653 1179 4701 statuebat
1198 4653 1310 4701 vVelsen.

561 4737 593 4794 4)
612 4731 652 4781 Vs.
671 4733 725 4783 lle.
995 4735 1021 4796 t)
1042 4734 1082 4782 Vr.
1101 4736 1157 4783 sai.
1410 4735 1439 4796 d)
1458 4734 1497 4784 Vs.
1518 4734 1575 4785 ⁶81.

563 4815 593 4878 Ἰ)
611 4814 651 4863 Vs
671 4815 728 4863 660.
996 4816 1022 4877 8)
1041 4813 1081 4863 Vs.
1098 4817 1156 4866 alo.
