4525 5950
537 687 581 752 50
1047 701 1216 748 operosos.

535 869 639 953 priora
662 867 805 937 δι’δομι
830 867 864 927 in
887 864 994 927 δι’δον
1018 887 1083 938 μοι
1108 870 1233 928 mutata
1260 862 1371 928 Veneri
1393 866 1567 941 tribueret,
1589 865 1627 929 ad
1650 886 1730 949 quae

532 973 623 1037 Paris
655 969 779 1035 malum
810 973 998 1055 porrigens:
1033 970 1081 1031 ἐπὶ
1115 970 1233 1038 τούτοις
1268 969 1429 1044 λάμβανε.
1454 967 1730 1035 Considerandum

535 1083 641 1142 tamen
665 1097 768 1141 annon
792 1077 897 1161 magis
921 1077 1019 1138 etiam
1042 1073 1164 1158 placeat
1189 1074 1301 1144 orsos
1328 1098 1411 1152 μοι,
1436 1076 1521 1160 quod
1541 1083 1574 1140 et
1594 1077 1732 1141 traditae

534 1184 709 1267 scripturae
732 1187 781 1246 est
804 1183 933 1268 propius
958 1189 990 1243 et
1014 1179 1089 1244 deae
1113 1179 1353 1244 subblandienti
1375 1202 1470 1264 quam
1495 1184 1636 1246 maxime
1661 1204 1733 1247 oon-

534 1291 675 1355 veniens.
701 1287 736 1350 In
761 1287 850 1350 21.2
875 1307 931 1371 pro
953 1276 983 1347 ὃν
1009 1286 1233 1364 ἐχεμυθεῖν
1259 1286 1512 1361 ἠπιστάμην,
1537 1290 1613 1371 quia
1633 1291 1733 1352 mani·

534 1395 615 1459 festo
639 1392 801 1458 soloaeum
823 1398 872 1456 est
896 1428 938 1439 —
963 1394 1035 1476 quis
1060 1393 1146 1455 enim
1169 1390 1258 1455 loeus
1282 1397 1330 1456 ast
1353 1389 1532 1457 infinitivo?
1554 1429 1596 1440 —
1617 1414 1733 1479 repone

535 1501 754 1578 ύχὲμιιύον,
787 1505 820 1563 et
852 1495 939 1562 tul
974 1494 1042 1574 ἄρτι
1077 1498 1133 1570 μὲν
1167 1497 1283 1574 νειιρύς,
1308 1496 1376 1576 ἄρτι
1401 1498 1431 1561 δὲ
1456 1498 1518 1566 aa
1543 1500 1624 1561 ε’στιν
1650 1499 1735 1562 ἐκύ-

535 1628 648 1682 τερος
673 1606 771 1668 αὐτῶν
795 1625 853 1689 pro
878 1600 1036 1679 ἅτεροι.
1061 1600 1110 1667 Of.
1136 1602 1244 1667 242:
1270 1605 1312 1667 τύι
1337 1609 1392 1675 τῆς
1417 1603 1523 1675 Λήδας
1543 1602 1638 1667 τέκνα
1659 1607 1733 1681 παρ’

535 1713 649 1787 ἡμέραν
673 1711 869 1788 ἑκάτερος
896 1710 926 1771 ἐν
949 1710 1060 1787 οὐρανῷ
1086 1708 1103 1780 ἢ
1128 1710 1158 1771 ἕν
1182 1705 1256 1790 ᾅδου
1282 1709 1366 1772 εἰσίν.

580 1896 662 1962 Dial.
696 1896 788 1961 Deor.
820 1896 903 1961 Mar.
937 1896 967 1960 4.
981 1894 1012 1959 2.
1045 1895 1201 1960 Proteus:
1231 1897 1268 1959 σὺ
1293 1894 1326 1959 δέ
1351 1921 1421 1973 μοι,
1448 1894 1609 1973 Μενέλαε,
1635 1896 1731 1967 δοκεῖς

535 2004 601 2067 οὐδὲ
635 2003 790 2066 πολύπουν
822 2001 977 2081 ἑορακέναι
1010 2002 1134 2065 πύποτε
1157 2001 1222 2066 οὐδὲ
1247 1992 1260 2063 i
1286 2000 1406 2079 πάσχει
1432 2001 1445 2063 ὃ
1470 2002 1558 2079 ἰχθὺς
1583 1998 1669 2072 οὗτος
1696 2005 1734 2066 εἰ·

535 2109 627 2173 δέναι.
652 2108 834 2172 Menelaus:
869 2107 975 2171 Ἀλλὰ
999 2107 1049 2170 τὸν
1074 2108 1130 2180 μὲν
1155 2107 1310 2171 πολύπουν
1332 2102 1419 2184 εἶδον,
1444 2098 1466 2170 ἃ
1490 2106 1572 2169 ποὶσ
1581 2130 1648 2185 χει
1675 2108 1732 2189 δὲ,

537 2218 656 2287 totae
691 2215 737 2277 οἰν
769 2215 943 2287 μάθοιμι
975 2212 1086 2289 παρα
1112 2217 1188 2276 σοῦ.
1213 2211 1363 2299 Ignorare
1387 2234 1420 2277 se
1444 2220 1593 2277 naturam
1616 2212 1731 2298 polypi

534 2321 585 2384 his
608 2320 715 2384 verbis
740 2319 889 2384 declarat.
915 2317 1019 2397 Quam
1043 2338 1061 2382 a
1085 2318 1201 2382 Proteo
1225 2319 1355 2382 edoctus
1379 2320 1493 2393 ’Φασὶ
1519 2323 1669 2381 ταῦτα·
1698 2320 1732 2381 τὸ

535 2426 564 2490 δὲ
598 2428 648 2490 σὸν
682 2429 785 2504 πολλῷ
816 2423 1065 2503 παραδοξότερον,
1098 2420 1119 2486 ὦ
1153 2429 1287 2501 Πρωτεῦ.
1318 2423 1445 2488 Fieriue
1467 2430 1590 2508 potest,
1615 2432 1652 2489 ut
1677 2430 1732 2510 qui

535 2532 628 2596 modo
652 2552 684 2596 se
709 2533 815 2595 omnia
842 2529 880 2593 de
904 2527 1023 2614 polypo
1047 2531 1167 2592 nescire
1191 2529 1341 2606 dixisset,
1366 2531 1516 2606 ύστριὶιιιν
1540 2534 1733 2600 μεταπεσόν-

535 2662 585 2707 τος
610 2643 777 2720 tamquam
802 2635 840 2700 de
865 2655 898 2698 re
921 2636 1089 2698 notissima
1109 2632 1165 2698 ‘ita
1184 2635 1285 2698 aiunt’
1306 2631 1514 2718 respondeat?
1534 2634 1607 2699 Non
1627 2637 1730 2711 eredo,

534 2748 566 2807 et
585 2745 724 2826 suspieio
746 2741 826 2804 mihi
849 2747 923 2803 nata
943 2748 990 2804 est
1012 2760 1120 2803 veram
1140 2738 1310 2804 lectionem
1330 2742 1447 2804 luisse:
1468 2741 1591 2816 Φύσει
1613 2747 1730 2817 ταῦτα,

533 2849 592 2913 hoe
623 2867 731 2911 sensu:
765 2867 845 2931 quae
876 2853 913 2909 tu
945 2845 983 2908 ds
1014 2845 1133 2930 polypo
1165 2865 1273 2909 narras
1296 2848 1379 2909 mira
1402 2852 1477 2909 sunt
1501 2846 1650 2929 quidem,
1677 2847 1730 2912 sed

532 2954 690 3016 ισοαιιιύιιια
720 2958 873 3028 αριστοπη
908 2959 981 3015 tuae
1012 2971 1086 3014 vero
1110 2951 1406 3037 transfigurationes
1430 2957 1579 3017 naturam
1605 2952 1729 3018 violant

531 3065 564 3123 et
587 3057 692 3122 multo
717 3059 824 3142 magis
847 3062 923 3120 suut
946 3063 1176 3140 praeposterae.

578 3244 658 3310 Ibid.
683 3244 766 3309 8.1:
799 3246 851 3307 sal
883 3243 1057 3321 μέμφομαί
1087 3267 1126 3319 γε
1160 3246 1201 3323 τῷ
1233 3244 1365 3321 Διονύσῳ
1390 3241 1434 3308 ύτι
1462 3244 1545 3318 ὑμᾶς
1570 3271 1728 3312 κατανοο-

532 3356 686 3433 μαχιίσας
707 3350 880 3427 μετέβαλε,
901 3349 964 3413 δέον
989 3349 1195 3427 χειρώσασθαι
1218 3350 1315 3427 μόνον,
1336 3347 1436 3427 ὅσπερ
1461 3350 1552 3423 τοὺς
1573 3351 1727 3424 ἄλλους

534 3459 788 3533 sensaque.
814 3454 935 3518 Immo:
962 3455 1053 3523 τοὺς
1080 3454 1233 3526 ἄλλους
1257 3454 1318 3527 οὓς
1346 3456 1601 3533 ὑπηγάγετο.

577 3644 657 3708 lbid.
687 3643 788 3708 10.2:
822 3643 872 3705 τὸν
904 3642 1052 3718 δράκοντε
1085 3644 1133 3711 δέ.
1160 3640 1190 3711 ὃς
1212 3650 1265 3727 Ινῦν
1291 3643 1438 3718 ἐξοιστρεῖ
1457 3647 1554 3715 αὐτὴν
1578 3647 1726 3722 <ualida

533 3751 622 3832 Quod
655 3753 868 3815 conieceram:
902 3749 1045 3823 σοβῶν,
1078 3748 1110 3812 id
1136 3753 1265 3834 egregie
1289 3751 1494 3815 confirmatur
1520 3772 1614 3816 versu
1637 3754 1727 3815 Anti-

532 3860 633 3942 patris
656 3855 778 3920 Sidonii
798 3856 910 3936 (Anth.
937 3855 989 3931 VI,
1014 3854 1104 3932 219),
1131 3855 1185 3918 ubi
1210 3857 1286 3920 haee
1310 3857 1421 3920 eadem
1442 3857 1539 3920 verba
1558 3859 1727 3922 coniuncta

531 3961 704 4048 leguntur:
731 3960 1011 4037 σεσοβημένος
1037 3958 1192 4038 οἴστρῳ.

580 4127 660 4192 Dial.
686 4127 784 4191 Mort.
806 4126 882 4189 2.1.
907 4124 1003 4190 Pluto
1023 4125 1214 4210 Menippum
1235 4125 1351 4191 leniter
1372 4127 1624 4212 reprehendens,
1646 4130 1730 4215 quod

533 4235 656 4299 Midam
688 4241 720 4297 et
752 4231 905 4298 Croesum
935 4240 967 4295 et
991 4230 1254 4316 Sardanapallum
1280 4234 1427 4296 omuibus
1451 4234 1554 4298 modis
1579 4243 1675 4300 vexet
1699 4244 1731 4301 st

534 4340 691 4405 derideat:
723 4337 796 4399 ἀλλ’
829 4340 860 4399 οὐ
894 4340 971 4414 χρή·
1001 4342 1229 4398 λυποῦνται
1256 4343 1333 4414 γὰρ
1360 4342 1398 4401 ού
1425 4341 1574 4412 μικρῶν
1599 4344 1731 4418 στερύ-

533 4469 656 4518 μενοι.
691 4442 784 4506 Deest
815 4441 936 4525 aliquid
968 4442 1006 4504 ad
1039 4444 1249 4506 seutentiam:
1275 4444 1385 4505 ύιιιιιιιιι
1409 4465 1444 4507 ae
1469 4444 1633 4523 ίορύύιῗοιιιιιιε
1659 4468 1729 4511 esse

532 4552 673 4615 dolorem
705 4547 949 4633 praedicandum
974 4554 1051 4610 erat.
1078 4547 1278 4631 Quapropter
1301 4551 1536 4633 rescripserim:
1564 4556 1735 4615 λυποῦν-

534 4681 600 4719 ται
626 4656 703 4729 yae
727 4656 766 4716 ού
793 4653 926 4726 μάτην
950 4655 990 4715 ού
1015 4660 1164 4728 μικρῶν
1185 4654 1435 4729 στερόμενοι.
1461 4654 1563 4733 Quam
1584 4655 1678 4721 facile
1699 4659 1733 4722 id

534 4761 676 4827 excidere
700 4755 840 4843 poterat!
