4525 5950
654 700 721 764 258
1143 716 1185 762 1111
1208 715 1352 762 01111111.

651 883 793 962 Καρνείου
814 882 1026 947 sacerdotium
1047 902 1227 966 nomenque
1249 881 1380 946 Admeti
1391 881 1510 944 fuerint
1529 880 1732 945 hereditaria.
1756 881 1848 946 Prae·

652 996 755 1067 terea,
788 1011 862 1054 cum
884 1010 999 1053 nomen
1026 987 1214 1058 Θευκλείδας
1240 990 1351 1051 statim
1374 990 1407 1052 in
1432 992 1576 1051 mentem
1602 987 1693 1051 nobis
1716 995 1847 1053 revocet

655 1096 793 1161 Θεοκλέα
819 1095 870 1157 τὸν
895 1098 980 1173 Κρίου
1004 1100 1148 1179 patrem,
1173 1093 1256 1179 apud
1280 1114 1375 1178 quem
1400 1094 1413 1156 ὅ
1436 1094 1569 1161 Οἰκέτας
1593 1094 1733 1170 Κοὶρνενος
1756 1093 1848 1178 Spar·

653 1209 704 1267 111
739 1202 903 1286 refugium
937 1203 1077 1276 invenit,
1114 1206 1237 1264 constat
1271 1199 1351 1263 hanc
1381 1205 1513 1285 gentem
1545 1200 1643 1263 fuisse
1675 1220 1777 1264 unam
1808 1221 1846 1264 11

654 1307 804 1382 Achaeis,
830 1306 1002 1370 Laconicae
1025 1305 1139 1370 incolis
1162 1307 1412 1389 antiquissimis,
1437 1304 1723 1370 untedoriensibus.
1750 1304 1846 1372 (lum-

651 1434 712 1497 que
743 1411 899 1476 Admetus
932 1419 1039 1475 noster
1061 1431 1079 1475 1
1102 1411 1278 1475 maioribus
1302 1414 1357 1495 qui
1379 1409 1464 1475 claro
1488 1410 1671 1475 fruerentur
1692 1413 1727 1474 in
1751 1410 1846 1476 Thes

652 1518 730 1584 11111
760 1520 889 1583 nomine
913 1538 948 1581 ac
972 1518 1057 1582 fama
1081 1538 1113 1580 11
1138 1516 1325 1581 descendere
1348 1517 1530 1601 perhibeat,
1555 1539 1617 1581 non
1641 1520 1710 1582 sine
1735 1519 1844 1602 proba·

651 1625 776 1689 bilitate
799 1623 1027 1688 contendemus
1051 1625 1289 1687 vetustissimos
1311 1622 1385 1686 illos
1409 1622 1582 1688 Laconicae
1605 1622 1745 1701 incolas,
1767 1645 1842 1708 qnos

651 1732 816 1816 hucusque
838 1727 1040 1794 Achaeorum
1063 1729 1278 1794 indicavimus
1299 1732 1445 1808 nomine,
1465 1729 1563 1793 fuisse
1582 1751 1693 1795 revera
1713 1740 1841 1815 gentem

650 1835 881 1913 Thessalicum,
906 1835 1037 1899 fortasse
1059 1834 1201 1921 Minyas.
1225 1834 1405 1900 Thessalica
1428 1837 1531 1922 igitur
1555 1835 1619 1899 fuit
1637 1839 1744 1913 natio,
1766 1857 1839 1921 quae

650 1943 787 2006 navibus
817 1943 884 2005 suis
915 1938 1011 2004 litora
1039 1940 1151 2026 legens
1176 1938 1344 2017 Graeciae,
1371 1941 1498 2005 tandem
1521 1943 1555 2004 in
1579 1941 1770 2006 Laconicam
1794 1963 1840 2025 ap

653 2045 745 2132 pulsa
769 2045 910 2111 condidit
933 2045 1090 2110 coloniam
1114 2046 1253 2131 deosque
1280 2067 1354 2110 suos
1381 2049 1579 2131 importavit.
1609 2045 1663 2111 Sic
1687 2048 1839 2112 Admetus

655 2152 768 2217 Pheris
791 2154 881 2217 venit
905 2151 1063 2237 Spartam.

700 2258 792 2322 Nunc
812 2256 1034 2342 intellegimus
1054 2278 1111 2322 cur
1130 2260 1302 2322 maritimis
1322 2261 1507 2343 praesertim
1528 2260 1562 2322 in
1584 2259 1718 2324 urbibus
1735 2257 1838 2326 Oernei

654 2366 837 2428 inveniatur
860 2361 967 2427 cultus
975 2384 983 2441 ;
1008 2367 1120 2428 curin
1144 2362 1330 2450 Sicyonium
1354 2367 1407 2429 via
1430 2364 1565 2429 fortasse
1588 2369 1734 2429 terrestri
1757 2387 1839 2451 pene

655 2472 788 2533 traverit
811 2491 828 2534 e
851 2469 1001 2546 Boeotia,
1026 2469 1154 2534 sedibus
1177 2470 1367 2556 Minyarum
1391 2473 1634 2555 antiquissimis.

700 2575 762 2641 Sed
794 2597 832 2640 ne
863 2575 997 2639 celerius
1027 2595 1121 2660 egere
1154 2575 1332 2652 videamur,
1364 2576 1496 2640 Pindari
1526 2575 1697 2642 volvamus
1720 2599 1838 2643 carmen

654 2683 830 2770 Pythicum
855 2684 1022 2766 quintum,
1047 2682 1102 2746 ubi
1126 2680 1268 2767 legimus
1293 2703 1351 2746 ves.
1378 2680 1420 2747 78
1432 2703 1499 2766 sqq.

791 2788 824 2850 τὸ
850 2787 875 2851 δ’
901 2788 973 2862 ἐμὸν
997 2787 1142 2866 γαρύοντ’
1167 2789 1229 2851 einh
1256 2788 1405 2867 Σποὶρτας
1432 2789 1579 2866 ἐπήρατον
1606 2790 1712 2858 κλέος·

791 2890 853 2956 ὅθεν
878 2893 1097 2969 γεγενναμένοι

789 2997 885 3064 ἵκοντο
911 3000 1044 3075 Θήρανδε
1069 3005 1172 3080 Φῶτες
1199 3000 1363 3078 Αἰγεΐδαι,

791 3105 857 3182 ἐμοὶ
885 3106 1035 3184 πέτερες,
1060 3107 1092 3169 οὖ
1118 3108 1187 3170 θεῶν
1212 3104 1303 3185 ἄτερ,
1329 3108 1416 3169 ἀλλὰ
1441 3105 1532 3182 μοῖρά
1557 3131 1603 3177 τις
1628 3105 1710 3184 οἶγεν

791 3212 959 3275 πολύθυτον
984 3211 1094 3287 ἔρανον.

791 3314 869 3379 ἔνθεν
893 3316 1134 3394 ἀναδεξάμενον,

788 3428 959 3499 Ἄπολλον,
984 3430 1041 3504 τεᾷ

792 3528 914 3607 Καρνήϊ’
941 3531 970 3591 ἐν
994 3528 1073 3592 δαιτὶ
1100 3528 1266 3608 σεβίζομεν

792 3633 929 3711 Κυράνας
955 3633 1174 3710 ἀγακτιμέναν
1200 3634 1298 3699 πόλιν.

652 3742 674 3805 i.
697 3760 723 3804 1.
747 3760 873 3815 „meam
897 3738 1036 3823 gloriam
1059 3761 1169 3804 omnes
1194 3762 1211 3805 e
1235 3740 1350 3825 Sparta
1373 3760 1441 3805 esse
1464 3739 1650 3825 perhibent,
1674 3739 1760 3805 unde
1784 3744 1842 3805 orti

653 3844 793 3929 Aegidae
821 3850 927 3929 patres
950 3848 1015 3908 mei
1038 3866 1099 3908 non
1123 3848 1190 3908 sine
1214 3845 1346 3910 deorum
1371 3844 1491 3910 auxilio
1515 3844 1651 3909 'Pheram
1676 3855 1841 3911 venerunt.

653 3949 735 4014 Nam
768 3950 871 4014 1111111
895 3972 948 4014 101
973 3950 1065 4014 duxit
1089 3971 1200 4015 cenam
1225 3951 1418 4016 collaticium
1442 3958 1581 4036 agentes.
1608 3949 1712 4015 Thera
1735 3959 1841 4017 autem

652 4078 691 4120 ex
715 4054 821 4120 insula
844 4054 1003 4142 Cyrenem
1026 4057 1085 4120 hoc
1110 4078 1198 4121 more
1223 4055 1355 4134 tralato,
1378 4057 1476 4121 lautis
1500 4079 1518 4121 0
1541 4055 1656 4141 Apollo
1676 4058 1782 4143 epulis
1800 4059 1842 4123 ibi

653 4184 777 4247 quoque
802 4159 922 4227 Caroea
946 4170 1001 4226 tna
1025 4161 1257 4227 celebramus.”

699 4268 778 4347 Quis
801 4269 853 4332 hic
875 4265 1037 4352 loquiturl
1061 4267 1263 4332 Dissentinnt
1282 4288 1313 4332 v.
1333 4268 1380 4344 d.;
1402 4272 1477 4331 sunt
1496 4269 1583 4332 enim
1597 4270 1685 4332 -in
1705 4290 1842 4353 quorum

653 4396 787 4439 numero
820 4374 1011 4460 signiferum
1043 4376 1112 4459 agit
1143 4373 1271 4438 Boeckh
1297 4412 1339 4421 -
1365 4376 1420 4458 qui
1451 4379 1566 4459 putent
1590 4382 1712 4456 poetam
1743 4376 1782 4440 de
1811 4396 1841 4439 se

653 4485 722 4567 ipso
746 4481 847 4545 facere
871 4480 982 4557 verba,
1008 4486 1045 4543 ut
1068 4500 1106 4542 ex
1130 4479 1324 4566 Aegidarum
1351 4486 1447 4564 gente
1471 4486 1578 4545 ortum
1599 4502 1721 4547 111111
1741 4502 1843 4547 coram

655 4587 803 4651 omnibus
834 4587 1036 4670 pronuntiet;
1069 4585 1184 4669 quibus
1217 4584 1357 4650 oblocuti
1383 4585 1589 4650 Hermannus
1613 4595 1645 4650 11
1669 4585 1727 4651 1111
1751 4588 1844 4652 verbs

651 4692 782 4758 laudata
812 4691 960 4754 choreutie
992 4691 1029 4755 de
1061 4711 1094 4755 se
1125 4693 1204 4776 ipsis
1228 4691 1434 4776 loquentibus
1458 4694 1659 4778 impertiunt.
1684 4692 1844 4778 Equidem

654 4796 763 4862 nullus
795 4797 944 4861 dubitans
974 4796 1199 4863 Hermannum
1229 4819 1352 4883 sequor.
1384 4798 1551 4864 Faciamus
1575 4801 1662 4863 enim
1685 4799 1844 4887 Aegidam
