4525 5950
644 686 711 755 218
1011 644 1014 650 ¹
1160 709 1314 758 nostros.

646 890 843 936 numanam
874 875 1015 939 munivit
1045 873 1216 961 exemplis,
1249 874 1303 940 sed
1334 874 1524 962 plerumque
1554 875 1661 954 salsis,
1684 883 1724 942 nt
1747 876 1782 944 h.
1802 876 1837 954 1.,

642 977 700 1042 uhi
724 979 890 1056 „inventi”
915 981 1057 1046 rubieota
1079 982 1176 1047 hahet
1200 983 1352 1060 ,domus,
1377 1004 1466 1061 uxor,
1490 983 1615 1048 liberi.”

687 1147 717 1211 4.
734 1145 786 1211 36.
814 1145 1072 1223 „Gandemus
1095 1152 1229 1226 nostris,
1253 1149 1525 1236 gratulamur
1548 1149 1679 1228 alienis,
1706 1158 1747 1215 ut
1772 1150 1841 1217 Sal-

641 1250 777 1317 lustius:
809 1257 859 1330 „ei
882 1277 959 1320 voce
981 1277 1100 1343 magna
1122 1257 1328 1322 vehementer
1350 1255 1596 1343 gratulabantur
1617 1258 1669 1336 (fr.
1699 1257 1839 1335 Hist.)”.

645 1357 828 1426 Differentia
851 1364 958 1446 inepte
980 1360 1088 1440 illata,
1112 1384 1186 1428 nam
1209 1366 1242 1427 in
1262 1369 1352 1427 textu
1371 1362 1492 1449 legitur
1513 1371 1641 1428 tantum
1663 1363 1838 1449 „gaudeo”

643 1469 772 1552 proprio
816 1489 926 1544 sensu;
969 1491 1061 1553 porro
1096 1468 1281 1554 exemplum
1317 1468 1397 1534 nihil
1431 1470 1561 1555 probat,
1596 1471 1739 1556 denique
1777 1471 1840 1536 Ph.

642 1572 803 1659 gaudeo
834 1575 865 1639 h.
889 1574 911 1638 l.
944 1597 1000 1661 pro
1025 1574 1243 1663 gratulari
1266 1580 1405 1661 sumpsit
1429 1596 1612 1661 perperam,
1638 1583 1676 1641 ut
1701 1585 1842 1663 apparet

642 1700 681 1744 ex
714 1683 782 1745 eins
814 1680 933 1746 scholio
956 1681 1041 1766 quod
1064 1685 1210 1766 sequitur
1234 1681 1300 1760 (ὣς
1325 1685 1484 1747 ineertnm
1508 1692 1619 1746 utrum
1643 1685 1702 1766 qni
1729 1693 1843 1768 gratn-

642 1785 729 1851 latnr
757 1785 845 1853 Simo
876 1789 934 1865 sit,
971 1791 1119 1872 quamvis
1149 1787 1341 1873 Pamphilus
1373 1786 1575 1872 respondeat:
1607 1794 1719 1873 potest
1752 1792 1842 1853 enim

643 1901 733 1979 pater
767 1902 799 1958 et
833 1890 985 1959 Chremes
1020 1895 1132 1959 videri.
1225 1894 1328 1974 Quam
1371 1901 1475 1958 totum
1517 1894 1576 1958 hoo
1618 1891 1744 1958 falsum
1781 1898 1843 1972 sit,

644 2021 737 2065 namo
770 2022 830 2065 non
862 2000 960 2065 videt.
985 2001 1035 2064 Ad
1058 2022 1104 2065 vs.
1130 2000 1173 2065 43
1197 2002 1283 2066 idem
1308 2004 1442 2085 repetit:
1466 2021 1562 2086 supra
1585 1999 1844 2068 adnotavimus:

644 2109 760 2171 nostris
779 2107 980 2193 gandera,
1001 2106 1113 2172 alienis
1131 2105 1358 2194 gratulari.
1378 2106 1552 2172 Sallustius
1572 2113 1631 2172 eto.
1651 2108 1847 2194 Ampliavit

643 2212 702 2278 hoo
739 2211 822 2277 alins
858 2216 1013 2299 magister
1045 2214 1204 2278 addendo:
1242 2212 1317 2298 plns
1354 2220 1402 2278 est
1441 2235 1516 2300 ergo
1555 2212 1699 2300 gandme
1743 2236 1844 2301 quam

645 2317 810 2396 „laetari”.

689 2486 946 2552 Differentiamm
971 2509 1086 2575 agmen
1110 2487 1239 2554 claudat
1256 2490 1383 2574 insigne
1403 2485 1587 2572 exemplum
1608 2486 1847 2575 philosophans

643 2596 686 2658 tis
710 2596 869 2680 magistri.
894 2593 944 2658 hd
969 2595 1063 2658 verba
1086 2591 1235 2660 Charini:
1306 2654 1313 2673 ,

645 2698 671 2761 V
696 2699 726 2764 5.
740 2698 770 2764 3.
795 2699 866 2784 Ego
889 2699 1021 2765 deorum
1044 2703 1146 2765 vitam
1169 2707 1334 2787 eapropter
1357 2702 1583 2784 sempiternam
1601 2719 1670 2764 esse
1692 2702 1846 2780 arbitror,

794 2806 885 2887 Quod
908 2807 1092 2893 voluptates
1116 2828 1228 2872 eorum
1252 2809 1394 2892 propriae
1418 2809 1500 2890 sint,

645 2912 810 2979 adnotavit
833 2914 927 2979 haee:

690 3018 792 3085 Omns
827 3020 912 3105 quod
933 3021 1102 3087 habemur
1130 3028 1187 3086 ant
1217 3028 1406 3085 mutuum
1436 3026 1485 3085 est
1515 3028 1571 3084 aut
1603 3025 1840 3105 proprium.

644 3127 838 3192 Mutuum
869 3134 933 3205 est,
968 3126 1121 3212 quioquid
1149 3127 1188 3193 ad
1220 3134 1348 3212 tempus
1370 3127 1524 3192 hahemus
1547 3147 1602 3191 nse
1626 3128 1839 3209 postmodum

643 3240 790 3297 nostrum
822 3234 969 3297 futurum
1002 3237 1061 3312 sit,
1086 3240 1124 3298 ut
1146 3232 1242 3311 villa,
1266 3233 1397 3309 domus,
1421 3255 1511 3309 uxor,
1536 3231 1594 3297 filii
1619 3240 1651 3296 et
1678 3236 1839 3298 oeterain

644 3341 729 3404 huno
760 3339 910 3415 modum,
941 3342 1172 3425 proprium,
1206 3347 1242 3403 nt
1268 3342 1370 3404 virtus
1395 3341 1510 3416 animi,
1535 3346 1583 3403 est
1606 3338 1736 3404 bonum
1761 3361 1838 3405 sem·

645 3448 824 3531 piternum,
861 3446 945 3530 quod
980 3448 1106 3530 proprie
1141 3446 1180 3509 de
1214 3445 1275 3509 diis
1308 3445 1442 3521 dieitur,
1486 3467 1547 3508 non
1582 3447 1671 3508 enim
1711 3444 1838 3511 aliunde

645 3561 820 3628 venerunt,
845 3551 899 3616 sed
924 3553 1008 3637 apud
1031 3573 1064 3616 se
1087 3556 1174 3636 ipsos
1198 3559 1273 3616 sunt
1292 3572 1426 3636 semper.
1446 3550 1488 3615 lat
1507 3550 1689 3637 Epicurum
1711 3559 1838 3617 secutus

644 3658 704 3723 hoe
727 3657 818 3722 dixit.
844 3658 975 3743 Proprie
999 3680 1075 3745 ergo
1099 3658 1137 3723 de
1161 3658 1222 3721 diis
1243 3656 1517 3743 „sempiternum”
1538 3656 1638 3732 dixit,
1657 3678 1739 3721 nam
1760 3661 1839 3722 inter

646 3766 877 3849 sempiternum
903 3773 934 3829 et
958 3775 1150 3850 perpetuum
1170 3765 1230 3830 hoe
1249 3767 1399 3840 interest,
1419 3763 1504 3848 quod
1526 3766 1836 3847 sempiternum

646 3870 685 3934 ad
709 3870 803 3946 deos,
828 3877 1079 3956 perpetuum
1104 3873 1230 3955 proprie
1253 3868 1292 3935 ad
1315 3870 1460 3935 homines
1483 3872 1632 3955 pertinet.

690 3975 817 4041 Similia
841 3979 904 4041 iam
930 3976 1058 4040 dederat
1082 3976 1122 4041 ad
1145 3975 1188 4041 IV
1213 3975 1275 4040 3.1
1302 3976 1358 4040 uhi
1381 3975 1504 4061 Mysis:

938 4081 1033 4148 Nilne
1057 4104 1124 4147 esse
1148 4085 1313 4167 proprium
1338 4078 1529 4166 quoiquam!

648 4187 749 4252 Omne
772 4188 856 4271 qnod
881 4188 1035 4253 habemus
1058 4196 1114 4253 ant
1138 4198 1328 4251 mutuum
1352 4197 1400 4251 est
1423 4195 1480 4250 aut
1502 4188 1747 4270 proprium,
1769 4209 1841 4275 ergo

651 4295 856 4379 „proprium”
891 4304 1081 4380 perpetuum
1098 4295 1130 4372 ¹),
1163 4302 1199 4358 ut
1230 4297 1377 4381 „propria
1409 4294 1485 4359 haee
1516 4295 1544 4357 si
1572 4291 1655 4358 dona
1681 4295 1840 4361 fuissent”

648 4400 757 4487 (Verg.
784 4399 825 4465 Vl
850 4400 939 4481 871).
971 4400 1057 4487 Ergo
1081 4400 1162 4464 nihil
1186 4401 1275 4465 nobis
1298 4403 1464 4485 proprium
1488 4419 1555 4464 esse
1578 4406 1746 4483 potsst—
1761 4400 1843 4488 qnod

649 4510 735 4571 enim
765 4529 827 4572 non
861 4507 939 4584 fuit,
973 4527 1012 4570 ne
1036 4528 1102 4571 esse
1126 4506 1254 4591 quidem
1280 4514 1399 4591 potest,
1424 4512 1480 4570 ant
1502 4504 1588 4589 qnod
1612 4507 1698 4591 eripi
1722 4517 1843 4594 potest,

652 4635 714 4678 non
745 4621 793 4678 est
824 4626 970 4677 nostrum
997 4651 1039 4660 -
1063 4615 1126 4677 nisi
1155 4612 1212 4677 ille
1243 4633 1324 4697 quae
1353 4614 1433 4697 eripi
1463 4632 1526 4675 non
1557 4621 1712 4696 possunt,
1737 4627 1779 4680 ut
1801 4636 1845 4680 se-

679 4844 705 4906 l)
723 4843 835 4891 Wessn.
855 4842 915 4890 haee
932 4840 980 4890 tria
995 4840 1065 4891 verbe
1082 4840 1123 4890 elii
1141 4841 1255 4905 magistro
1272 4840 1349 4900 dedit,
1365 4840 1443 4889 minus
1460 4842 1536 4900 reste,
1555 4843 1581 4888 nt
1600 4840 1698 4905 opinor.
