4525 5950
1036 700 1078 747 na
1101 699 1245 747 cananis.
1672 679 1737 746 255

536 864 657 940 ἄτιμος
689 863 822 940 ἐξηλάθη
856 870 910 936 τῆς
943 866 1065 944 χώρας,
1090 884 1108 928 e
1131 864 1339 930 Doriensibns
1364 885 1440 930 voce
1465 864 1570 928 dorica
1594 885 1661 929 esee
1686 886 1738 950 ap-

538 970 700 1057 pellatum
725 971 776 1033 τὸν
801 972 932 1048 ἆγητήν.
958 970 1094 1037 (luinam
1120 979 1230 1036 autem
1254 974 1380 1036 numini
1404 992 1491 1036 sacer
1514 969 1602 1037 erat?
1633 972 1737 1036 Nimi-

537 1099 617 1142 rum
648 1075 811 1162 Apollini!
843 1077 1001 1142 exclamat
1030 1078 1210 1156 Meursius3
1243 1079 1419 1142 scribamus
1450 1080 1554 1164 igitur
1581 1082 1635 1142 τοῦ
1660 1080 1736 1143 θεοῦ.

538 1183 691 1269 Speciem
716 1184 828 1259 habet,
853 1205 914 1248 non
937 1204 1036 1269 nego;
1062 1184 1117 1248 sed
1140 1205 1214 1248 cum
1235 1183 1381 1248 recordor
1399 1184 1441 1246 τὰ
1463 1186 1592 1262 Κάρνεια
1611 1187 1737 1270 proprie

539 1311 613 1355 esse
647 1289 763 1354 ludum
796 1297 853 1352 τῶν
889 1289 1081 1368 κερσσφόρων
1114 1293 1194 1368 θεῶν,
1227 1291 1286 1355 sub
1320 1289 1497 1375 plenilunio
1528 1297 1654 1367 actum,
1680 1292 1737 1355 ubi

540 1397 637 1461 Luna
667 1394 888 1481 resplendens,
920 1399 1048 1461 cuinam
1080 1399 1250 1481 praecipue
1274 1396 1408 1460 honores
1431 1395 1630 1473 deberentur,
1655 1396 1738 1460 nulli

538 1526 605 1568 non
629 1504 663 1566 in
687 1507 828 1567 mentem
852 1510 1032 1579 revocaret,
1057 1504 1113 1567 ubi
1138 1502 1270 1587 Apollo,
1300 1509 1338 1566 ut
1361 1505 1407 1567 ita
1431 1501 1552 1579 dicam,
1578 1502 1737 1567 recederet

537 1613 572 1674 in
601 1609 766 1686 umbram,
792 1606 939 1692 equidem
964 1611 1217 1673 coniecturarum
1241 1610 1275 1672 in
1299 1610 1393 1673 rebus
1417 1615 1482 1673 tam
1502 1611 1621 1694 ignotis
1641 1614 1737 1692 atque

537 1717 685 1781 obscuris
715 1717 849 1779 minime
879 1717 1139 1792 amantissimus,
1173 1735 1286 1802 rogare
1310 1714 1426 1792 velim,
1452 1734 1554 1778 annon
1579 1714 1660 1779 forte
1683 1736 1736 1799 po-

537 1819 639 1906 pulus
659 1819 781 1884 verbie:
804 1820 839 1897 „6
859 1819 1013 1896 ἱερωμένσς
1034 1827 1087 1891 τῆς
1111 1821 1200 1884 lew
1220 1822 1351 1885 brevius
1372 1820 1735 1906 significarithominem

537 1927 655 2011 quiin
679 1923 787 1988 Lunae
811 1923 894 2002 ἑορτῇ
919 1923 1080 2010 Hippotae
1104 1925 1201 1990 ferret
1226 1945 1402 2011 personam.

585 2029 647 2095 Sed
673 2029 711 2094 de
735 2030 820 2094 hisce
843 2031 908 2093 iam
933 2033 1020 2096 satis.

586 2135 794 2200 Doriensium
830 2134 961 2220 Apollo,
998 2138 1054 2221 qui
1085 2136 1223 2201 ultimus
1255 2140 1347 2202 iuxta
1378 2136 1522 2214 hunam,
1556 2135 1734 2216 Oameum,

537 2240 756 2318 Chthoniam,
789 2240 970 2328 Dionysum
1001 2242 1110 2307 locum
1142 2245 1176 2306 in
1208 2240 1338 2308 Carneis
1370 2244 1552 2320 obtinebat,
1586 2245 1736 2308 audiebat

537 2347 652 2429 Apollo
679 2348 809 2422 Carcoe,
835 2346 931 2412 donec
951 2368 1025 2412 cum
1047 2345 1168 2413 (larneo
1188 2347 1319 2425 coaluit,
1342 2347 1454 2413 deinde
1474 2349 1582 2430 Apollo
1606 2351 1736 2413 Carum

536 2452 645 2517 factus
676 2459 733 2516 est.
766 2451 888 2517 Iniuria
917 2455 1022 2538 igitur
1056 2452 1163 2538 Bergk
1187 2451 1210 2531 ¹)
1242 2453 1326 2538 apud
1361 2453 1540 2518 Praxillam
1577 2456 1733 2538 poetriam

535 2558 745 2644 Sicyoniam,
771 2578 850 2642 quae
871 2596 913 2605 -
934 2565 972 2622 ut
992 2559 1135 2623 vidimus
1155 2580 1251 2644 supra
1272 2597 1314 2605 -
1335 2562 1596 2644 antiquissimum
1617 2559 1734 2625 Achae·
1841 2621 1843 2624 ,

537 2685 634 2730 orum
658 2664 790 2728 canebat
815 2664 928 2740 deum,
953 2664 1189 2729 restituendum
1214 2668 1338 2730 censuit
1363 2668 1475 2746 Κάρσος
1499 2688 1556 2752 pro
1581 2665 1733 2744 Κάρνειος.

536 2770 599 2835 Ille
622 2776 733 2834 autem
757 2769 871 2855 Apollo
894 2768 980 2835 diem
1004 2771 1123 2835 festum
1146 2773 1354 2856 pastoricium
1377 2809 1417 2819 —
1439 2773 1505 2836 iam
1526 2772 1564 2835 ab
1584 2771 1733 2856 agricolis

535 2878 632 2941 noris
662 2877 863 2941 caerimoniis
894 2875 933 2941 ad
964 2875 1101 2962 Dionysi
1124 2875 1249 2941 cultum
1273 2878 1507 2961 pertinentibus
1530 2884 1663 2942 auctum
1691 2915 1731 2925 -

535 2986 631 3049 auxit
655 3003 738 3048 novo
762 3003 851 3046 more
873 2988 926 3045 τοῦ
953 2982 1136 3046 ἱλάσκεσθαι
1161 2984 1211 3046 τὸν
1236 2984 1309 3047 θεόν.

585 3089 775 3154 Rectissime
799 3088 942 3154 Rohdius
966 3088 1045 3154 olim
1069 3088 1290 3170 observavia2)
1313 3093 1460 3175 antiquos
1480 3090 1637 3170 Achaeos,
1659 3113 1733 3176 qua-

534 3196 585 3261 les
621 3195 739 3279 depicti
773 3204 848 3259 sunt
883 3194 967 3280 apud
1004 3195 1202 3273 Homerum,
1239 3197 1378 3261 caruisse
1409 3196 1521 3261 diebus
1553 3197 1642 3261 festis
1677 3200 1733 3281 qui

533 3321 691 3388 germana
716 3321 791 3365 voce
814 3299 971 3386 appellari
994 3300 1116 3366 soleant
1140 3302 1311 3387 Sllnfeele.
1336 3302 1470 3388 Scripsit
1493 3303 1589 3367 rerba
1613 3323 1732 3368 memo·

534 3413 611 3472 ratu
645 3406 835 3492 dignissima
866 3405 960 3471 haec:
994 3406 1075 3484 „Die
1102 3407 1308 3495 Ausbildung
1331 3408 1396 3472 und
1423 3407 1630 3472 wiicherende
1654 3409 1733 3472 Aue-

533 3515 690 3597 breitung
713 3511 769 3577 der
790 3514 825 3575 in
848 3511 907 3576 den
931 3513 1151 3578 homerischen
1176 3511 1355 3578 Gedichten
1375 3513 1473 3578 haum
1493 3516 1526 3577 in
1547 3512 1607 3578 den
1627 3521 1729 3580 ersten

531 3618 675 3684 leichten
711 3618 948 3704 Andeutungen
982 3619 1050 3684 sich
1085 3619 1355 3705 enhiindigenden
1386 3618 1632 3707 Vorstellungen
1668 3643 1729 3687 von

531 3723 661 3789 uberali
691 3722 866 3789 drohender
889 3723 1085 3810 Beflechung
1108 3724 1174 3788 und
1198 3724 1292 3789 deren
1317 3725 1530 3812 Beseitigung
1554 3727 1654 3791 durch
1679 3727 1729 3792 die

531 3828 648 3895 Mittel
679 3832 766 3893 einer
791 3828 963 3916 religidsen
987 3830 1307 3916 Reinigungslrunst,
1331 3834 1372 3894 ist
1398 3834 1447 3895 ein
1472 3831 1728 3916 Haupthennzei-

531 3936 615 4000 chen
634 3935 689 3999 der
709 3934 990 4020 angstbeflissenen
1011 3937 1090 4001 iiber
1110 3937 1161 4001 die
1180 3935 1363 4001 Heilmittel
1384 3937 1438 4000 des
1458 3958 1519 4001 von
1539 3937 1598 4026 den
1611 3936 1728 4003 Vitem

529 4043 678 4107 ererbten
704 4039 820 4107 Cultus
844 4042 1145 4128 hinausgreifenden
1169 4042 1407 4128 Frbmmiglreit
1430 4043 1729 4109 nachhomerischer

529 4146 635 4211 Zeit''.
671 4146 721 4211 Ita
757 4152 822 4224 est,
858 4168 933 4212 nam
965 4151 1020 4232 qui
1052 4148 1212 4213 homerica
1243 4154 1347 4213 aetate
1378 4152 1562 4233 quempiam
1585 4152 1726 4224 necavit,

530 4254 670 4337 pecunia
694 4251 768 4316 deta
791 4255 880 4317 omni
904 4260 1032 4337 peccato
1056 4252 1251 4319 absolvitur:

674 4357 725 4421 καὶ
750 4359 774 4437 ῤ’
799 4349 812 4420 ὃ
838 4359 894 4433 μὲν
919 4359 947 4421 ἐν
973 4359 1057 4439 δήμῳ
1081 4361 1165 4433 μένει
1191 4359 1296 4423 αὐτόθι
1321 4360 1413 4423 πόλλ’
1438 4361 1605 4429 ἀποτίσας.

528 4463 683 4542 Quinimo
704 4462 974 4550 Theoclymenue‚
995 4464 1071 4530 licet
1091 4463 1280 4530 Telemacho
1293 4464 1481 4529 sacrificanti
1494 4467 1727 4550 appropinquet

566 4723 588 4783 l)
609 4722 677 4771 Poet.
694 4721 750 4783 hyr.
768 4721 823 4769 111·
843 4738 867 4786 p.
886 4722 943 4771 508.

564 4805 589 4864 2)
606 4802 698 4866 Psyche
718 4803 742 4851 11
761 4819 785 4868 p.
802 4803 842 4853 51.
