4525 5950
533 690 598 757 362
915 711 958 757 iu
981 711 1114 759 unucnu
1138 711 1335 758 inconmuu.

576 876 633 941 IX.
658 877 718 940 21:
744 877 796 940 eei
821 877 883 955 γοδς
908 877 1020 942 ποήπων
1043 880 1134 941 πᾶσα
1153 877 1338 955 μεταβολή,
1358 876 1507 956 θάνατος,
1527 877 1586 942 nbi
1603 877 1717 942 Beiske

531 990 638 1047 πασῶν
662 983 768 1049 voluit
783 982 817 1064 ¹).

577 1088 634 1153 lx.
660 1088 720 1154 42:
744 1091 797 1154 οὐκ
822 1091 911 1170 οἱοκεῖ
931 1088 1046 1172 τούτῳ,
1072 1084 1117 1155 dre
1142 1091 1225 1154 κατὰ
1249 1090 1344 1170 Φύσιν
1368 1092 1423 1165 τήν
1442 1092 1498 1165 σήν
1517 1114 1547 1155 πι
1569 1088 1718 1170 ἔπραξας,

532 1195 589 1260 ubi
612 1194 794 1260 Schultcius
817 1198 895 1276 ιἰρκῇ
918 1195 1011 1282 legit.

570 1302 618 1366 X.
644 1301 703 1367 28:
729 1299 826 1377 ὅμοιον
852 1302 903 1365 καὶ
928 1302 942 1365 d
966 1299 1097 1381 οἰμώζων
1122 1299 1173 1365 ε’πὶ
1198 1306 1251 1366 ποῦ
1276 1302 1417 1367 κλινιδίου
1436 1301 1524 1377 μόνος
1544 1311 1645 1382 σιωπή
1666 1304 1718 1374 σήν

533 1406 643 1472 ἔνδεσιν
677 1410 777 1483 ήμῶν·
815 1408 866 1472 καὶ
902 1406 948 1473 ἔτι
980 1408 1060 1488 μόνῳ
1091 1410 1145 1488 τῷ·
1164 1410 1278 1488 λογικῷ
1310 1407 1372 1490 ζῴῳ
1403 1407 1523 1472 δέδοται
1554 1409 1633 1485 aad„
1665 1409 1720 1473 nbi

532 1512 674 1580 Gatalrer
705 1517 907 1601 interpunxit
930 1522 1002 1600 post
1024 1524 1141 1597 σιωπῇ,
1166 1515 1278 1580 deinde
1301 1515 1464 1602 supplevit
1487 1516 1644 1590 ἐπινόησον
1669 1519 1721 1591 τήν

532 1619 643 1684 ἔνδοσιν
676 1622 769 1699 ήμῶν,
802 1643 865 1707 quo
895 1621 978 1687 facto
1009 1620 1098 1687 locus
1130 1642 1214 1686 unus
1244 1625 1390 1687 omnium
1420 1622 1663 1709 pulcherrimus
1692 1629 1724 1688 et

531 1727 800 1813 profundissimus
824 1727 951 1794 tandem
974 1727 1135 1794 elucescit.

576 1832 651 1899 XII.
676 1832 736 1898 31:
761 1835 795 1898 ri
820 1832 968 1909 αὔξεσθαι
977 1854 985 1912 ;
1010 1835 1044 1898 rd
1069 1837 1178 1911 λήγειν
1203 1829 1306 1913 adim
1332 1835 1366 1900 πδ
1386 1843 1472 1916 Φωνή
1492 1837 1645 1916 mairiam
1668 1835 1722 1900 ubi

533 1937 667 2006 Oasaub.
693 1942 727 2005 rt
748 1942 1007 2021 nenecessitatem
1032 1941 1080 2024 [ri
1105 1950 1192 2022 φωνή
1217 1944 1366 2024 χρῆσθαι]
1390 1939 1483 2028 legit.

579 2138 766 2225 Sequuntur
784 2139 846 2205 loci
870 2140 932 2206 duo
951 2139 1003 2206 vel
1022 2148 1102 2218 tres,
1122 2142 1157 2205 in
1176 2141 1293 2225 quibus
1312 2139 1541 2206 constituendis
1562 2162 1582 2206 a
1600 2140 1723 2207 Stichio

535 2246 702 2312 dissentire
725 2245 808 2310 mihi
831 2246 950 2312 videor.
974 2247 1011 2313 L.
1035 2246 1072 2310 V.
1100 2246 1129 2312 1.
1155 2285 1219 2324 ,,-
1244 2248 1331 2312 ἀλλὰ
1356 2252 1443 2312 τοῦτο
1468 2245 1557 2323 ήδιον.
1583 2286 1628 2296 -
1653 2251 1724 2329 πρὸς

533 2353 568 2417 ri
592 2352 714 2430 ήδεσήαι
738 2347 787 2417 οὖν
806 2354 961 2437 γέγονας;
982 2349 1056 2423 ἕλοις
1078 2351 1109 2418 δὲ
1130 2355 1162 2418 οὐ
1182 2355 1254 2430 πρὸς
1275 2361 1380 2430 ποιεῖν,
1399 2353 1416 2427 ή
1437 2353 1509 2433 πρὸς
1529 2354 1724 2434 ἐνέργειαν;”

535 2460 721 2526 Orationem
744 2458 887 2525 hiulcam
910 2466 942 2524 et
966 2459 1143 2546 tautologia
1165 2460 1364 2525 laborantem
1388 2481 1498 2526 sanare
1521 2467 1655 2526 conatus
1679 2468 1724 2527 est

535 2566 647 2644 (lorai,
671 2569 727 2651 qui
751 2565 822 2645 πρὸς
845 2568 880 2629 σο
904 2575 998 2632 ποιεῖν
1021 2569 1199 2652 proposuit.
1233 2569 1277 2630 At
1299 2565 1449 2632 notabilis
1472 2570 1506 2631 in
1531 2567 1612 2633 Mes.
1638 2570 1668 2633 A
1693 2574 1723 2634 et

534 2673 563 2738 D
593 2675 760 2739 invenitur
790 2671 885 2737 lectio
916 2694 958 2738 sc.
992 2681 1101 2750 πιῑσιν,
1134 2693 1215 2757 quae
1246 2693 1308 2738 vox
1340 2671 1487 2738 sollemni
1509 2673 1608 2739 modo
1632 2696 1726 2760 oppe

533 2784 624 2846 nitur
659 2789 697 2860 σή
731 2780 878 2863 ἐνεργείᾳ,
908 2780 946 2845 cf.
978 2779 1036 2844 IX.
1064 2778 1115 2844 16.
1147 2778 1259 2864 Itaque
1290 2779 1364 2845 vide
1395 2800 1435 2844 an
1465 2779 1641 2866 legendum
1667 2784 1724 2847 sit:

537 2888 630 2968 ,πρὸς
662 2887 696 2950 rd
722 2883 842 2959 ήδεσήαι
867 2883 915 2952 οὖν
938 2887 1073 2964 γέγονας
1082 2908 1091 2966 ;
1115 2883 1191 2957 ὅλως
1216 2886 1247 2950 δὲ
1271 2887 1342 2966 πρὸς
1367 2893 1484 2965 πεῖσιν;
1511 2886 1528 2961 ή
1552 2886 1626 2964 πρὸς
1653 2889 1726 2968 ἐνέο-

535 2994 667 3073 γειαν;”
701 2998 859 3079 expuncta
892 2996 1078 3080 negatione,
1115 3014 1178 3079 qua
1212 2992 1302 3058 nulla
1336 2994 1401 3059 fere
1435 3015 1498 3059 vox
1533 2997 1662 3079 saepius
1693 2998 1725 3060 in

536 3100 783 3169 Commentariis
810 3100 938 3166 turbata
969 3107 1027 3166 est.
1059 3099 1127 3179 Quo
1157 3101 1240 3167 facto
1263 3102 1421 3165 sententia
1443 3099 1558 3166 leniter
1583 3102 1725 3187 procedit

536 3214 569 3274 et
591 3211 636 3273 sic
660 3207 791 3272 demum
813 3206 897 3272 illud
920 3205 995 3278 ὅλως
1020 3209 1182 3293 propriam
1206 3227 1299 3272 suam
1323 3209 1393 3271 vim
1416 3209 1622 3273 nanciscitur.

582 3312 720 3378 Ibidem:
747 3351 811 3390 ,,-
832 3312 919 3377 ἀλλὰ
943 3314 990 3377 δεῖ
1012 3314 1062 3377 καὶ
1088 3314 1314 3378 ἀναπαύεσθαι.
1338 3349 1378 3360 -
1398 3313 1477 3393 <inei
1498 3314 1605 3390 κιὶγώ·
1627 3314 1719 3380 ἔδωκε

534 3420 637 3497 μέντοι
668 3419 720 3483 καὶ
752 3423 859 3484 σούποο
891 3418 991 3497 μέτρα
1025 3421 1041 3491 ή
1072 3419 1185 3500 Φύσις·
1219 3419 1309 3484 ἔδωκε
1335 3419 1437 3494 μέντοι
1463 3420 1514 3485 καὶ
1539 3426 1593 3485 τοῦ
1619 3422 1724 3487 ἐσθίειν

536 3528 588 3591 καὶ
625 3528 754 3591 πίνειν.”
790 3526 861 3591 Non
895 3546 1028 3610 possum
1062 3548 1124 3591 non
1160 3527 1312 3611 suspicari
1346 3524 1485 3590 alterum
1520 3524 1604 3591 illud
1636 3527 1725 3593 ἔδωκε

536 3633 639 3709 μέντοι
664 3654 719 3718 per
741 3632 995 3719 dittographiam
1017 3634 1198 3718 irrepsisse,
1223 3652 1286 3716 quo
1311 3630 1437 3698 sublato
1460 3632 1571 3698 ordine
1594 3634 1726 3700 demum

535 3747 568 3805 et
592 3742 652 3804 rite
676 3738 818 3824 procedit
841 3740 1088 3826 argumentatio.
1118 3797 1123 3804 .

581 3844 665 3910 VIII.
687 3844 748 3910 28:
774 3844 809 3924 ,ὁ
833 3846 919 3915 πόνος
941 3846 1005 3918 ήτοι
1025 3847 1066 3925 σῷ
1086 3847 1208 3920 σώμασι
1230 3844 1341 3908 κακόν·
1362 3844 1466 3909 οὐκοῦν
1490 3846 1725 3924 ἀποφαινέσθω·

537 3957 554 4027 ή
587 3962 624 4034 σή
657 3959 765 4033 ψυχή·
798 3953 871 4015 ἀλλ’
906 3949 1023 4029 ἔξεστιν
1054 3953 1152 4031 αὐτῇ,
1184 3952 1239 4024 σήν
1263 3951 1342 4015 ἰδίαν
1368 3951 1486 4032 αἰθρίαν
1509 3953 1561 4016 καὶ
1587 3956 1727 4030 γαλήνην

538 4057 774 4138 διαφυλάσσειν,
800 4056 851 4121 καὶ
877 4058 921 4133 μή
946 4057 1193 4135 ὑπολαμβάνειν,
1216 4056 1262 4122 ὅτι
1288 4055 1391 4123 κακήν.
1417 4062 1509 4122 πᾶσα
1533 4059 1598 4138 γοδς
1622 4064 1728 4139 κρίσις,

539 4166 590 4230 καὶ
627 4165 701 4241 ὁρμή
711 4213 719 4242 ,
752 4163 803 4227 καὶ
836 4162 947 4243 ὄρεξις,
980 4165 1031 4228 καὶ
1070 4165 1203 4234 ἔκκλισις
1236 4163 1315 4229 ἔνδον
1346 4163 1398 4227 καὶ
1430 4164 1512 4235 οὐδὲν,
1545 4168 1640 4232 κακδν
1675 4164 1728 4232 ὦδε

538 4270 735 4348 ἀναβαίνει.”
759 4269 796 4334 ln
820 4271 887 4336 cod.
913 4273 938 4336 A
965 4272 1051 4336 deest
1074 4277 1273 4357 postremum
1296 4269 1378 4335 illud
1397 4270 1500 4350 κακόν,
1521 4272 1607 4359 quod
1624 4278 1729 4341 nescio

538 4400 577 4444 an
602 4377 706 4443 multo
730 4376 846 4443 melius
871 4378 953 4443 absit
965 4378 1001 4459 ²).

539 4532 731 4541 —---————

570 4609 598 4673 l)
623 4608 738 4672 Equidem
760 4605 862 4669 cogitavi
889 4606 917 4653 dc
941 4605 1087 4654 restituenda
1110 4621 1166 4655 voce
1190 4608 1290 4666 παῦλα,
1307 4622 1367 4670 qnae
1384 4606 1475 4656 arridet
1492 4606 1612 4673 imprimis
1630 4615 1731 4676 propter

536 4706 576 4749 ea,
601 4706 660 4754 quae
683 4692 827 4752 sequnntur:
854 4685 932 4747 ,μήτι
959 4684 1047 4742 δεινόν,
1070 4687 1149 4745 οὕτως
1170 4688 1252 4736 σοΙννν
1276 4686 1331 4737 οὐδὲ
1349 4686 1364 4741 ή
1382 4690 1428 4737 σοι’
1446 4687 1505 4737 ὅλον
1524 4689 1579 4751 βίον
1599 4691 1672 4756 λῆξις
1689 4692 1731 4742 καὶ

537 4775 625 4820 παῦλα
644 4769 685 4818 κοιῖ
703 4766 860 4830 μεπαβολή.”

572 4854 600 4920 2)
623 4853 658 4902 Cf.
677 4852 706 4905 Χ.
724 4852 768 4902 86ι
794 4848 888 4910 »videte
907 4846 977 4900 ἔστιν
995 4850 1072 4909 οὕτως
1090 4848 1230 4913 ιήποπμος,
1248 4847 1265 4914 ᾧ
1283 4849 1460 4910 ἀποθνήσκοντι
1479 4851 1508 4902 οὔ
1526 4853 1734 4920 παρεσπήξονπνιί
