4525 5950
886 689 931 736 nn
952 689 1028 736 rnen
1050 689 1191 737 ueneno.
1567 673 1634 741 217

438 855 651 922 secundarie:
672 874 753 938 quae
773 855 928 938 praetoria
950 852 1053 917 edicto
1073 853 1396 938 comprehenduntur.
1417 854 1501 919 Sunt
1511 860 1638 920 autem:

439 960 665 1026 voluntarium
699 981 739 1025 ex
771 961 998 1036 eonventIone,
1033 952 1248 1024 neceesarium
1283 980 1322 1024 ex
1357 963 1523 1039 missione,
1555 961 1640 1046 quod

387 1054 389 1063 ¹
438 1069 639 1152 praetorium
658 1064 890 1150 appellabatur.
910 1063 1084 1142 Tertirtria,
1105 1064 1138 1128 id
1158 1072 1206 1129 eat
1224 1064 1327 1130 edicto
1347 1068 1446 1130 etiam
1463 1069 1639 1132 recentiora

438 1176 579 1259 pignora
602 1193 670 1238 esee
693 1171 854 1248 videntur,
878 1174 911 1234 in
936 1172 1053 1255 quibua
1073 1173 1291 1235 conventIonie
1310 1178 1359 1236 eet
1376 1172 1480 1249 fictio;
1502 1175 1641 1256 pertinet

437 1281 528 1343 enim
552 1298 590 1343 ee
613 1277 701 1342 fictio
724 1276 764 1342 ed
787 1279 1004 1341 imitationem
1028 1276 1134 1342 edicti.
1158 1276 1218 1341 Est
1241 1283 1350 1342 autem
1375 1280 1489 1343 tacitae
1509 1300 1641 1344 conven-

438 1385 539 1448 tionie
574 1382 661 1447 fictio
694 1385 729 1445 in
764 1385 899 1468 pignore
929 1381 1078 1446 locatorio
1109 1382 1229 1468 praedii
1263 1384 1394 1460 urbani,
1427 1386 1479 1448 cui
1511 1387 1639 1470 pignori

436 1490 646 1554 subiciuntur
664 1509 713 1553 ree
732 1488 771 1552 ab
790 1487 950 1574 inquilino
969 1488 1116 1552 inductae
1131 1486 1167 1569 ¹),
1186 1491 1266 1553 item
1284 1491 1318 1552 in
1339 1491 1472 1574 pignore
1491 1488 1638 1563 locatorio

433 1594 563 1681 praedii
594 1596 724 1670 rustici,
758 1593 843 1679 quod
875 1594 1085 1679 apprehendit
1115 1594 1239 1659 fructus
1271 1614 1289 1658 e
1320 1593 1430 1659 colono
1461 1601 1636 1680 perceptos.

434 1699 589 1765 'PertIum
621 1698 807 1786 exemplum
840 1706 888 1764 eet
910 1699 1076 1764 fructuum
1101 1702 1147 1764 rei
1172 1702 1375 1786 pigneratae‚
1400 1721 1501 1784 quum
1526 1708 1555 1763 et
1578 1700 1638 1782 ipe

427 1807 563 1889 pipnorr'
595 1807 756 1869 medentur
788 1805 881 1868 tacita
906 1807 1050 1887 pactione
1081 1806 1190 1885 croci).
1224 1805 1310 1870 Huic
1343 1805 1447 1870 eidem
1471 1804 1564 1871 claeei
1588 1806 1639 1870 ud·

432 1911 646 1977 scribendum
682 1911 813 1976 videtur
846 1914 967 1996 pignus
998 1910 1219 1976 voluntarium
1251 1932 1289 1977 ex
1323 1917 1532 1989 testamento,
1564 1911 1639 1976 licet

433 2018 606 2082 fictionem
638 2039 702 2082 non
727 2017 860 2095 habeat,
885 2017 1014 2082 videtur
1036 2024 1147 2083 autem
1170 2018 1260 2095 ideo,
1286 2020 1361 2102 quia
1385 2017 1503 2084 Severo
1527 2023 1560 2082 et
1582 2015 1639 2083 Oa-

434 2122 579 2189 racallee
601 2123 774 2205 carpasiae
797 2130 905 2188 ratum
927 2122 962 2188 id
984 2145 1051 2189 esee
1075 2125 1312 2189 rescribendum
1335 2125 1397 2188 fuit
1412 2124 1446 2204 ³).
1470 2124 1507 2188 ln
1526 2126 1639 2188 ceteris

432 2229 632 2316 pignoribus
664 2237 720 2293 aut
749 2228 833 2293 nihil
863 2233 1029 2314 quaeritur
1057 2236 1114 2294 aut
1145 2233 1253 2294 omnia
1276 2236 1353 2293 eunt
1376 2229 1519 2294 obscura.
1546 2228 1639 2294 Nihil

436 2338 611 2421 quaeritur
640 2334 678 2399 de
709 2356 745 2399 eo
775 2338 928 2422 pignore,
960 2336 1044 2420 quod
1068 2339 1102 2400 in
1125 2357 1220 2402 cause
1242 2335 1376 2400 iudicati
1401 2357 1419 2401 a
1442 2338 1637 2421 magistratu

435 2445 585 2528 capitur:
609 2444 741 2506 accessit
763 2444 849 2506 enim
874 2463 912 2506 ex
935 2444 1097 2526 rescriptio
1117 2442 1186 2507 divi
1204 2442 1256 2506 Pii
1269 2442 1305 2516 4).
1330 2442 1532 2525 Quamquam
1552 2445 1637 2506 inter

437 2549 666 2614 vetustissima
696 2546 833 2612 habetur
863 2568 881 2612 e
911 2546 1070 2612 Friderieo
1102 2546 1216 2614 Oarolo
1247 2547 1392 2634 Savigny
1406 2549 1442 2627 5),
1466 2548 1520 2613 sed
1543 2568 1636 2633 ergu-

439 2661 556 2719 mente
578 2674 635 2739 pro
659 2655 816 2718 contrarie
838 2656 995 2718 sententie
1019 2655 1152 2739 euprai)
1176 2653 1333 2718 dedimus.
1357 2653 1483 2738 Populo
1506 2653 1637 2739 quidem

438 2779 571 2844 semper
588 2759 703 2841 pipeae
726 2758 870 2840 capiendo
892 2761 980 2844 exigi
1003 2762 1110 2844 potuit
1124 2759 1159 2839 ²),
1184 2762 1282 2824 eicuti
1304 2760 1495 2844 subsignari.
1527 2758 1637 2823 Etiam

435 2863 606 2929 coercendi
637 2885 732 2929 cauea
755 2872 885 2949 ceptum
908 2885 926 2929 a
951 2867 1145 2951 magistratu
1169 2867 1288 2951 pignus
1310 2867 1395 2930 inter
1417 2867 1638 2930 vetustissima

438 2972 561 3036 merito
584 2969 723 3035 refertur
746 2991 764 3036 a
787 2967 927 3058 Georgio
950 2970 1112 3037 Friderico
1132 2971 1258 3037 Puchta
1272 2971 1308 3050 θ).
1334 2971 1445 3037 Minue
1465 2977 1573 3037 tamen
1591 2974 1639 3035 in-

435 3076 573 3162 telligo,
598 3097 636 3142 ex
660 3075 805 3141 eiusdem
827 3079 986 3142 sententia
1009 3079 1129 3162 pignus
1152 3076 1334 3161 depositum
1358 3076 1398 3141 ad
1416 3076 1507 3142 illiue
1527 3079 1638 3162 pigno·

437 3185 486 3246 rie
511 3181 697 3267 exemplum
720 3183 881 3269 quomodo
903 3186 1067 3268 irrepserit
1079 3183 1116 3262 ⁰).
1140 3182 1232 3251 Sicut
1256 3190 1366 3248 autem
1390 3182 1428 3249 de
1448 3187 1583 3270 pignore
1603 3187 1654 3248 in·

472 3425 502 3487 l)
521 3424 680 3474 interdictum
703 3425 733 3473 de
755 3425 893 3489 migrando,
916 3440 964 3489 quo
986 3424 1101 3474 metimur
1118 3425 1246 3475 interdicto
1263 3426 1301 3475 ine
1319 3426 1437 3475 retinendi
1454 3426 1517 3490 qnod
1536 3425 1636 3476 locatori

434 3506 554 3569 competit
577 3505 602 3566 (Ι.
622 3507 635 3555 1
655 3508 691 3567 §e
711 3508 738 3555 D.
753 3508 794 3555 43.
806 3506 847 3567 33)
870 3507 976 3556 nondum
999 3506 1086 3556 hebere
1104 3507 1171 3556 taciti
1190 3507 1296 3572 pignoris
1313 3507 1433 3557 fictionem
1451 3508 1635 3557 obeervevernnt

435 3586 577 3651 Dernbnrg.
596 3587 702 3651 Psaedr.
721 3587 734 3636 I
751 3603 775 3652 p.
793 3588 873 3647 2955
890 3588 1019 3647 Bechoien,
1036 3590 1143 3654 Psandr.
1161 3605 1185 3654 p.
1203 3590 1259 3639 19¹.

471 3669 501 3731 a)
519 3684 539 3715 a.
557 3668 573 3716 a
591 3668 618 3716 c,
636 3669 658 3717 e.
670 3669 702 3717 1⁴
719 3669 780 3730 (le).

471 3752 501 3812 3)
525 3749 541 3797 1.
559 3749 592 3797 33
615 3764 653 3813 pr.
673 3751 701 3799 D.
720 3750 760 3798 13.
770 3749 794 3801 i.
819 3750 883 3799 Huic
899 3749 994 3816 pignori
1012 3750 1140 3815 Dernhurg
1157 3751 1320 3815 (Psandreeht
1338 3751 1351 3800 1
1368 3753 1441 3816 133),
1459 3753 1516 3801 adeo
1534 3753 1634 3803 inieetue

432 3836 479 3889 eet,
504 3835 532 3879 ut
555 3833 626 3894 neget
648 3830 725 3880 Paulo
747 3831 785 3880 vel
803 3830 907 3897 Ulpiano
924 3832 1047 3895 cognitum
1065 3832 1145 3882 iniere.
1163 3832 1249 3882 Utitur
1266 3833 1311 3882 hoc
1328 3838 1481 3897 argumento:
1499 3850 1543 3900 per
1560 3835 1636 3884 vindi-

431 3912 555 3961 cationem
572 3912 721 3977 proprietate
739 3918 835 3978 excepte
852 3916 877 3961 et
893 3912 1049 3963 eervitutibue
1066 3913 1142 3977 legari
1158 3914 1220 3963 nihil
1237 3930 1305 3980 poeee
1321 3916 1392 3976 (udae
1409 3914 1513 3978 legatum
1529 3931 1571 3980 per
1585 3916 1636 3965 vin·

431 3993 581 4042 dicationem
688 3994 776 4044 boneta
800 4011 847 4044 m
869 3994 967 4044 tenure
988 3997 1077 4045 werden
1100 4012 1144 4045 rer
1172 3994 1353 4060 Contiteimp
1374 3999 1425 4046 dere
1441 3997 1479 4045 ine
1498 3997 1632 4062 Quiritium

429 4074 630 4138 mteprieqeeder
646 4073 878 4140 metapontini
896 4075 979 4125 hient
997 4076 1063 4138 (ibid.
1082 4081 1132 4126 not.
1153 4078 1177 4139 1)
1193 4077 1218 4127 in
1236 4077 1359 4143 euperfloie
1378 4082 1402 4126 et
1419 4076 1577 4143 emphyteuei.

468 4156 543 4219 e)1.
562 4155 593 4207 le
610 4172 656 4222 pr„
674 4156 719 4218 52,
738 4156 755 4207 1.
773 4158 804 4206 31
823 4156 854 4207 D.
872 4157 946 4208 431.

469 4238 500 4298 Β)
523 4237 599 4287 Vena.
614 4237 682 4286 Dedr.
701 4236 741 4286 III
757 4253 781 4302 p.
799 4238 862 4299 3341
879 4274 886 4288 .

470 4318 499 4379 3)
517 4333 568 4383 erp.
585 4318 715 4368 LXXVIII
732 4320 765 4382 (p.
784 4318 852 4379 333).

469 4398 553 4460 7)(11
571 4399 588 4449 1.
608 4401 638 4449 11
656 4401 690 4461 (3)
708 4400 789 4462 131).
807 4401 891 4452 4313
907 4402 942 4461 (et
960 4401 1089 4460 Bechcien‚
1107 4403 1136 4450 de
1154 4403 1223 4451 Rom.
1240 4402 1336 4453 iudiciie
1354 4405 1440 4466 (1340)
1459 4420 1482 4469 p.
1501 4405 1571 4467 133).

467 4482 497 4544 3)
517 4480 605 4530 Ourm
629 4480 712 4543 5248.
733 4507 774 4530 -.
800 4482 837 4530 Ad
859 4497 910 4532 rem
932 4498 980 4531 non
1004 4483 1122 4548 pertinet,
1146 4484 1210 4548 quod
1232 4484 1295 4549 apud
1317 4484 1413 4534 Livium
1435 4485 1485 4546 (III
1509 4486 1540 4533 33
1557 4489 1568 4547 5
1585 4486 1626 4547 12)

429 4562 535 4628 pignore
558 4562 681 4611 coercendi
705 4577 775 4611 mure
798 4561 827 4611 eb
849 4562 907 4629 ipeie
929 4565 987 4614 edeo
1012 4565 1157 4614 Decevarie
1179 4568 1248 4631 cepte
1270 4569 1495 4625 commemorentur,
1513 4568 1626 4630 qnoniam

428 4643 504 4693 hcine
526 4642 552 4691 in
575 4642 620 4690 teli
644 4657 670 4691 re
693 4643 760 4693 nulle
781 4646 818 4693 eet
840 4645 977 4695 anctoritee.
1000 4645 1116 4710 Magnum
1133 4646 1268 4712 exemptum
1285 4649 1350 4696 extet
1367 4647 1394 4697 II
1411 4647 1443 4697 24
1461 4649 1497 4709 §d
1514 4648 1553 4709 (ci.
1572 4649 1626 4699 Gei.

431 4724 466 4773 IV
486 4726 560 4785 5³⁶)

462 4805 494 4871 3)
515 4808 584 4865 ‚Dae
604 4805 703 4855 raaia
717 4807 795 4871 deseir
807 4808 854 4872 ped
869 4808 909 4858 die
925 4809 1033 4875 pignori·
1048 4810 1116 4873 cepio
1132 4811 1176 4859 der
1193 4809 1367 4875 Ma'pietratess’
