4525 5950
519 683 562 747 12
1010 701 1252 748 nuosmm.

518 875 588 946 χεῖν
624 874 658 931 et
692 866 865 948 διευτυχεῖν
898 869 1034 931 intersit.
1068 865 1218 931 Reiskius
1250 866 1389 931 malebat
1419 867 1622 944 περιμένειν,
1653 866 1706 932 ted

519 976 647 1038 etiamsi
677 971 717 1039 G.
741 973 784 1037 H.
807 971 958 1038 Schafaro
988 973 1065 1037 haec
1088 976 1178 1036 crisis
1203 973 1438 1048 „fastidiosior”
1461 973 1625 1052 videatur,
1647 995 1707 1039 non

518 1083 596 1145 satis
619 1096 666 1145 est
691 1083 849 1166 corrigere
871 1079 956 1164 quod
980 1100 1043 1144 una
1065 1078 1164 1143 litura
1187 1079 1373 1145 sanandum.

563 1299 648 1386 §28
678 1323 709 1386 p.
736 1297 822 1365 1047
832 1318 840 1362 t
872 1301 1034 1377 Παμφίλῳ
1057 1300 1134 1377 Φησὶ
1160 1300 1313 1363 τάλαντον
1338 1300 1584 1378 ἐνοφείλειν.
1609 1298 1711 1364 Rasti-

518 1407 675 1472 tnendum
698 1412 746 1471 est
768 1406 852 1491 qnod
873 1414 946 1472 ante
965 1405 1150 1471 Bekkerum
1168 1406 1319 1471 edebatur
1341 1403 1380 1470 ἓν
1403 1407 1602 1484 ὀφείλειν.
1627 1405 1712 1485 Quid

519 1517 562 1580 ait
588 1515 754 1592 ἐνοφείλειν
777 1520 809 1578 et
833 1534 889 1599 per
910 1534 944 1578 ee
966 1524 1096 1598 apparet
1119 1522 1151 1578 et
1175 1513 1255 1578 effici
1278 1517 1396 1598 poterit
1417 1534 1456 1578 ιιι
1475 1513 1616 1579 Nicostr.
1637 1513 1712 1598 §10

516 1643 550 1707 p.
577 1618 673 1686 1249.

883 1847 997 1904 ΠΡΟΣ
1019 1846 1334 1906 ΜΛΚΛΡΤΑΤΟΝ.

562 2022 697 2089 Summa
719 2029 768 2088 est
791 2025 825 2087 in
848 2022 908 2088 bac
930 2025 1073 2088 oratioue
1096 2024 1273 2088 verbositas
1298 2029 1330 2088 et
1353 2030 1429 2089 sont
1451 2044 1533 2108 quae
1558 2026 1629 2089 sine
1653 2025 1714 2090 fine

516 2130 693 2196 identidem
723 2138 919 2217 repetantur,
944 2132 1108 2214 imprimis
1131 2129 1171 2194 de
1192 2129 1347 2215 gradibus
1371 2130 1487 2216 quibos
1509 2129 1660 2196 diversae
1681 2135 1714 2196 in

516 2238 575 2302 hoc
598 2236 741 2302 dramate
764 2257 915 2323 personae
938 2239 1023 2301 inter
1045 2256 1079 2301 se
1102 2243 1257 2322 cognatae
1280 2240 1355 2301 sint.
1386 2235 1456 2302 Iam
1475 2237 1714 2304 Herwerdenus

517 2344 630 2409 Mrem,
658 2342 743 2409 1875
769 2365 799 2429 p.
824 2341 890 2408 349
914 2341 1080 2428 complura
1103 2341 1249 2428 exempla
1273 2342 1387 2408 attulit
1405 2352 1438 2408 et
1457 2346 1598 2408 nimium
1619 2344 1714 2411 facile

516 2453 600 2518 foret
628 2450 771 2517 locorum
802 2472 974 2515 numerum
999 2470 1117 2536 angere
1141 2453 1312 2536 omniaque
1334 2449 1464 2515 inutilia
1487 2448 1714 2535 supplementa

518 2581 557 2624 ex
587 2564 679 2622 textu
702 2578 901 2644 expungere;
927 2577 1041 2622 verum
1064 2556 1141 2641 qnid
1165 2555 1313 2642 prodest?
1337 2578 1412 2621 cum
1435 2559 1624 2641 praesertim
1651 2580 1713 2623 non

520 2662 742 2749 intelligamus
781 2685 837 2728 cur
876 2661 978 2727 stulta
1007 2661 1244 2748 interpolatoris
1274 2684 1389 2728 manua
1420 2663 1471 2727 bic
1502 2665 1712 2747 potissimum

515 2776 661 2857 grassata
682 2773 735 2834 sit.

563 2990 622 3076 §8
652 3014 683 3077 p.
710 2990 816 3056 1052:
849 2991 952 3063 ἐπειδὴ
984 2986 1081 3066 ἦγεν
1110 2989 1125 3052 ὃ
1156 2987 1259 3068 ἄρχειν
1291 2990 1334 3060 εἰς
1359 2990 1393 3053 τὸ
1416 2989 1598 3069 tructam.
1624 2990 1710 3056 Usus

517 3096 660 3183 postulat
682 3097 860 3173 εἰσῆγεν.

565 3315 647 3401 §10
678 3338 708 3402 p.
743 3314 846 3380 1052:
878 3316 911 3378 at
939 3321 1040 3393 ψῆφοι
1071 3314 1193 3390 ὀλίγοις
1226 3313 1308 3378 ποὶνυ
1341 3314 1478 3389 ε’γένοντο
1510 3315 1661 3393 πλείους,
1693 3317 1708 3389 ἢ

516 3422 612 3501 τρισὶν
637 3422 653 3495 ἥ
678 3421 850 3499 τέτταρσιν,
876 3421 906 3484 ἔν
930 3423 971 3501 τῷ
997 3423 1184 3496 Θεοπόμπου
1208 3420 1350 3498 rabioso.
1377 3420 1639 3507 Expungendum
1664 3429 1710 3487 est

520 3531 610 3615 prius
640 3528 676 3602 ἥ·
709 3531 837 3593 omnino
861 3530 938 3592 satie
960 3529 1055 3603 τρισὶν
1079 3528 1096 3601 ἦ
1120 3528 1292 3606 τέτταρσιν.
1318 3523 1437 3591 Contra
1460 3526 1572 3591 eadem
1598 3527 1709 3593 vocula

521 3634 688 3699 inserenda
711 3641 759 3700 est
780 3634 925 3700 Prooem.
951 3633 994 3699 50
1018 3656 1048 3719 p.
1075 3631 1180 3698 14571
1205 3630 1283 3702 ὅπως
1307 3635 1351 3706 μὴ
1375 3636 1421 3713 (ἢ)
1442 3634 1484 3695 τὰ
1509 3634 1526 3703 ἢ
1553 3634 1597 3696 τοὶ
1622 3637 1708 3712 γενι’ρ

519 3764 607 3804 σεται
641 3743 716 3804 ἀλλ’
749 3737 830 3811 ὅπως
861 3740 913 3803 τοὶ.
947 3777 989 3787 -
1022 3738 1132 3803 Obiter
1154 3738 1222 3803 illic
1245 3740 1379 3803 observa
1403 3737 1531 3802 articuli
1555 3759 1655 3803 usum
1679 3747 1709 3803 et

517 3848 625 3912 confer
656 3847 735 3910 Mid.
768 3846 869 3931 §141
900 3869 930 3932 p.
957 3846 1039 3911 560:
1073 3849 1114 3909 τὰ
1147 3848 1199 3908 aa}
1231 3847 1273 3909 τοὶ
1298 3843 1468 3920 πεπονθώς,
1492 3843 1638 3931 Philipp.
1664 3845 1708 3911 ΙΙΙ

519 3953 593 4039 §68
618 3975 648 4038 p.
675 3953 756 4018 128:
783 3954 840 4017 ἔδει
865 3955 927 4032 γὰρ
950 3954 985 4016 τὸ
1010 3953 1062 4017 xci
1087 3953 1121 4015 τὸ
1146 3961 1280 4025 ποιῆσαι.
1306 3951 1419 4018 Coton.
1445 3950 1541 4035 §243
1566 3973 1597 4037 p.
1624 3951 1707 4017 308:

517 4061 543 4124 ει’
574 4064 608 4125 τὸ
641 4060 692 4123 nai
725 4061 758 4122 τὸ
792 4061 940 4133 ἐποίησεν.
973 4058 1056 4124 Fala.
1089 4059 1167 4145 Leg.
1192 4061 1210 4143 ξ
1232 4057 1273 4122 74
1297 4080 1327 4144 p.
1353 4056 1436 4122 364:
1461 4057 1511 4121 διὰ
1536 4059 1571 4120 τὸ
1597 4060 1650 4121 rai
1675 4061 1708 4122 τὸ

521 4167 673 4238 ἐσώθησαν
704 4166 741 4231 ἂν
765 4168 790 4230 οἱ
816 4174 940 4236 Φωκεῖς.
973 4165 1125 4230 Eubulid.
1151 4164 1232 4250 §29
1256 4187 1287 4251 p.
1314 4163 1418 4230 1307:
1442 4165 1528 4240 βιοὺς
1554 4163 1608 4237 ἔτι
1635 4166 1709 4229 τὸσε

519 4274 570 4337 itai
595 4274 683 4338 τόσοι.

566 4491 647 4577 §14
677 4514 707 4577 p.
735 4491 830 4556 1054.
866 4490 929 4555 Hic
964 4491 1066 4555 facere
1101 4514 1163 4555 non
1199 4511 1327 4575 possum
1364 4493 1441 4574 quin
1475 4489 1586 4555 locum
1616 4490 1712 4577 paulo

522 4597 702 4685 longiorem
729 4599 793 4663 fere
817 4600 979 4683 integrum
1005 4597 1197 4662 describam:
1223 4599 1248 4661 ci
1273 4597 1421 4675 φράτερες
1448 4597 1473 4659 οἱ
1498 4597 1616 4660 τουτουὶ
1643 4607 1712 4661 bla-

520 4707 674 4782 ttcprctrov
705 4706 729 4768 οἱ
762 4703 883 4781 ἄριςοι
916 4705 1026 4774 εἰδότες
1059 4709 1125 4781 περὶ
1158 4710 1210 4767 τοῦ
1240 4704 1365 4781 γένους,
1390 4702 1510 4780 ὁρῶντες
1538 4705 1632 4768 αὑτὸν
1656 4708 1710 4779 μὲν

520 4818 628 4877 τοῦτον
661 4813 693 4875 οὐ
724 4812 848 4876 θέλοντα
880 4811 1054 4875 κινδυνεύειν
1086 4810 1148 4875 οὐδ’
1180 4810 1348 4888 ἀπάγοντα
1380 4809 1415 4873 τὸ
1443 4810 1546 4887 ἱερεῖον
1571 4813 1635 4875 ἀπὸ
1661 4815 1710 4875 τοῦ
