4525 5950
838 686 993 735 rennues
1016 685 1227 734 rrrnneunns.
1563 667 1624 732 101

488 853 520 918 lI
544 853 587 918 49
610 855 627 938 §
648 853 678 919 3.
714 855 758 918 M.
791 861 887 917 auterre
915 855 986 917 Cato
1008 853 1189 918 moriendum
1212 860 1389 938 autequam
1412 853 1506 916 uttam
1529 853 1628 916 caudi-

438 960 551 1023 ciouero
574 963 655 1026 ciris
677 961 880 1044 accipiendum
903 961 1085 1042 reipubhcae
1107 961 1303 1024 contenderet.

488 1065 621 1144 „Civis”
652 1070 673 1132 i.
696 1089 722 1132 e.
754 1070 942 1152 impositam
973 1070 1101 1144 seire,
1126 1069 1246 1152 optime
1271 1066 1393 1131 dictum
1417 1066 1545 1132 videtur
1568 1087 1627 1132 nec

438 1173 619 1258 probandae
649 1180 725 1238 sunt
755 1172 940 1238 Ruhnkenii
970 1180 1003 1240 et
1030 1172 1138 1238 Ellisii
1162 1176 1361 1239 coniecturae
1386 1173 1570 1251 „cuiusvis”
1594 1181 1628 1238 et

441 1301 539 1356 „cum
562 1279 664 1344 cive”.

488 1530 585 1596 1155
611 1530 680 1615 53.
711 1554 767 1594 rua
801 1533 952 1597 Caerarem
983 1533 1016 1595 iu
1046 1532 1229 1615 Hirpouiam
1252 1531 1392 1595 comitata
1407 1532 1541 1615 sartura
1564 1539 1625 1612 ert,

439 1640 495 1701 red
516 1638 631 1701 uultum
657 1660 783 1723 uuquam
807 1639 939 1702 atrocior
959 1639 1214 1723 periculosiusque
1233 1640 1269 1701 ab
1288 1660 1320 1702 eo
1339 1639 1446 1702 iuituur
1459 1639 1625 1719 proelium,

443 1747 518 1808 adeo
554 1751 588 1807 ut
614 1745 689 1826 ptue
722 1767 809 1829 quam
839 1746 928 1808 dubio
960 1745 1061 1808 Morte
1091 1747 1277 1809 dercenderet
1307 1768 1378 1830 equo
1409 1745 1627 1830 corrrirteurque

438 1858 513 1916 ente
543 1851 742 1916 recedentem
773 1873 904 1916 suorum
936 1854 1054 1929 eciem,
1087 1852 1243 1935 increpata
1268 1853 1360 1934 priur
1376 1853 1526 1936 fortuna,
1549 1855 1627 1937 quod

437 1958 470 2021 iu
496 1980 528 2021 re
551 1981 614 2022 eurr
635 1966 781 2022 rerourret
803 1960 930 2037 ruitum,
962 1959 1154 2023 denuntiaret
1176 1958 1321 2022 mitititur
1344 1961 1483 2044 vestigio
1507 1980 1540 2024 se
1563 1980 1626 2025 non

437 2086 655 2131 recessurum:
692 2066 823 2148 proinde
859 2065 1010 2143 riderent,
1055 2087 1137 2150 quem
1173 2072 1201 2128 et
1234 2087 1289 2150 quo
1326 2065 1388 2129 loco
1422 2066 1625 2148 imperatorem

438 2174 589 2235 deserturi
610 2174 730 2258 forent.
762 2172 939 2235 uerecundia
970 2171 1064 2252 mopir
1094 2195 1182 2257 quom
1211 2172 1322 2236 virtute
1351 2175 1434 2237 scies
1457 2175 1626 2238 restitutae

435 2286 515 2343 sunt
538 2301 557 2343 e
580 2279 659 2344 duce
681 2299 779 2363 quem
801 2299 819 2342 e
843 2278 947 2344 milite
970 2279 1094 2343 fortius.

481 2385 570 2450 Haec
605 2391 655 2449 est
690 2383 880 2448 ultimorum
916 2385 1087 2450 verborum
1123 2383 1235 2470 procul
1269 2385 1366 2451 dnbio
1401 2392 1624 2471 corruptorum

435 2493 533 2557 lectio
573 2491 750 2577 apographi
790 2491 1034 2573 Amerbnchiani
1069 2498 1101 2557 et
1135 2492 1284 2557 editionis
1320 2494 1491 2578 principis,
1527 2513 1624 2576 quem

434 2605 561 2663 mutato
595 2597 750 2673 „fortius”
783 2600 816 2661 in
848 2599 998 2682 „potius”
1032 2599 1183 2663 tuebatur
1214 2598 1412 2675 Mommsen,
1442 2597 1524 2663 ullis
1548 2619 1624 2664 vero

435 2707 556 2790 recepit
580 2703 691 2769 Orellii
715 2706 928 2769 coniecturam
955 2707 1125 2780 „restitute
1148 2712 1180 2769 et
1202 2726 1221 2769 s
1244 2704 1356 2770 duoe''.

482 2809 586 2878 Gsuss
616 2832 673 2875 cur
702 2809 790 2874 loeus
813 2810 954 2875 nendum
977 2824 1135 2876 correctus
1158 2814 1202 2875 sit
1224 2811 1300 2876 hese
1323 2817 1397 2888 est„
1414 2810 1497 2896 quod
1520 2813 1623 2876 critici

433 2942 498 2985 non
530 2918 840 2995 animadverterunt,
870 2918 962 2982 aciem
985 2919 1132 2982 turbatam
1147 2919 1255 3005 fuirre
1276 2921 1411 2984 minime
1434 2938 1583 3005 apparere
1606 2939 1624 2984 e

434 3027 540 3091 verbis
578 3025 836 3090 antecedentibus
877 3028 1134 3112 „consistensque
1168 3032 1241 3091 ente
1276 3028 1455 3090 recedentem
1491 3047 1623 3091 suorum

433 3133 570 3209 aciem”‚
594 3133 710 3217 quibus
735 3153 809 3196 mox
834 3138 1039 3217 opponuntur
1064 3135 1223 3217 „vestigio
1247 3153 1280 3198 se
1303 3154 1366 3197 nen
1388 3132 1621 3198 recessurum”.

434 3241 504 3321 Quo
534 3238 696 3304 intellecto
719 3239 787 3304 vidi
810 3238 1044 3303 emendandum
1068 3258 1153 3304 esse:
1181 3246 1299 3316 .,<res>
1324 3242 1491 3305 restitutus
1515 3238 1622 3318 sunt'’‚

433 3352 542 3413 minus
566 3352 673 3411 temen
696 3359 779 3410 recte
803 3348 983 3431 suspicatus
1004 3366 1116 3411 rocem
1139 3345 1264 3423 „ecies”
1286 3346 1391 3412 deberi
1412 3345 1533 3411 infelici
1553 3368 1623 3412 eon-

433 3458 583 3518 iecturee.
609 3451 693 3516 Nem
719 3454 767 3516 vir
789 3450 829 3516 cl.
854 3451 1004 3529 Demeti,
1029 3451 1140 3517 Vlietii
1162 3455 1227 3518 mei
1250 3452 1393 3518 defuncti
1414 3456 1448 3517 in
1472 3453 1622 3518 cathedre

432 3560 534 3625 latine
565 3559 649 3644 apud
681 3558 975 3623 Rhenotrsiectinos
1006 3580 1177 3636 successor,
1205 3580 1298 3624 sme
1321 3559 1486 3625 consultus
1509 3559 1623 3626 felicis·

431 3671 513 3732 sime
537 3669 752 3731 coniecturam
775 3686 881 3730 meam
905 3665 1037 3750 perfecit
1059 3665 1263 3752 corrigendo:

478 3774 558 3836 aeier
589 3775 733 3847 <restitit
764 3780 796 3837 et
827 3779 901 3845 res>
935 3772 1092 3836 restitutae
1121 3780 1192 3836 ruut
1223 3796 1242 3835 a
1271 3774 1344 3836 duce
1372 3795 1459 3859 quoru
1482 3797 1501 3836 a
1524 3773 1621 3838 milite

426 3880 560 3965 fortiur.

476 4130 509 4196 II
535 4129 577 4196 62
601 4129 662 4215 §a
695 4132 807 4194 iuteuto
838 4152 874 4196 sc
905 4133 974 4215 peri
1006 4131 1103 4194 auimo
1125 4131 1190 4194 riue
1211 4131 1389 4195 auctoritate
1406 4134 1531 4215 publica
1549 4158 1620 4217 pro·

430 4237 550 4301 vinciar
575 4236 777 4320 coercitorque
799 4244 1023 4318 occupauerant.
1307 4234 1313 4243 '

479 4342 563 4421 Quid
595 4345 628 4406 in
660 4343 710 4406 his
735 4343 836 4407 verbis
857 4343 1107 4428 vituperandum
1131 4346 1258 4409 sitnon
1282 4365 1440 4429 assequor.
1464 4345 1546 4412 ullis
1569 4348 1620 4415 ed-

427 4456 524 4515 notat
549 4448 681 4525 „Metire
703 4469 759 4513 nec
783 4448 935 4534 dispmi'.

478 4699 510 4764 ΙΙ
535 4699 577 4765 69
601 4700 661 4784 52.
686 4708 716 4763 et
743 4701 773 4764 C.
804 4701 923 4765 Garrire
947 4739 989 4751 -
1015 4702 1162 4766 iucturuu
1184 4703 1372 4767 Dotadettau
1395 4742 1437 4753 —
1457 4705 1621 4771 Laodiciae

439 4814 616 4891 erpupuoto
645 4830 681 4870 ea
709 4808 780 4870 urbe
805 4808 938 4884 <obire>
954 4810 1080 4894 seruat
1101 4810 1160 4889 (ita
1183 4818 1289 4888 tameo,
1311 4818 1345 4875 ut
1366 4814 1408 4878 ud
1430 4812 1519 4877 ictum
1541 4814 1621 4878 cerri
1707 4873 1711 4884 .
