4525 5950
997 680 1133 728 nummu.

587 845 671 925 Quid
694 847 754 910 tibi
777 847 975 924 barbariam,
995 855 1097 926 peotes
1121 848 1158 910 ob
1180 853 1305 932 utroque
1327 847 1457 912 iacenter

593 952 707 1015 Oceano
729 950 918 1016 numerem?

449 1056 614 1123 Vocabuln
637 1062 747 1124 notata
770 1079 833 1142 quo
856 1079 951 1122 sensu
974 1058 1146 1123 dictasint
1170 1059 1319 1143 equidem
1342 1079 1406 1123 non
1429 1060 1596 1145 perspicio.

498 1163 564 1228 832
599 1163 690 1228 Idem
713 1163 770 1228 ille
794 1165 980 1249 Augustus,
1008 1167 1200 1228 vaticinante
1223 1164 1314 1229 Iove:

588 1269 671 1334 Pace
694 1270 767 1334 data
791 1273 885 1334 terris
908 1273 1053 1335 animum
1076 1270 1115 1334 ad
1139 1269 1248 1336 civilia
1271 1275 1376 1336 vertet

589 1374 664 1440 Iura
687 1396 793 1440 suum.

449 1482 576 1562 Quanto
599 1486 773 1566 praestaret
797 1486 902 1546 totum
927 1481 1010 1546 illud
1032 1505 1117 1545 eoum
1141 1483 1290 1547 omittere
1314 1502 1412 1566 quam
1435 1482 1487 1547 hic
1510 1481 1643 1567 ponere!

447 1588 511 1653 Sed
535 1593 639 1652 metro
663 1587 779 1653 habilis
801 1587 859 1652 illa
882 1608 945 1653 vox
969 1594 1034 1665 est,
1058 1594 1164 1653 cetera
1187 1597 1281 1673 poeta
1304 1608 1366 1652 non
1390 1594 1490 1652 curat.

497 1693 564 1759 834
583 1715 650 1779 sqq.
686 1692 739 1759 sio
762 1697 923 1780 pergitur:

882 1800 1049 1885 legesque
1072 1800 1153 1864 feret
1176 1800 1374 1863 iustissimus
1397 1805 1508 1864 auctor

588 1905 809 1990 Exemploque
832 1927 890 1971 suo
913 1926 1019 1970 mores
1042 1912 1134 1992 reget
1157 1905 1247 1989 inque
1260 1906 1372 1991 sotori

589 2011 737 2093 Temporis
759 2018 885 2075 aeiotaa
909 2019 1153 2097 venturorumque
1176 2017 1312 2093 nepotum

587 2117 775 2200 Prospioieao
798 2118 921 2203 prolem
945 2124 1054 2183 sancta
1077 2117 1115 2182 de
1139 2120 1277 2203 coniuge
1300 2122 1409 2182 natam

586 2223 681 2288 Ferre
704 2223 803 2288 simul
825 2245 1004 2308 nomenque
1027 2245 1123 2288 suum
1147 2244 1301 2308 curasque
1316 2221 1341 2303 ¹)
1363 2223 1498 2288 iubebit.

448 2330 565 2395 Verbis
595 2331 713 2393 notatis
744 2349 857 2393 versus
887 2330 1075 2405 farciuntur,
1105 2350 1169 2393 non
1194 2335 1348 2393 ornantur
1370 2349 1472 2413 neque
1494 2329 1643 2414 ponderis

447 2435 626 2520 quidquam
644 2437 882 2499 nanciscuntur.
902 2433 1047 2520 Zeugma
1067 2456 1143 2499 vero
1162 2433 1261 2498 illud:
1276 2436 1365 2520 ferre
1384 2457 1486 2498 nomen
1498 2457 1643 2520 caraeque

446 2542 561 2606 durius
585 2543 684 2605 etiam
708 2546 757 2604 est
779 2538 837 2605 illo
860 2540 944 2624 quod
969 2561 1032 2605 uss.
1058 2538 1123 2604 525
1137 2561 1205 2624 sqq.
1229 2542 1427 2605 notavimus.

496 2644 562 2709 845
576 2667 621 2730 sq.
646 2645 753 2710 Venus

587 2749 731 2818 Caesaris
755 2753 874 2836 eripuit
897 2751 1051 2816 membris
1072 2771 1176 2835 neque
1198 2753 1231 2815 in
1256 2755 1329 2816 aira
1351 2750 1433 2816 solvi

583 2857 681 2922 Passa
703 2862 863 2922 recentem
887 2858 1028 2921 animam
1051 2855 1240 2922 caelestibus
1264 2855 1377 2921 intulit
1401 2859 1504 2922 nstris.

446 2963 498 3029 Ita
529 2963 683 3050 disposita
706 2970 782 3029 sunt
805 2962 960 3029 vocabula
983 2967 1020 3028 ut
1043 2962 1229 3028 mollissimi
1261 2968 1432 3029 nascantur
1452 2984 1564 3029 versus
1588 2963 1641 3029 sed

444 3074 606 3135 sententia
628 3072 889 3156 impeditissima.

494 3177 592 3241 Metri
618 3197 713 3242 causa
736 3183 846 3261 poetas
869 3176 1002 3241 Latinos
1024 3175 1189 3240 interdum
1211 3184 1320 3260 aptam
1344 3179 1519 3242 sententiae
1539 3177 1642 3262 dispo-

445 3284 597 3348 sitionem
617 3281 796 3368 neglexisse
815 3303 973 3367 nusquam
985 3287 1117 3367 apparet
1128 3281 1245 3346 clarius
1257 3302 1354 3366 quam
1368 3283 1446 3347 Aa,
1459 3282 1484 3360 I,
1499 3282 1564 3348 399
1577 3304 1640 3369 sq:

584 3388 742 3473 Tempora
765 3390 821 3473 qui
844 3387 920 3453 solis
943 3408 1073 3474 operosa
1095 3387 1275 3453 colentibus
1298 3408 1391 3464 arva,

629 3493 777 3572 Fallitur,
802 3500 834 3559 et
856 3497 964 3560 nautis
987 3494 1190 3579 adspicienda
1212 3499 1316 3579 putat.

443 3602 586 3666 Minime
616 3606 725 3665 tamen
756 3601 817 3665 hoc
847 3599 994 3685 exemplo
1016 3600 1199 3664 infirmatur
1222 3605 1331 3663 nostra
1354 3598 1582 3663 nonnullomm
1606 3602 1640 3664 in

443 3706 757 3792 Metamorphosesin
780 3726 934 3771 versuum
959 3706 1172 3791 reprehensio.
1196 3704 1312 3770 Poetae
1331 3703 1472 3790 elegiaco
1491 3706 1641 3769 omnibus

442 3813 551 3878 modis
569 3811 680 3877 luders
700 3810 892 3888 conceditur,
913 3816 1039 3897 poetam
1060 3817 1231 3874 narrantem
1248 3808 1427 3895 simplicem
1435 3810 1641 3892 perspicuum

442 3941 503 4005 que
526 3939 593 3983 esse
615 3920 686 3983 iure
709 3922 817 3983 nostro
841 3916 1053 4003 postulemus.
1085 3916 1129 3980 Iit
1152 3918 1283 3980 suntin
1307 3914 1398 3980 libris
1423 3915 1500 3981 XIV
1524 3923 1556 3981 et
1579 3915 1639 3980 XV

441 4022 550 4105 (1730
581 4024 740 4103 versibus)
771 4046 832 4089 non
864 4026 973 4088 minus
999 4024 1096 4086 decem
1117 4021 1198 4100 loci,
1223 4022 1279 4086 ubi
1302 4023 1425 4086 mirum
1448 4024 1482 4086 in
1506 4022 1639 4087 modum

441 4130 603 4198 vocabula
633 4134 718 4195 inter
748 4151 781 4195 se
804 4130 1053 4206 confunduntur,
1078 4135 1216 4213 suntque
1240 4127 1290 4192 illi
1314 4128 1472 4193 eiusmodi
1496 4134 1534 4193 ut
1556 4128 1640 4193 nihil

441 4258 500 4303 eos
531 4237 638 4302 deceat
661 4238 767 4323 magis
791 4256 887 4320 quam
912 4235 1098 4321 quotidiana
1120 4234 1271 4319 loquendi
1295 4234 1515 4319 scribendique
1538 4236 1637 4300 ratio:

443 4341 534 4419 XIV,
567 4340 641 4418 127,
677 4341 751 4420 158,
784 4340 861 4420 219,
893 4341 970 4419 428,
996 4339 1079 4419 772;
1114 4339 1185 4417 XV,
1212 4339 1242 4417 7,
1278 4340 1329 4417 12,
1362 4339 1417 4417 20,
1450 4339 1527 4417 820,
1560 4340 1638 4405 845.

441 4448 563 4516 Contra
594 4452 662 4512 toto
693 4448 781 4511 Artis
810 4467 903 4532 opere
927 4444 1187 4533 ,hyperbatum’'
1210 4445 1311 4524 illud,
1336 4445 1421 4530 quod
1445 4448 1636 4525 citavimus,

439 4559 508 4620 stat
532 4551 650 4618 solum.

477 4783 503 4844 1)
521 4782 551 4830 ln
569 4780 693 4831 Korninnn
709 4780 814 4830 editione
830 4780 983 4845 typothetae,
1002 4783 1030 4830 ut
1049 4780 1143 4845 opinor,
1160 4796 1242 4830 errore
1260 4780 1299 4829 hio
1316 4796 1431 4846 carasque
1447 4780 1543 4846 legitur.
