4525 5950
1024 674 1266 724 onnosrnnnns.
1723 657 1743 719 5

543 838 664 922 quibus
699 840 823 904 artibus
853 840 893 904 ad
924 845 1046 904 tantam
1079 841 1258 924 potentiam
1289 837 1462 923 Philippus
1493 840 1657 923 pervenit,
1688 857 1742 902 eae

544 946 613 1008 iam
644 950 829 1029 patescunt;
861 948 894 1009 in
918 951 1082 1030 posterum
1106 947 1268 1009 neminem
1293 943 1448 1028 desipiet3
1471 945 1536 1029 ipsi
1557 947 1623 1008 iam
1647 941 1744 1008 Thes·

545 1047 606 1114 sali
627 1053 772 1115 sentiunt
791 1049 917 1114 fraudes
936 1051 1053 1134 quibus
1072 1052 1284 1115 circumventi
1302 1050 1449 1127 fuerunt;
1466 1049 1621 1114 admoniti
1633 1070 1742 1114 omnes

547 1154 610 1219 sibi
634 1155 794 1219 osvebunt
817 1176 835 1219 a
856 1155 1041 1221 Macedonis
1065 1154 1311 1231 blandimentis;
1336 1154 1410 1219 hine
1434 1154 1589 1239 quidquid
1613 1160 1742 1239 erepant

547 1259 778 1337 Athenienses,
810 1260 1040 1327 Demosthenes
1070 1261 1235 1325 castancam
1266 1280 1378 1346 regem
1401 1264 1524 1335 Φαῦλον
1547 1259 1688 1345 appellat
1710 1265 1743 1324 et

547 1362 718 1449 vulgatam
740 1363 911 1431 lectionem
933 1369 1062 1432 omnino
1086 1366 1284 1431 retinendam
1308 1387 1377 1431 esse
1395 1386 1517 1433 osnseo.
1541 1366 1683 1431 Provooo
1701 1366 1741 1431 ad

544 1469 682 1534 lectores
704 1473 760 1555 qui
784 1477 889 1536 totam
912 1474 1074 1550 περικοπὴν
1099 1472 1281 1559 relegerint.
1307 1471 1458 1539 Ceterum
1482 1471 1669 1537 admirabile
1693 1479 1741 1537 est

546 1574 657 1641 videre
678 1596 775 1660 quam
798 1598 869 1642 raro
889 1578 966 1643 haec
986 1578 1145 1644 adiectiva
1164 1579 1204 1644 ab
1223 1576 1363 1642 librariis
1384 1578 1514 1643 confusa
1533 1578 1667 1656 fuerint;
1681 1579 1740 1644 hoa

544 1702 673 1766 quoqne
685 1683 751 1746 iam
763 1683 968 1748 observarem
982 1685 1091 1748 Maera.
1111 1681 1195 1749 1879
1208 1706 1238 1768 p.
1253 1682 1306 1748 63.
1327 1682 1434 1747 Unum
1446 1681 1632 1767 exemplum
1644 1703 1741 1768 supra

546 1786 739 1863 habuimus;
760 1787 901 1853 alterum
921 1795 970 1854 est
988 1790 1072 1874 apud
1093 1787 1310 1865 Clementem,
1331 1791 1423 1852 auius
1441 1787 1549 1853 looum
1569 1789 1642 1854 vide
1654 1788 1740 1874 apud

545 1889 707 1957 Oobstum
721 1894 750 1956 ἐν
762 1895 804 1972 τῷ
817 1896 916 1975 Ἐρμῇ
929 1894 1032 1976 Λογίῳ
1045 1917 1075 1980 p.
1089 1892 1166 1960 276.
1187 1893 1304 1959 Itidem
1317 1892 1423 1958 confer
1435 1894 1533 1959 Arist.
1546 1894 1624 1979 qu.
1639 1892 1714 1960 385.

592 2105 650 2189 §9
682 2128 713 2191 p.
745 2105 808 2171 2οε
846 2109 863 2180 ἡ
894 2108 995 2186 προίτιρ
1030 2107 1184 2187 πρόφασις
1219 2107 1270 2171 καί
1303 2105 1408 2184 μικρὸν
1439 2113 1588 2182 πταῖσμα
1621 2103 1737 2170 ἅπαντ’

543 2213 728 2291 ἀνεχαίτισε
754 2214 819 2276 καί
847 2213 1040 2278 διέλυσεν.
1067 2212 1209 2280 (lobetus
1234 2214 1305 2277 l'ar.
1330 2213 1410 2278 dect.
1436 2235 1467 2297 p.
1494 2209 1558 2277 327
1583 2214 1739 2297 expunxit

544 2318 613 2381 καί
646 2317 851 2383 διέλυσεν·
885 2320 1060 2398 „etsnim'’,
1089 2322 1210 2404 inquit,
1237 2319 1394 2397 „verbum
1417 2339 1487 2385 aare
1510 2326 1542 2383 et
1565 2320 1737 2384 vehemens

541 2430 576 2489 et
607 2423 772 2508 splendida
801 2427 988 2511 metaphora
1018 2433 1173 2511 tanquam
1204 2426 1287 2490 nube
1317 2426 1504 2491 obscuratur
1527 2423 1680 2509 languido
1704 2430 1737 2490 st

541 2529 682 2614 insipido
701 2530 797 2595 verbo
817 2531 971 2595 διέλυσε.”
991 2531 1113 2596 Deinde
1132 2537 1286 2616 provocat
1304 2530 1344 2595 ad
1359 2529 1619 2615 Harpocrationis
1632 2537 1737 2596 aucto

541 2637 691 2699 ritatem:
711 2637 914 2716 ἀνεχαίτισε·
936 2636 1005 2700 ἀντί
1026 2641 1080 2701 τοῦ
1100 2639 1248 2714 ἀνέκοψεν
1269 2640 1285 2712 ἢ
1308 2634 1483 2712 ἀνέτρεψεν,
1505 2635 1538 2698 έκ
1551 2638 1736 2714 μεταφορᾶς

542 2746 601 2804 τῶν
633 2738 745 2817 ίππον,
778 2744 899 2806 etenim
930 2744 1007 2806 satis
1035 2763 1188 2827 apparere
1217 2743 1302 2807 hune
1333 2743 1401 2805 sine
1424 2739 1615 2826 interpolato
1638 2741 1735 2806 verbo

540 2844 651 2910 loeum
681 2847 714 2908 in
744 2867 801 2911 suo
832 2846 938 2913 codiee
968 2850 1138 2912 invenisse.
1170 2847 1242 2932 lpse
1265 2846 1351 2911 ultro
1375 2846 1511 2911 eonoedo
1534 2852 1735 2930 postremum

540 2957 773 3038 argumentum
803 2974 867 3017 non
891 2972 959 3018 esse
981 2955 1215 3039 gravissimum
1238 2952 1374 3037 indeque
1396 2954 1505 3017 minus
1527 2954 1628 3017 miror
1650 2952 1736 3039 quod

541 3077 624 3121 anno
657 3054 745 3122 1877
778 3056 921 3123 Blassius
952 3061 986 3122 in
1016 3057 1098 3123 libro
1128 3061 1166 3122 aa
1188 3059 1370 3143 Eloquentia
1393 3058 1495 3122 Attica
1519 3058 1566 3123 111
1592 3058 1608 3122 1
1634 3081 1664 3144 p.
1690 3058 1733 3125 87

540 3159 650 3227 locum
670 3164 836 3247 integrum
856 3184 922 3229 esse
942 3167 1167 3248 pronunciarit
1184 3171 1217 3229 et
1232 3165 1271 3229 ab
1287 3166 1374 3229 omni
1386 3166 1565 3249 suspicione
1576 3163 1731 3243 liberum;

540 3267 595 3332 sed
627 3289 711 3332 anno
737 3268 825 3334 1892
848 3271 881 3333 in
905 3269 1043 3335 editione
1067 3270 1292 3335 Demosthenis
1314 3269 1534 3335 Teuhnsriana
1556 3268 1650 3334 aliter
1673 3271 1733 3336 for-

540 3377 625 3437 tasse
657 3372 770 3439 suisset
800 3374 1018 3453 iudicaturus,
1050 3379 1077 3440 si
1108 3375 1240 3461 legisset
1263 3374 1347 3460 quod
1371 3374 1509 3442 Cobetus
1533 3375 1677 3460 disputat
1698 3380 1732 3441 in

540 3477 683 3561 Praefat.
703 3480 818 3542 Novar.
837 3480 918 3544 leat.
940 3501 970 3564 p.
991 3499 1106 3545 xxxm.
1127 3479 1293 3544 Nimirum
1312 3482 1364 3545 hia
1383 3479 1531 3566 producit
1550 3484 1732 3566 errantique

538 3588 572 3647 et
594 3582 721 3647 erudito
744 3583 901 3661 Rhetore,
926 3588 982 3670 qui
1005 3607 1068 3651 non
1092 3587 1139 3650 ita
1163 3585 1287 3671 pridem
1311 3607 1350 3651 ex
1373 3585 1516 3651 Parisino
1536 3586 1642 3651 oodiee
1662 3610 1731 3673 pro·

537 3687 641 3753 dierat
675 3691 709 3753 in
744 3688 852 3755 lucem
882 3697 915 3755 et
946 3692 1036 3757 brevi
1066 3698 1140 3757 ante
1171 3713 1189 3757 a
1218 3690 1390 3779 Spengslio
1421 3695 1576 3777 repetitus
1607 3700 1674 3759 erat
1696 3698 1729 3759 in

537 3793 648 3859 Rhatt.
673 3791 784 3860 Graec.
809 3795 824 3859 1
846 3817 877 3880 p.
903 3794 986 3862 437:
1020 3797 1049 3859 έν
1072 3805 1144 3868 ταῖς
1168 3797 1297 3874 λέξεσιν,
1321 3799 1441 3883 inquit,
1467 3797 1534 3865 ἔται
1561 3802 1729 3879 συντομία,

539 3901 593 3964 έάν
618 3908 683 3971 reia
706 3911 857 3981 τροπικοῖς
883 3902 968 3973 ἐνίοις
993 3902 1098 3982 κυρίως
1121 3906 1219 3984 χρῷο,
1243 3902 1342 3982 ὥσπερ
1367 3903 1561 3978 Δημοσθένης
1585 3907 1626 3982 τῷ
1650 3907 1728 3970 ἀνε-

536 4028 591 4083 χα
600 4007 612 4068 ί
618 4028 653 4068 τι
663 4029 702 4068 σε
712 4031 736 4070 ν.
750 4007 801 4070 διά
814 4011 891 4081 μιᾶς
904 4008 966 4084 aaa
979 4008 1090 4084 λέξεως
1104 4006 1171 4072 ὅλον
1184 4010 1340 4086 ε’πλνίρυσε
1352 4009 1462 4085 νίιρρκοι.
1478 4011 1728 4095 „Agnoscisne'’‚

535 4108 678 4177 Oobetus
701 4113 763 4188 ait,
790 4114 844 4188 „in
867 4113 918 4176 his
942 4112 1094 4178 idoneum
1118 4113 1278 4179 iudicem?
1301 4114 1385 4194 Quid
1406 4113 1530 4200 igitur?
1555 4115 1728 4183 Videtume
1751 4184 1762 4201 ‚

534 4217 597 4281 tibi
620 4219 655 4280 in
678 4238 735 4281 suo
759 4217 865 4283 codiee
884 4217 1001 4303 legisse
1019 4222 1202 4298 ἀνεχαίτισε
1228 4222 1295 4284 καί
1320 4219 1536 4285 διέλυοενί
1559 4221 1645 4286 Num
1667 4224 1727 4289 hoo

535 4327 621 4388 esset
650 4321 698 4385 διὰ
731 4326 805 4398 asaia
839 4322 949 4397 λέξεως
979 4322 1047 4388 ίλον
1070 4324 1171 4399 νόημα
1196 4327 1381 4405 πληρῶσαιί
1403 4327 1462 4391 Est
1484 4326 1567 4392 illud
1590 4330 1724 4393 verbum

533 4433 604 4493 tam
635 4448 706 4493 aare
736 4449 772 4493 ae
804 4429 977 4494 vehemens
1000 4435 1038 4494 ut
1058 4430 1140 4495 nihil
1164 4431 1334 4515 superaddi
1354 4432 1487 4517 possit.'’
1512 4431 1650 4499 Oobstus
1673 4436 1725 4500 hie

531 4540 685 4620 provocat
715 4534 755 4598 ad
777 4533 886 4600 locum
909 4535 1058 4601 Rhetoris
1082 4540 1236 4622 anonymi
1259 4558 1359 4621 nuper
1382 4538 1523 4615 editum,
1548 4539 1600 4602 sed
1625 4542 1723 4606 etiam

529 4638 728 4705 luculentius
751 4648 799 4704 est
821 4643 1044 4706 testimonium
1067 4640 1260 4728 Doxopatris
1283 4645 1317 4706 in
1340 4642 1494 4707 Homiliis
1516 4642 1556 4708 ad
1578 4645 1723 4729 Aphtho-

531 4748 625 4810 nium
656 4746 741 4830 apud
773 4745 933 4812 Walzium
964 4747 1048 4834 Hp.
1073 4747 1158 4813 232:
1184 4747 1379 4826 Δημοσθένης
1403 4749 1510 4812 atrata·
1534 4752 1629 4830 μικρά
1654 4752 1723 4831 πρί-
