4525 5950
535 658 601 722 140
1052 675 1206 724 0000000.

534 841 640 905 100001
665 862 721 926 pro
745 842 861 904 amissa
885 842 1050 904 meretrice
1075 838 1158 903 536:
1184 839 1310 916 „Dabin
1329 840 1413 903 mihi
1432 845 1624 926 argeutum,
1645 839 1733 923 0000

533 947 605 1011 000
629 946 736 1010 100001
759 946 834 1010 11100
858 952 915 1010 100
940 945 1139 1010 voluntate”.
1730 939 1734 944 ’

578 1054 709 1117 Praeter
740 1053 796 1117 hos
827 1051 913 1116 lucos
945 1052 1008 1115 XX
1040 1055 1146 1115 minae
1176 1057 1374 1137 (argentum)
1398 1054 1497 1116 etiam
1520 1054 1734 1116 nominantur

532 1162 566 1222 iu
592 1158 668 1221 405.
696 1157 773 1222 412.
798 1157 874 1220 420.
899 1157 975 1220 431.
1001 1155 1078 1220 484.
1104 1156 1170 1220 508
1195 1155 1323 1233 01518,
1348 1157 1405 1221 ubi
1430 1159 1552 1221 mentio
1577 1178 1642 1220 non
1662 1177 1733 1240 per·

532 1268 613 1329 11001
644 1263 683 1328 00
713 1267 967 1348 surreptionem,
997 1263 1052 1327 sed
1079 1263 1117 1327 ad
1142 1265 1353 1347 emptionem,
1379 1283 1577 1348 quamquam
1603 1261 1733 1327 emendi

531 1369 701 1435 consilium
726 1370 783 1434 diu
806 1374 872 1434 iem
896 1368 1057 1433 desertum
1082 1389 1150 1432 0000
1173 1367 1325 1432 vidimus.

578 1475 627 1538 Nx
659 1476 708 1539 his
737 1474 815 1539 10010
839 1482 903 1538 tres
927 1496 988 1538 nou
1011 1481 1157 1560 puguant
1181 1495 1253 1538 000
1280 1474 1405 1538 00001111
1429 1477 1631 1550 mutatione,
1657 1496 1736 1558 quo

533 1584 620 1646 niam
654 1602 748 1645 senex
773 1584 818 1644 ibi
843 1579 987 1665 loquitur
1010 1579 1113 1644 adhuc
1138 1580 1176 1644 00
1199 1583 1305 1664 priore
1329 1580 1456 1644 emendi
1479 1580 1614 1645 consilio
1638 1579 1732 1658 (420.

534 1687 609 1752 431.
635 1687 725 1766 484),
750 1690 882 1772 ignarus
908 1689 1109 1769 posterioris,
1135 1686 1217 1770 0000
1243 1688 1359 1769 0001011
1383 1686 1516 1750 00000
1541 1685 1621 1750 526.

578 1793 640 1858 Sed
661 1801 852 1877 0000001
876 1799 1055 1876 quatuor
1079 1794 1148 1876 qui
1173 1797 1351 1855 restant:
1374 1792 1450 1856 405.
1465 1791 1543 1856 408.
1558 1791 1731 1867 508518,

531 1900 569 1965 de
594 1901 710 1984 quibus
734 1897 881 1982 deinceps
904 1900 964 1963 erit
987 1896 1227 1982 disputandum.

576 2004 642 2069 Sub
675 2003 769 2067 finem
803 2024 912 2067 scenae
942 2002 1002 2067 13
1033 2000 1189 2088 intelligit
1221 2002 1350 2087 quidem
1374 2002 1554 2068 Pseudolus
1576 2002 1730 2068 lenonem

533 2109 850 2175 circumveniendum
881 2110 942 2173 sibi
974 2131 1041 2173 esse
1073 2131 1128 2193 per
1151 2108 1268 2173 falsum
1292 2112 1463 2186 nuntium,
1487 2109 1542 2174 sed
1568 2110 1732 2194 quomodo

533 2218 613 2280 hanc
637 2237 704 2280 rem
729 2215 877 2300 expediat
901 2215 1042 2279 000000
1066 2217 1236 2300 perspicit,
1258 2235 1355 2299 quam
1375 2215 1500 2279 consilii
1518 2218 1666 2299 inopiam
1686 2218 1731 2279 sic

531 2324 686 2406 exprimit
717 2325 750 2385 in
783 2340 875 2385 scena
898 2320 929 2397 4,
958 2341 1038 2405 quae
1063 2328 1129 2384 1010
1154 2320 1357 2385 describenda
1380 2329 1444 2396 est,
1469 2323 1590 2405 quippe
1617 2320 1730 2385 multis

532 2427 775 2492 difficultatibus
799 2429 952 2490 obnoxia:

668 2533 844 2617 Postquam
867 2531 934 2596 illic
957 2532 1032 2595 hinc
1056 2532 1155 2607 abiit,
1181 2537 1216 2593 10
1241 2536 1325 2594 00100
1349 2531 1454 2607 00100,
1479 2530 1648 2596 Ρο000010.

580 2639 645 2706 395
670 2638 753 2719 Quid
777 2660 860 2702 nunc
884 2639 1041 2713 acturu's,
1066 2643 1235 2721 postquam
1260 2636 1331 2701 erili
1355 2636 1420 2702 filio

669 2746 833 2831 Largitu’s
858 2744 951 2807 dictis
975 2739 1129 2828 dapsilis?
1154 2740 1216 2806 Ubi
1241 2754 1316 2805 sunt
1340 2740 1397 2806 001

668 2851 749 2929 Quoi
774 2870 875 2933 00000
899 2854 1040 2932 paratust
1063 2854 1159 2932 gutta
1183 2850 1261 2911 certi
1284 2847 1395 2911 consili

668 2958 793 3042 [Neque
817 2955 893 3020 adeo
917 2957 1061 3041 argenti:
1086 2976 1188 3039 neque
1212 2976 1295 3018 0000
1319 2955 1396 3039 0010
1421 2955 1538 3020 faciam
1564 2958 1656 3040 0010]

670 3064 780 3147 Neque
804 3062 942 3127 exordiri
967 3064 1110 3145 primum
1135 3060 1218 3125 0000
1242 3063 1379 3144 00010100
1403 3062 1501 3126 habes

579 3169 645 3234 400
669 3170 779 3253 Neque
803 3168 841 3232 00
865 3167 1081 3232 0010000000
1104 3165 1203 3229 10100
1226 3172 1328 3230 certos
1352 3170 1517 3231 terminos.

668 3273 730 3339 Sed
754 3276 846 3358 00001
869 3279 978 3357 00010,
1004 3271 1130 3336 1010100
1156 3292 1252 3356 0000
1276 3273 1360 3355 00011
1384 3273 1463 3348 sibi,

669 3381 800 3459 Quaerit
823 3378 907 3463 0000
931 3399 1089 3461 nusquam
1113 3379 1311 3462 gentiumst,
1338 3380 1456 3461 reperit
1479 3384 1607 3444 tamen:

669 3485 760 3550 Facit
783 3483 867 3548 illud
891 3486 959 3547 veri
984 3482 1089 3546 simile
1113 3481 1198 3566 0000
1222 3481 1475 3547 meudaciumst:

670 3591 762 3655 Nunc
787 3611 847 3675 ego
871 3595 962 3672 poeta
986 3587 1078 3651 fiam:
1105 3590 1225 3672 viginti
1248 3590 1369 3665 minas,

580 3698 644 3763 405
669 3697 756 3775 Quae
780 3715 937 3780 nusquam
962 3714 1046 3757 nunc
1071 3699 1147 3756 snut
1170 3695 1336 3779 gentium,
1362 3696 1523 3758 inveniam
1547 3701 1669 3761 tamen.

670 3806 775 3887 Atque
799 3822 859 3885 ego
884 3821 936 3863 me
959 3798 1151 3882 iampridem
1175 3799 1250 3862 hnic
1274 3798 1426 3863 daturum
1451 3799 1595 3865 dixeram

669 3908 711 3972 Et
735 3906 826 3971 volui
850 3907 966 3968 inicere
991 3902 1155 3989 tragulam
1178 3907 1211 3967 in
1236 3911 1381 3968 nostrum
1407 3926 1533 3970 senem:

669 4012 787 4077 Verum
812 4015 839 4073 10
862 4012 967 4073 000010
991 4030 1053 4093 000
1078 4016 1171 4093 00010
1196 4012 1370 4094 praesensit
1394 4013 1493 4094 prius.

671 4119 732 4183 Sed
757 4113 1001 4200 comprimenda
1025 4137 1086 4179 vox
1111 4115 1194 4178 mihi
1218 4120 1314 4199 atquc
1338 4119 1489 4180 oratiost:

579 4225 645 4287 410
669 4224 771 4287 Erum
796 4241 906 4285 eccum
931 4219 1024 4283 video
1050 4221 1112 4283 huc
1137 4219 1300 4283 Simonem
1326 4220 1512 4284 00001001

670 4328 754 4395 Cum
779 4348 836 4391 000
864 4328 967 4388 vicino
991 4321 1177 4409 Calliphone
1202 4324 1355 4389 incedere.

667 4435 715 4499 Ex
741 4435 799 4497 hoc
823 4429 968 4514 sepulcro
994 4437 1102 4494 vetere
1128 4432 1247 4516 viginti
1273 4434 1377 4494 minas

669 4539 826 4604 Effodiam
851 4556 912 4620 ego
936 4534 1046 4609 hodie,
1071 4555 1149 4618 quas
1175 4535 1246 4598 dem
1271 4533 1342 4599 erili
1366 4535 1432 4600 filio

668 4647 761 4709 Nunc
784 4644 846 4706 huc
870 4639 1056 4716 concedam,
1083 4640 1167 4703 0000
1192 4640 1306 4704 horum
1331 4662 1512 4706 sermonem
1537 4643 1660 4730 legam.

531 4752 665 4817 Versum
691 4749 755 4814 398
784 4749 933 4832 spurium
958 4766 1025 4810 esse
1050 4748 1197 4811 omnium
1221 4767 1374 4811 00000000
1399 4752 1549 4833 coarguit
1573 4772 1637 4816 000
1662 4759 1733 4817 100.
