4525 5950
656 670 719 736 178
1187 689 1308 739 urmes.

652 852 823 939 Taylorus)
855 856 883 915 τ’
909 853 1059 931 ἐρριφέναι
1092 856 1146 925 τὴν
1171 853 1289 917 ἀσπίδα
1306 851 1340 933 ¹).
1373 853 1527 933 Quamvis
1549 856 1633 919 mira
1655 875 1707 920 res
1730 857 1789 930 sit,
1811 857 1840 917 in

650 966 740 1024 tanta
763 966 871 1024 nostre
893 981 1000 1024 rerum
1024 962 1225 1045 ignoratione
1251 981 1359 1024 vereor
1383 981 1498 1025 nomen
1524 961 1602 1025 bene
1626 962 1775 1025 Atticum
1794 959 1840 1025 vel

650 1087 725 1130 cum
757 1065 952 1130 Franckenio
986 1072 1112 1130 mutare
1149 1069 1182 1128 in
1216 1065 1394 1139 Θεόμνηστε
1427 1066 1479 1131 vel
1511 1088 1587 1131 cum
1625 1066 1840 1153 Frohbergero

650 1174 684 1235 in
710 1171 854 1248 Λυσιίέῳ.
886 1171 996 1255 Neque
1027 1171 1124 1256 probo
1157 1191 1237 1255 quae
1268 1193 1352 1236 nunc
1384 1171 1463 1255 §21
1497 1172 1648 1237 eduntur.
1679 1172 1842 1237 Palatinus

652 1279 710 1342 hac
745 1279 884 1341 sectione
917 1280 1065 1361 inprimis
1100 1276 1185 1341 male
1216 1284 1263 1341 est
1294 1278 1433 1342 habitus.
1467 1278 1591 1363 Quippe
1623 1279 1702 1343 haec
1735 1279 1840 1343 habet:

654 1384 760 1458 δέομαι
793 1383 873 1455 ὑμῶν
893 1420 965 1429 --
988 1385 1030 1446 rei
1062 1382 1166 1445 δίκαιοι
1192 1385 1411 1462 ψηφίσασθαι,
1437 1385 1669 1459 ἐνθυμουμένους
1696 1382 1742 1449 ὅτι
1768 1386 1841 1448 πολὺ

654 1488 757 1569 μεῖζον
781 1490 873 1553 κακίν
898 1489 979 1551 ἐστιν
1003 1488 1184 1553 ἀκούσαντα
1209 1489 1259 1551 τὸν
1283 1490 1404 1565 πατέρα
1429 1489 1701 1566 ἀποβεβληκέναι.
1732 1491 1843 1556 Laccra

653 1597 746 1671 haec;
779 1616 881 1678 neque
912 1597 1019 1658 minus
1049 1594 1170 1671 lacera,
1203 1578 1257 1659 sed
1290 1594 1352 1659 alio
1384 1594 1497 1672 modo,
1530 1617 1610 1681 quae
1634 1596 1690 1661 dat
1715 1598 1844 1679 Epitcme

653 1698 722 1785 §73
756 1700 930 1777 βοηθήσατε
964 1697 1012 1764 οὖν
1044 1725 1112 1778 ροσε,
1145 1699 1356 1776 ἐνθυμούμενοι
1388 1698 1434 1765 ὅτι
1459 1702 1562 1782 μεῖζόν
1588 1704 1653 1766 ἐστι
1680 1707 1776 1768 κακὸν
1798 1707 1844 1768 τίν

653 1808 774 1885 πατέρα
810 1806 1012 1870 ἀπεκτονέναι
1050 1810 1066 1880 ἢ
1102 1809 1156 1878 τὴν
1188 1806 1308 1869 ἀσπίδα
1342 1811 1441 1884 ῥίψαι.
1474 1807 1559 1872 Hinc
1593 1807 1724 1873 ultimis
1747 1813 1843 1895 ipsius

652 1915 803 1978 orationis
826 1913 983 1977 medicina
1006 1918 1131 1996 parata,
1157 1932 1220 1995 qua
1243 1915 1308 1975 iam
1333 1933 1410 1976 usus
1434 1920 1482 1977 est
1502 1912 1713 1978 Laurentiani
1732 1917 1842 1980 scribe:

653 2021 703 2083 τὸν
735 2019 855 2098 πατέρα
883 2019 1111 2094 (ἀπεκτονέναι
1146 2020 1162 2091 ἢ
1194 2022 1249 2090 τὴν
1281 2020 1432 2087 ἀσπίδα)
1459 2019 1737 2098 ἀποβεβληκέναι,
1769 2043 1843 2107 quae

652 2129 722 2190 iure
756 2128 932 2209 meritoque
963 2131 1171 2210 susceperunt
1194 2124 1330 2189 editores
1351 2125 1389 2189 ad
1410 2146 1511 2189 unum
1532 2147 1651 2191 omnes.
1679 2129 1723 2190 At
1743 2130 1845 2192 minus

655 2238 739 2297 recte
776 2231 891 2308 multi,
935 2234 968 2295 iu
1003 2232 1053 2295 his
1088 2231 1273 2308 Scheibius,
1317 2231 1569 2308 Herwerdenus‚
1607 2232 1844 2310 Thalheimius,

655 2339 879 2403 Foertschium
897 2341 998 2401 secuti
1019 2344 1111 2414 sunt,
1133 2339 1264 2401 ἀκοῦσαί
1284 2362 1352 2399 τινα
1375 2339 1565 2402 scribentem
1584 2359 1643 2422 pro
1656 2341 1844 2403 ἀκούσαντα.

654 2444 729 2520 Gur,
752 2440 888 2528 quaeso?
912 2444 959 2507 Ne
983 2444 1086 2507 dicam
1111 2446 1303 2507 sententiam
1326 2447 1371 2507 sic
1395 2444 1529 2507 evadere
1550 2447 1684 2509 minime
1704 2454 1845 2511 accurate

655 2553 872 2626 enuntiatam,
897 2588 939 2597 —
965 2553 1084 2615 etenim
1115 2549 1197 2613 alius
1228 2556 1277 2613 est
1308 2552 1363 2633 qui
1396 2549 1447 2613 hic
1470 2550 1610 2634 paricida
1634 2551 1744 2629 audit,
1769 2551 1846 2616 elius

655 2660 821 2735 ῥίψασπις,
848 2695 889 2704 -
915 2656 1088 2721 molestum
1113 2657 1195 2720 mihi
1219 2656 1348 2720 videtur
1371 2662 1402 2719 et
1427 2677 1523 2740 supra
1546 2677 1642 2741 quam
1663 2657 1728 2722 dici
1747 2664 1847 2743 potest

654 2762 782 2827 elumbe
817 2762 965 2827 additum
999 2761 1082 2825 illud
1118 2786 1197 2826 τινα.
1235 2760 1368 2825 Dixerat
1399 2760 1570 2826 Philemon
1601 2759 1757 2828 Comicus
1788 2769 1845 2849 (ap.

656 2869 745 2934 Stob.
773 2869 878 2933 Floret.
904 2867 967 2931 Tit.
992 2864 1017 2932 O
1041 2867 1123 2951 §5ss

882 2974 966 3039 Πολὺ
990 2972 1093 3052 ροείζίν
1115 2975 1178 3038 ε’στι
1205 2978 1257 3037 τοῦ
1283 2979 1382 3042 κακῶς
1407 2971 1491 3053 ἔχειν
1516 2971 1621 3052 κακόν,

882 3079 926 3143 Τδ
953 3083 1018 3143 καθ’
1044 3078 1096 3142 ἕνα
1122 3084 1199 3143 πάσι
1223 3088 1285 3150 τοῖς
1310 3079 1575 3153 ἐπισκοπουμένοις

881 3194 953 3249 Δεῖν
978 3188 1028 3250 τδν
1053 3193 1153 3254 κακῶς
1179 3186 1295 3266 ἔχοντα
1320 3193 1382 3256 πῶς
1408 3184 1474 3264 ἔχει
1499 3188 1614 3261 λέγειν.

657 3292 812 3368 Mutetur,
834 3292 916 3376 quod
942 3313 997 3376 per
1020 3299 1162 3356 metrum
1185 3292 1277 3366 licet,
1303 3291 1363 3355 δεῖν
1389 3316 1479 3354 τινα
1505 3298 1605 3359 κακῶς
1632 3290 1749 3370 ἔχοντα
1769 3309 1846 3367 ara,

654 3401 721 3461 iam
745 3400 852 3461 minus
878 3398 991 3462 festive
1014 3398 1137 3461 dictum
1162 3400 1233 3461 orit.
1259 3396 1295 3460 ln
1319 3398 1435 3482 Lysiae
1454 3396 1524 3462 loco
1546 3400 1613 3461 sine
1633 3402 1849 3463 controversia

654 3503 803 3568 lacunosa
835 3508 881 3566 est
915 3502 1014 3566 altera
1037 3506 1213 3566 sententiae
1238 3523 1327 3586 pars;
1352 3502 1462 3586 quidni
1489 3506 1574 3587 prior
1596 3501 1745 3588 quoque?
1771 3502 1849 3583 Quid

655 3608 870 3694 supplendum
889 3612 931 3672 sit
951 3616 1035 3672 certo
1056 3611 1128 3673 sciri
1149 3631 1211 3671 non
1225 3608 1317 3671 facile
1330 3611 1462 3692 poterit,
1476 3611 1537 3671 nisi
1549 3610 1713 3692 insperata
1723 3609 1850 3673 fortuna

657 3716 707 3780 vel
732 3715 854 3780 codices
880 3713 931 3778 vel
957 3718 1070 3800 papyri
1095 3715 1249 3799 prodeant
1272 3714 1375 3778 multo
1401 3736 1498 3799 quam
1526 3713 1696 3778 Palatinus
1719 3717 1851 3800 integri·

656 3844 735 3896 ores,
762 3821 816 3885 sed
837 3823 913 3884 satis
935 3826 1058 3885 rectum
1078 3821 1216 3896 videtur,
1239 3824 1337 3885 etiam
1357 3822 1396 3883 ob
1417 3820 1681 3905 palaeographicae
1703 3824 1849 3895 rationes,

658 3928 742 4013 quod
777 3930 943 4012 proposuit
974 3926 1153 3991 Dobraeus:
1189 3926 1232 3991 δτι
1265 3927 1343 3989 πολὺ
1376 3927 1479 4008 μεῖζον
1510 3926 1601 3989 κακίν
1625 3927 1708 3989 ἐστιν
1734 3924 1849 4005 <ζῆν>

658 4037 832 4097 ἀκούσαντα
868 4049 937 4096 κτλ.
971 4033 1081 4096 Minus
1112 4031 1216 4116 placet
1240 4033 1431 4096 Hartmanni
1457 4031 1736 4117 supplementum:
1765 4041 1849 4116 (τῆς

657 4143 740 4211 tica:
774 4144 816 4211 μὲν
850 4139 1052 4217 τυγχάνειν)
1077 4141 1274 4213 ἀκούσαντα,
1307 4137 1390 4222 quod
1422 4141 1485 4214 sic,
1511 4144 1548 4200 ut
1571 4158 1673 4201 unum
1700 4146 1850 4224 tangam,

657 4247 813 4330 oppositio
833 4246 915 4307 inter
935 4244 996 4306 dno
1017 4246 1192 4307 sententiae
1212 4244 1357 4306 membra
1369 4242 1421 4307 vel
1434 4245 1612 4326 perversior
1625 4242 1670 4306 tit.
1696 4242 1850 4328 Denique,

652 4355 712 4416 etsi
733 4351 928 4432 habeatque
949 4370 982 4412 se
1001 4348 1203 4412 commendet
1225 4347 1456 4412 Westermanni
1480 4351 1662 4412 coniectura
1683 4348 1759 4431 §29
1781 4357 1849 4417 ταῖς

688 4604 1852 4671 ΙΗΜΜΜΜΜΜΨΜΜΜΜΜΨΜΜΜΜΜΜΜΜ

656 4744 723 4794 posse
734 4729 794 4777 unde
804 4730 913 4774 exortum
922 4725 961 4783 sit,
968 4724 987 4772 si
996 4740 1116 4772 sumemus
1126 4725 1150 4772 in
1160 4725 1287 4789 archetypo
1296 4724 1410 4787 scriptum
1420 4724 1492 4773 luisse
1499 4725 1539 4773 sic:
1549 4685 1853 4785 ΕΙΠόΤΙὸἑΡΡΙΦΕΝΑΙ,

654 4812 735 4874 itaque
754 4824 883 4875 pronomen
899 4808 949 4856 illic
966 4823 1012 4855 uon
1031 4804 1058 4854 in
1076 4805 1182 4868 πλήρους
1201 4809 1273 4857 fnisse
1290 4806 1457 4871 perscriptum.
