4525 5950
618 1212 688 1301 DD
716 1210 960 1300 THDRACD
989 1211 1134 1300 APUD
1164 1209 1447 1302 HOMDRUM.

980 1448 1104 1490 somnam

733 1632 1060 1726 MATTHAEUS
1090 1631 1339 1699 VALD'PON.

796 1788 1033 1865 (Οοιιώίιοιιοιοώιιο
1056 1809 1071 1850 ο
1089 1809 1162 1873 paq.
1188 1785 1279 1866 128.)

943 2087 1130 2132 —fflo-

999 2344 1069 2433 ηο.

440 2571 483 2620 De
507 2570 590 2631 locis,
610 2569 659 2619 nor
677 2570 751 2636 θώρηξ
768 2574 809 2619 eet
828 2569 933 2620 inteue
1014 2567 1091 2632 Looi
1112 2586 1245 2630 numero
1264 2585 1379 2630 novem
1398 2571 1488 2642 sunt,
1510 2565 1626 2650 quibus

476 2657 582 2721 8⁰¹²&ss
600 2656 701 2706 “mm
719 2658 830 2706 mm·
971 2672 1064 2750 θώρηξ
1087 2677 1357 2738 commemoratur
1379 2673 1482 2736 itaut
1500 2691 1626 2736 necesse

439 2783 483 2844 sit
507 2799 632 2844 censeas
656 2778 693 2844 de
717 2779 843 2843 thorace
866 2784 963 2844 aeneo
987 2782 1051 2867 agi.
1076 2778 1202 2844 Thorax
1226 2781 1311 2843 enim
1334 2797 1353 2842 a
1373 2776 1513 2843 Vulcano
1532 2778 1626 2843 fabri-

438 2893 531 2952 catus
561 2889 632 2971 quis
664 2885 790 2950 dubitet
820 2888 897 2970 quin
927 2872 1047 2951 aeneus
1073 2882 1138 2950 siti
1169 2886 1292 2950 Ahneus
1315 2886 1418 2970 igitur
1441 2891 1489 2949 est
1512 2884 1626 2949 thorax

438 3015 537 3080 quem
574 3003 600 3056 Θ
628 2992 692 3058 194
728 2992 848 3057 Hector
882 2993 1040 3079 gloriatur
1071 2991 1221 3058 Diomedi
1255 3012 1288 3059 se
1320 2991 1542 3069 ademturum,
1574 2994 1625 3055 τὸν

437 3098 619 3178 Ἥφαιστος
655 3100 748 3173 'ndns
779 3099 908 3177 τεύχων.
941 3097 1087 3183 Itemque
1118 3103 1234 3164 atneus
1263 3100 1307 3171 is,
1339 3118 1434 3182 quem
1465 3096 1626 3162 Vulcanus

437 3213 572 3293 gratum
602 3205 744 3270 facturus
772 3203 901 3270 Thetidi
931 3207 1053 3290 petenti
1075 3211 1113 3269 ut
1138 3205 1170 3269 et
1192 3202 1256 3269 alia
1279 3201 1344 3268 filio
1367 3203 1515 3289 praebeat
1537 3224 1627 3270 arma

439 3312 514 3389 „sai
541 3311 677 3390 ώώρηιιο”
705 3310 819 3388 2460,
844 3332 919 3376 cum
942 3313 1054 3376 ceteris
1077 3309 1204 3375 conficit
1229 3295 1334 3375 2610
1357 3310 1549 3390 Φοιεινδτιρον
1572 3334 1627 3374 πυ-

436 3421 486 3498 ρὸς
511 3420 631 3494 οὐρῆς,
655 3438 751 3502 quem
775 3417 882 3482 induit
905 3416 1046 3483 Achilles
1068 3425 1097 3480 T
1112 3414 1189 3482 371.
1212 3416 1312 3482 Porro
1335 3421 1450 3481 oeneus
1474 3422 1522 3482 est
1543 3416 1626 3503 Aga·

437 3525 620 3589 memnonis
650 3525 764 3589 thorax
788 3535 816 3588 Λ
841 3522 892 3602 19,
918 3544 1014 3609 quem
1042 3529 1205 3610 acceperat
1227 3543 1246 3587 a
1269 3520 1388 3608 Cinyra
1410 3543 1486 3608 rege
1509 3520 1625 3608 Cypri,

436 3636 490 3695 τοῦ
525 3629 550 3693 δ’
575 3625 592 3701 ἦ
623 3653 667 3692 τοι
700 3628 774 3693 δέκα
797 3624 874 3703 οἶμοι
902 3627 975 3693 luae
998 3628 1129 3705 μέλανος
1159 3629 1292 3705 κυάνοιο,
1317 3627 1432 3693 δώδεκα
1455 3627 1486 3692 δὲ
1510 3633 1624 3710 χρυσοῦ

438 3737 493 3803 xa}
514 3737 635 3801 εἰεώιιοοι
661 3736 867 3814 κασσιτέροιο,
892 3740 924 3801 et
946 3736 1130 3821 Asteropaai
1155 3744 1184 3799 Ψ
1199 3732 1265 3799 560
1277 3755 1357 3819 sqq„
1378 3728 1399 3814 ᾧ
1424 3734 1490 3811 περὶ
1514 3739 1625 3813 χεῦμα

437 3847 567 3920 Φοιεινοῦ
581 3842 767 3919 ιιοιοοιτὲροιο
782 3842 1020 3920 ἀμφιδεδίνηται
1037 3841 1070 3923 ¹).
1084 3839 1168 3905 Tum
1182 3839 1274 3918 θώρηξ
1285 3838 1425 3926 Megetis
1438 3849 1465 3903 0
1481 3838 1545 3904 529
1558 3862 1624 3926 sqq.

436 3953 485 4014 ita
505 3946 684 4013 celebratur
703 3953 740 4012 ut
757 3946 839 4012 nihil
859 3947 949 4012 dubii
969 3953 1067 4013 restet
1086 3949 1163 4032 quin
1182 3945 1419 4032 intellegendus
1438 3948 1481 4011 sit
1500 3952 1625 4026 cineus,

436 4063 471 4121 et
494 4053 632 4119 Patrocli
656 4052 748 4130 θώρηξ
758 4103 766 4130 ,
792 4074 888 4139 quem
908 4053 1004 4118 solvit
1024 4052 1141 4139 Apollo
1162 4062 1189 4118 Π
1204 4050 1269 4117 304
1290 4073 1351 4138 quo
1364 4052 1626 4119 nudumheroim

438 4161 586 4227 hostibus
625 4160 760 4237 obiciat,
799 4163 862 4224 nisi
900 4165 1016 4225 aenens
1054 4159 1198 4248 fingitur,
1235 4180 1298 4224 non
1333 4180 1413 4244 opus
1449 4167 1517 4225 erat
1549 4181 1625 4225 enm

439 4266 534 4332 solvi.
575 4265 740 4331 Postremo
780 4266 962 4332 thoracibus
995 4268 1101 4331 eineis
1134 4264 1264 4330 indutos
1298 4267 1470 4330 certamine
1502 4265 1626 4332 ludicro

438 4393 582 4459 pugnare
607 4370 748 4437 vidimus
761 4371 787 4449 ²)
812 4372 942 4437 Aiacem
965 4379 998 4437 et
1020 4370 1209 4438 Diomedem
1233 4380 1262 4435 Ψ
1276 4369 1340 4435 811
1354 4391 1433 4456 sqq„
1458 4370 1515 4435 hos
1538 4374 1625 4439 enim

437 4502 457 4546 a
487 4477 699 4544 multitudine
729 4478 871 4544 secedere
896 4486 925 4541 Ψ
941 4477 1006 4544 813
1030 4478 1071 4544 ad
1094 4476 1261 4543 armandos
1284 4498 1336 4557 se,
1360 4477 1445 4563 quod
1467 4480 1524 4545 vix
1546 4499 1626 4566 opus

476 4738 503 4803 1)
521 4737 582 4786 Vide
600 4752 673 4802 supra
689 4752 713 4801 [ρ.
732 4734 789 4784 112.
1087 4734 1116 4802 3)
1134 4734 1213 4801 supr·
1228 4749 1252 4803 p.
1271 4732 1326 4788 itt.
