4525 5950
933 720 1173 769 uuuoeuuuuue.
1603 702 1646 768 23

457 992 643 1071 ἐπιώρκηκε·
668 992 743 1057 vide
766 992 860 1059 mode
883 993 1120 1079 praecedentem
1144 997 1392 1082 paragraphum.

864 1222 976 1280 ΠΡΟΣ
1001 1224 1249 1281 ΠΟΛΤΚΑΕΛ.

507 1400 525 1484 §
547 1398 567 1464 6
586 1420 619 1484 p.
642 1397 747 1473 1208:
768 1399 889 1476 ίρῦντες
912 1400 942 1462 ἕν
962 1401 1004 1478 τῷ
1026 1407 1164 1475 Πειραιεῖ
1181 1399 1232 1463 τὸν
1244 1407 1326 1464 σῖτον
1347 1401 1646 1478 ε’πιτιμοίμενον

458 1506 513 1568 καί
547 1508 598 1571 οῦκ
622 1504 696 1568 ίντα
721 1503 849 1586 ἄφθονον
874 1507 1021 1571 ὠνεῖσθαι.
1046 1502 1125 1572 0011.
1151 1506 1268 1572 Αοοσιί.
1292 1506 1351 1571 Bk.
1376 1529 1406 1593 p.
1431 1507 1507 1574 255.
1522 1508 1560 1574 6:
1585 1510 1647 1574 ἐπι-

457 1613 679 1687 πετιμημένον·
705 1616 738 1677 τὸ
763 1615 887 1687 τίμησιν
911 1611 996 1699 (lege
1020 1613 1210 1692 ἐπιτίμησιν)
1229 1613 1280 1677 καί
1302 1613 1443 1678 ἐπίτασιν
1464 1616 1493 1678 ἐν
1512 1626 1550 1696 τῇ
1570 1626 1645 1697 τιμῇ

458 1717 573 1795 aalide,
604 1717 673 1784 illie
705 1739 830 1805 quoque
860 1719 1084 1805 corrigendum
1107 1718 1188 1786 duee
1211 1720 1388 1806 perfeetum
1411 1722 1647 1799 ἐπιτετιμη-

455 1824 587 1900 μένον.

506 2044 621 2131 §ssp
648 2044 752 2109 1208:
784 2045 978 2124 ἐψηφίσασθε
1004 2043 1062 2116 τοίς
1085 2069 1120 2109 τε
1145 2049 1217 2117 ναῦς
1241 2046 1399 2111 καίέλκειν
1422 2049 1490 2121 τοὺς
1514 2049 1647 2129 τριηροίρ-
1707 2072 1713 2085 ·

456 2175 535 2231 χοῦς
557 2152 609 2216 καί
633 2150 937 2232 παρακομίζειν
961 2154 976 2216 ε’
984 2154 1026 2216 πί
1047 2154 1082 2216 τί
1100 2159 1210 2235 χῶμα.
1235 2152 1317 2234 Quid
1336 2156 1379 2219 sii
1397 2161 1495 2235 χῶμα
1505 2153 1647 2242 legimus

456 2261 493 2323 in
526 2259 662 2344 Argum.
694 2257 781 2322 Orat.
813 2258 851 2324 de
884 2256 995 2325 Coron.
1021 2257 1139 2324 'Prien
1172 2259 1206 2322 τὸ
1229 2262 1327 2340 χῶμα
1351 2259 1376 2323 δ’
1402 2258 1435 2335 ἦν
1458 2262 1646 2339 οἰκοδόμημα

457 2367 490 2428 ἐν
522 2366 563 2446 τῷ
594 2365 694 2441 λιμένι
726 2365 978 2444 προβεβλημένον
1010 2368 1229 2443 προσορμίσειος
1260 2363 1348 2431 ἕνεκα
1372 2368 1423 2431 καί
1447 2369 1564 2447 ιίγοροῦς
1589 2376 1646 2433 τῶν

457 2475 587 2538 ναυτῶν.
622 2471 807 2537 Habuimus
841 2480 949 2537 autem
986 2472 1122 2538 uerbum
1154 2472 1375 2554 παρακομίζειν
1409 2472 1526 2540 Laerit.
1563 2474 1646 2560 §32

457 2601 491 2664 p.
514 2577 598 2643 933:
622 2582 657 2642 τὸ
677 2579 804 2656 τοίριχος
823 2579 964 2657 οίνίρῶπςο
984 2578 1041 2642 τιιῖ
1062 2581 1189 2657 γεωργῷ
1210 2576 1447 2659 παρεκομίζετο,
1468 2580 1522 2646 sed
1541 2602 1645 2658 sensu,

457 2688 510 2751 uii
534 2685 641 2764 uides,
673 2683 768 2771 louge
800 2684 924 2750 diverso
955 2685 994 2750 ab
1024 2706 1062 2750 eo
1093 2706 1190 2770 quem
1213 2684 1265 2751 hie
1286 2684 1376 2750 loeus
1400 2689 1541 2771 requirit.
1572 2687 1648 2751 Pru

458 2795 569 2879 prium
600 2793 736 2856 verbum
766 2799 814 2856 eet
843 2794 877 2856 in
905 2812 941 2857 ea
964 2812 998 2856 re
1021 2790 1237 2872 περιορμίζειν·
1263 2789 1376 2858 Geren.
1400 2794 1564 2858 trierareh.
1588 2796 1606 2878 §
1626 2795 1646 2857 4

459 2922 492 2986 p.
520 2897 624 2963 1229:
657 2894 686 2969 ῦς
718 2898 756 2962 ῶν
785 2900 829 2975 μέρ
860 2898 915 2977 πρὸ
942 2905 996 2972 τῆς
1022 2893 1087 2972 ἕνης
1112 2899 1165 2963 καί
1189 2899 1258 2970 νέας
1285 2898 1346 2962 ἐπὶ
1374 2906 1472 2981 χῶμα
1495 2902 1549 2975 τέρν
1574 2905 1647 2964 ναῦν

458 3006 634 3087 περιορμίση
657 3010 690 3072 ei
713 3008 731 3091 ἓ
752 3003 771 3071 ’ί
795 3028 825 3091 p.
853 3004 957 3070 1230:
981 3011 1033 3070 τοῦ
1057 3007 1114 3082 μὲν
1139 3008 1183 3080 μη
1208 3013 1398 3084 περιορμίσαι
1423 3008 1476 3080 την
1500 3012 1573 3071 ναῦν
1596 3007 1646 3071 τίν

457 3113 688 3188 μεμισθωμένον
708 3112 877 3177 αἰτιᾶσθαι.
897 3111 1065 3177 Praeterea
1084 3111 1204 3177 Pollux
1222 3112 1238 3176 Ι
1257 3111 1354 3197 §122
1373 3133 1411 3178 ex
1432 3112 1647 3180 Demosthene

457 3219 568 3285 laudet
600 3216 797 3297 περιορμίζειν
827 3220 881 3291 τίην
913 3223 986 3282 ναῦν
1017 3219 1082 3295 περί
1108 3220 1142 3282 τὸ
1167 3226 1264 3296 χῶμα
1287 3219 1424 3304 indeque
1447 3218 1571 3305 Polyel.
1595 3219 1646 3305 §6

460 3348 493 3411 p.
518 3325 604 3391 1208
628 3326 783 3390 scribam:
805 3324 962 3388 καίέλκειν
981 3325 1051 3395 τοῦς
1072 3328 1269 3404 τριηράρχους
1289 3327 1341 3389 καί
1365 3325 1647 3407 περιορμίζεικ

458 3434 550 3510 περὶ
583 3434 617 3498 τί
649 3435 746 3510 χῶμα
781 3439 813 3496 ei
842 3428 955 3497 Ουτοι).
980 3429 1081 3495 Trier.
1107 3433 1124 3515 ᾖ
1146 3430 1166 3495 4
1189 3453 1221 3517 p.
1247 3431 1351 3497 1229:
1383 3429 1413 3503 ῦς
1439 3434 1478 3497 ίιν
1501 3437 1544 3509 μη

457 3540 548 3616 περὶ
573 3544 670 3619 χῶμα
695 3540 749 3611 τίιν
772 3542 844 3601 ναῦν
868 3539 1052 3617 περιορμίση.

504 3764 523 3847 ᾗ
541 3759 560 3827 7
580 3783 611 3847 p.
634 3759 739 3826 1208:
762 3757 806 3823 ἐτι
828 3759 859 3824 ii
881 3760 1018 3825 σκεύεσιν
1038 3760 1120 3830 ίδίοις
1141 3761 1196 3833 την
1216 3763 1287 3822 ναῦν
1308 3755 1409 3823 ι’ίπασι
1429 3761 1647 3824 κατεσκεύασα

458 3868 511 3932 καί
536 3873 594 3931 τῶν
618 3867 767 3941 δημοσίων
787 3867 902 3943 ἔλαβον
923 3865 1003 3931 οὐδὲν
1027 3866 1093 3930 καί
1117 3866 1249 3945 κίσμῳ
1272 3867 1310 3936 ῶς
1331 3860 1388 3928 eide
1408 3867 1437 3928 τ’
1454 3862 1486 3940 ἦν
1507 3867 1645 3935 κοίλλιςα

457 3976 511 4038 καί
546 3972 781 4054 διατρεπέτοιτα
812 3979 869 4036 τῶν
901 3973 1100 4052 σριηροίρχοιν.
1132 3971 1183 4037 Ad
1214 3992 1282 4035 rem
1313 3971 1353 4035 ef.
1379 3970 1459 4056 §34
1484 3994 1514 4057 p.
1542 3971 1645 4038 1217:

457 4079 694 4159 ῦπερπέπαικας
726 4079 849 4158 πλούτιρ
873 4080 942 4150 τοὺς
967 4077 1099 4156 ἄλλους,
1123 4076 1181 4147 rice
1206 4079 1257 4142 καί
1282 4079 1373 4149 σκεύη
1400 4076 1462 4142 iura
1487 4077 1570 4157 ἐχειν
1593 4079 1645 4143 καὶ

457 4187 608 4262 κίσμον
628 4185 892 4266 χροείπαοον
912 4185 1027 4259 μίνος
1049 4192 1105 4249 τῶν
1126 4185 1324 4264 τριηροίρχον,
1345 4183 1399 4248 sed
1418 4183 1457 4248 ad
1470 4187 1645 4249 sententiae

457 4296 682 4379 integritatem
712 4292 835 4377 aliquid
870 4292 967 4358 deest.
1003 4292 1133 4358 Reiakio
1168 4312 1229 4355 non
1264 4293 1415 4356 suecessit
1448 4291 1628 4356 emendatio
1636 4312 1644 4370 ;

459 4403 641 4485 scripserim
667 4398 832 4484 equidem:
860 4405 1129 4475 κατακοσμῶν
1153 4401 1190 4468 ῶς
1215 4393 1272 4462 οίίν
1296 4423 1329 4461 τε
1355 4395 1387 4472 ἦν
1414 4394 1563 4463 aduisa.

503 4623 522 4706 ξ
542 4620 562 4686 8
586 4644 617 4707 p.
643 4619 744 4686 1208:
770 4618 861 4693 δόξαν
881 4619 943 4696 γὰρ
965 4619 1033 4693 ὑμῖν
1055 4620 1126 4696 ὑπὲρ
1146 4624 1203 4680 τῶν
1224 4617 1358 4692 δημοτῶν
1379 4617 1450 4688 τοὺς
1470 4616 1645 4693 βουλευτὰς

456 4732 642 4806 ἀπενεγκεῖν
672 4728 741 4799 τοῦς
774 4731 1017 4805 προεισοίσοντας
1041 4732 1098 4788 τῶν
1124 4750 1159 4788 τε
1183 4726 1318 4801 δημοτῶν
1343 4725 1394 4787 καί
1418 4731 1476 4787 τῶν
1500 4728 1645 4799 ἐγκεκτη·
1714 4743 1717 4748 ·

459 4839 570 4915 με’νοιν,
594 4836 913 4917 προοαπηνέχίη
939 4856 1012 4910 μου
1036 4831 1168 4908 τοῦνομα
1194 4831 1222 4895 ἐν
1241 4840 1371 4910 τριττοῖς
1393 4831 1507 4908 δήμοις.
1531 4830 1647 4896 Unius-
