4525 5950
641 681 708 748 432
1002 702 1045 748 nr
1067 702 1184 749 mma
1206 703 1311 749 suras
1334 703 1470 751 xmus

530 861 533 866 ’
639 867 842 934 tractandum
867 869 1017 951 supersit.
1039 866 1088 930 lta
1113 870 1261 932 venimus
1282 867 1322 932 ad
1344 871 1587 953 inscriptionem
1611 869 1653 934 de
1672 870 1839 936 Hecatom·

641 974 722 1059 pedo
751 994 781 1057 q.
806 995 837 1037 v.
861 972 883 1036 f.
904 973 937 1049 ¹).
973 971 1091 1037 Omnes
1120 972 1349 1057 explicationes
1380 995 1398 1037 a
1430 977 1508 1038 siris
1531 974 1637 1039 doctis
1663 980 1839 1062 propositae

640 1080 725 1143 mihi
754 1077 941 1164 displicent,
973 1100 1076 1163 neque
1107 1079 1188 1143 mihi
1220 1081 1358 1164 contigit
1390 1096 1428 1143 ut
1459 1083 1638 1164 reperirem
1665 1081 1840 1147 meliorem.

640 1185 835 1250 Persuasum
866 1192 977 1248 autem
1007 1184 1089 1248 mihi
1121 1194 1170 1248 est
1200 1207 1248 1249 rs.
1275 1184 1295 1248 9
1321 1187 1354 1248 ἐκ
1379 1192 1417 1247 rc*
1437 1186 1483 1249 νεό
1509 1190 1561 1248 ui
1590 1194 1630 1249 rc·
1651 1190 1769 1264 fene
1793 1191 1840 1252 ssi

640 1295 680 1353 τε·
699 1290 785 1365 licus*
805 1293 897 1354 unice
921 1311 1036 1354 rerum
1059 1311 1146 1365 esse,
1171 1310 1246 1353 nam
1270 1291 1347 1354 haec
1371 1305 1499 1355 tentum
1523 1293 1624 1356 verba
1649 1298 1842 1359 consecutio

641 1417 716 1460 nem
734 1404 853 1460 rectam
872 1395 1018 1461 locorum
1039 1397 1203 1481 praebent.
1227 1403 1277 1460 Tc·
1295 1401 1367 1473 τρὲς
1380 1395 1410 1460 ἕο
1422 1396 1550 1473 μεγάλε
1563 1398 1653 1473 Reae·
1660 1403 1696 1462 in
1707 1399 1842 1464 lectione

639 1500 809 1566 Michaelis
831 1501 903 1566 ideo
928 1499 1092 1586 displicet,
1117 1501 1202 1587 quod
1225 1508 1257 1566 et
1282 1501 1416 1566 voculae
1434 1505 1506 1577 πρὸς
1526 1502 1566 1565 ἔω
1585 1526 1842 1589 supervacaneus

640 1618 733 1685 sunt;
757 1628 830 1671 nam
856 1627 944 1671 aram
967 1628 1120 1692 magnam
1142 1606 1236 1672 alteri
1259 1611 1376 1692 opponi
1396 1629 1477 1694 opus
1496 1630 1559 1674 non
1584 1622 1654 1685 est,
1679 1624 1712 1675 et
1738 1633 1843 1676 secun

641 1712 719 1776 dum
750 1716 932 1798 opinionem
964 1713 1150 1790 Michaelis,
1182 1716 1238 1798 qui
1262 1715 1314 1775 ris
1338 1717 1408 1776 sehr
1432 1735 1489 1797 pro
1513 1713 1701 1780 Erechtheo
1725 1720 1840 1791 sumit,

640 1818 894 1884 additamentum
926 1820 996 1891 πρὸς
1023 1818 1059 1881 ἔω
1084 1821 1241 1883 vitiosum
1264 1825 1323 1882 est.
1356 1817 1487 1882 Stercus
1509 1817 1669 1905 colligere
1692 1824 1756 1884 ὶυὲ
1780 1828 1839 1885 tir

641 1925 676 1989 τὸ
707 1925 939 1997 ’Ἑκατόμπεδον
970 1945 1081 1989 vereor
1112 1931 1149 1988 ut
1181 1924 1245 1988 dici
1275 1926 1395 2009 possit,
1426 1946 1502 1989 cum
1533 1929 1668 1990 nonsit
1692 1935 1838 2004 area,nt

640 2037 735 2116 putot
763 2029 881 2107 Korte,
914 2029 969 2095 sed
1000 2028 1170 2115 templum.
1202 2030 1389 2107 Praeterea,
1422 2040 1496 2094 utut
1519 2042 1786 2117 argumentatur,
1808 2038 1837 2097 in

641 2136 809 2202 Michaelis
840 2135 977 2201 lectione
1007 2140 1070 2198 πᾶν
1098 2139 1134 2200 in
1157 2141 1221 2199 riv
1245 2140 1279 2199 τὸ
1305 2135 1541 2210 Ἑκατόμπεδον
1565 2136 1655 2202 hand
1680 2154 1769 2204 recte
1790 2160 1839 2202 ex-

641 2242 796 2329 plicatur;
821 2242 879 2306 hoc
899 2248 1026 2306 tantum
1050 2241 1119 2306 fieri
1143 2249 1249 2327 potest
1272 2245 1300 2306 si
1325 2249 1395 2305 νεών
1417 2264 1474 2328 per
1493 2240 1621 2308 Oellnm
1642 2245 1838 2330 explicemus

641 2369 715 2413 eum
744 2346 935 2432 Dirpleldo,
959 2368 1060 2430 neque
1083 2348 1208 2412 obstare
1232 2347 1362 2411 videtur
1384 2369 1447 2412 vox
1472 2349 1604 2423 ε’μτέλιι
1631 2357 1698 2428 (rs.
1725 2352 1759 2429 1)
1782 2351 1838 2415 col·

640 2453 707 2518 lato
736 2453 805 2518 loco
835 2453 1034 2529 Herodotco,
1066 2453 1123 2517 ubi
1153 2457 1188 2518 τὸ
1215 2453 1351 2529 μέγαρον
1375 2464 1662 2520 commemoratur.
1696 2456 1837 2542 Denique

640 2578 705 2624 una
736 2558 830 2624 litera
861 2584 879 2622 ι
909 2562 993 2624 sitne
1016 2561 1155 2638 ιειροτίο
1179 2558 1231 2625 vel
1256 2561 1351 2623 sisto
1372 2558 1509 2646 legenda
1531 2582 1591 2645 pro
1614 2568 1707 2627 certo
1730 2566 1837 2648 nequit

641 2668 753 2730 statui.

685 2770 757 2836 Non
790 2774 977 2857 negaverim
1012 2770 1129 2835 Pericli
1159 2770 1331 2835 consilium
1367 2772 1467 2836 fnisse
1506 2781 1580 2857 post
1619 2773 1836 2840 Erechtheum

640 2879 818 2963 perlectum
843 2877 1119 2963 Hecatompedum
1144 2876 1355 2953 demoliendi,
1380 2877 1454 2953 sed,
1480 2885 1516 2941 ut
1540 2882 1673 2963 saepius
1697 2882 1838 2946 ohserva-

640 2989 690 3049 rit
711 2983 919 3070 Dbrpfeldns,
943 3007 1008 3050 nou
1030 2993 1079 3049 est
1099 2984 1356 3049 obliviscendum
1379 2985 1525 3049 studium
1547 2984 1634 3050 illud
1654 2987 1836 3053 aedificandi

640 3111 841 3176 nequaquam
873 3094 1068 3176 permovisse
1097 3091 1274 3155 secerdotes
1298 3099 1355 3155 eut
1379 3094 1464 3155 cives
1489 3093 1672 3176 priscorum
1698 3107 1837 3173 amantes

641 3203 679 3261 nt
708 3196 851 3261 aedificia
876 3198 937 3260 sibi
960 3217 1033 3262 cera
1055 3198 1316 3262 reformatoribus
1340 3195 1407 3260 illis
1429 3199 1670 3281 permitterent.
1703 3199 1837 3264 Omnino

638 3310 747 3367 autem
776 3306 983 3367 temerarium
1010 3308 1059 3367 est
1085 3302 1273 3368 concludere
1299 3310 1371 3388 post
1394 3302 1635 3367 Parthenonem
1660 3306 1837 3389 perfectum

637 3411 795 3474 aerarium
820 3412 977 3472 sociorum
1001 3412 1034 3473 iu
1058 3409 1295 3473 Parthenonem
1319 3429 1388 3473 esse
1411 3407 1617 3472 translatum.

682 3516 827 3600 Denique
853 3515 1072 3590 Ὀπισθόδομος
1096 3537 1160 3579 vox
1185 3515 1347 3601 significet
1372 3516 1557 3591 Posticum,
1583 3529 1711 3599 partem
1740 3533 1837 3603 poste

637 3624 754 3685 riorem
786 3619 900 3706 templi
932 3619 985 3684 vel
1008 3620 1155 3684 aedificii.
1184 3623 1316 3684 Atrium
1341 3619 1551 3684 Parthenonis
1574 3641 1652 3685 cum
1678 3621 1835 3687 vestibulo

637 3725 825 3792 occidentali
855 3726 1074 3801 'Orrcts'iepcs
1107 3724 1262 3811 appellari
1293 3746 1403 3810 posse,
1435 3732 1472 3789 ut
1505 3725 1590 3811 spnd
1622 3726 1834 3793 Plutarchum

637 3832 791 3912 (Demetr.
823 3832 891 3910 23),
922 3853 1017 3896 nemo
1049 3836 1235 3917 negaverit,
1267 3831 1322 3896 sed
1346 3831 1456 3896 eodem
1482 3831 1576 3897 modo
1599 3831 1833 3921 Hecutompedi

638 3947 740 4006 totam
772 3949 896 4025 partem
927 3937 1172 4014 occidentalem,
1202 3941 1270 4002 sive
1295 3939 1336 4001 τὰ
1359 3938 1410 4001 δύο
1434 3938 1612 4015 οἰκήματα,
1639 3942 1675 4003 τὸ
1699 3943 1831 4018 ulysses

638 4048 722 4121 μετὰ
752 4052 804 4110 τσῦ
828 4047 938 4121 rodere
962 4047 1076 4120 αὐτοῦ,
1101 4052 1186 4109 recte
1209 4042 1441 4129 appellabimus
1464 4044 1699 4119 'Orsrlc'beucm
1726 4046 1830 4131 Neque

638 4152 706 4217 ulla
736 4161 784 4217 est
815 4172 927 4228 cansa,
951 4150 1198 4215 concredemus
1222 4170 1340 4214 nomeu
1362 4150 1583 4224 ‘Orsctcboucv
1606 4158 1715 4215 aetate
1739 4152 1831 4216 Hero

639 4260 707 4324 doti
737 4281 797 4323 uon
831 4260 991 4333 extitisse,
1024 4256 1109 4341 quod
1140 4256 1225 4320 dicat
1255 4258 1289 4318 τὸ
1314 4254 1450 4332 μέγαρον
1474 4254 1509 4317 τὸ
1535 4257 1607 4332 πρὸς
1634 4258 1767 4334 ἑσπέρην
1789 4281 1831 4319 τε·

639 4365 824 4441 respuisse,
860 4363 944 4448 quud
978 4366 1116 4449 signicet
1151 4359 1275 4427 Oellum
1309 4359 1537 4425 occidentalem
1572 4382 1650 4426 cum
1683 4361 1736 4427 vel
1768 4366 1830 4427 sine

638 4470 799 4539 vestibulo
829 4468 1033 4543 occidentali,
1065 4489 1162 4552 quem
1186 4467 1373 4554 legitimum
1395 4470 1465 4532 sius
1487 4469 1611 4531 exitum
1638 4467 1741 4534 fuisse
1764 4472 1829 4553 quis

639 4585 753 4664 neget,
786 4578 969 4661 oppositum
999 4572 1108 4640 Cellae
1132 4573 1224 4650 deae,
1249 4575 1291 4651 τῷ
1314 4574 1442 4653 μεγάρῳ
1467 4576 1539 4636 κατ’
1564 4570 1692 4652 {kexis
1725 4576 1829 4659 Neque

677 4812 702 4872 1)
724 4811 766 4858 Dia
785 4808 1091 4873 Hecttompcdoninschrilt
1108 4807 1188 4856 C.1.a.
1208 4807 1242 4854 tv
1265 4809 1284 4853 l.
1297 4807 1336 4863 le,
1358 4807 1392 4854 19.
