4525 5950
537 703 602 768 334
1059 721 1201 770 recrros.

533 890 560 952 si
578 890 774 972 ineptiarum
794 908 883 952 amor
900 889 962 951 iste
981 889 1127 973 pertinax
1146 887 1374 973 aliquantisper
1392 887 1594 974 grassabitur
1605 886 1717 954 etiam!

579 996 618 1059 A.
643 993 715 1073 XII,
741 992 794 1059 67.
820 993 986 1071 „Infusum
1011 992 1192 1059 delectabili
1214 997 1244 1059 ci
1267 993 1374 1059 boleto
1396 995 1590 1059 venenum.”

579 1101 680 1166 Unice
711 1121 787 1166 vera
817 1103 898 1165 ratio
930 1106 978 1165 est
1008 1099 1120 1166 Orellii
1143 1104 1187 1165 sic
1209 1099 1366 1188 legentis:
1390 1102 1526 1185 infusam
1550 1101 1720 1164 delectabit

535 1207 596 1272 cibo
620 1229 769 1272 cenenum.
795 1206 877 1271 Nam
901 1228 975 1271 cum
999 1206 1128 1272 Tacitus
1152 1209 1260 1292 ipsum
1283 1208 1373 1272 boleti
1397 1229 1512 1274 nomen
1531 1210 1720 1294 sprevisset,

533 1321 566 1380 et
596 1315 756 1398 exquisite
786 1312 945 1378 locutione
976 1314 1147 1377 delectabili
1177 1315 1239 1377 cibo
1271 1334 1349 1378 usus
1380 1320 1477 1392 esset,
1512 1313 1595 1379 illud
1628 1334 1720 1399 supra

530 1420 650 1486 Eneam
684 1419 828 1505 cdpinxit
859 1418 986 1484 sciolus.
1019 1419 1112 1485 Nunc
1144 1422 1382 1485 annotationem
1412 1419 1591 1486 luctantem
1624 1424 1719 1486 etiam

533 1529 710 1604 cernimus,
742 1528 834 1591 utin
858 1525 996 1591 alienam
1019 1529 1138 1612 irrepat
1162 1527 1287 1604 sedem,
1311 1549 1375 1592 non
1399 1529 1466 1592 sine
1489 1530 1559 1592 veri
1580 1529 1721 1614 iustique

533 1634 656 1699 domini
679 1633 881 1698 detrimento.

579 1741 616 1804 A.
649 1738 738 1817 Xlll,
764 1737 817 1803 35.
850 1737 933 1816 „Sed
965 1736 1137 1805 Corbuloni
1168 1738 1241 1826 plus
1264 1738 1359 1804 molis
1381 1738 1532 1805 adversus
1555 1742 1720 1825 ignaviam

531 1845 677 1911 militum
712 1867 809 1931 quam
844 1852 951 1911 contra
986 1845 1152 1931 perfidiam
1186 1847 1330 1911 hostium
1361 1851 1438 1912 erat.
1472 1845 1598 1932 Quippe
1630 1846 1721 1933 Syria

531 1958 725 2018 transmotae
760 1951 922 2038 legiones,
957 1972 1033 2039 pace
1067 1950 1166 2039 longo
1201 1973 1331 2038 segnes,
1363 1955 1474 2018 munia
1503 1952 1719 2018 Romanorum

535 2062 710 2147 aegerrime
733 2058 943 2124 tolerabant.''

580 2167 666 2247 Quae
695 2166 843 2251 deinceps
867 2164 1026 2252 legimus:
1053 2168 1151 2243 „satis
1174 2168 1320 2231 constitit
1343 2167 1441 2232 fuisse
1464 2168 1497 2231 in
1521 2186 1558 2231 eo
1582 2169 1720 2232 exercitu

535 2279 720 2349 veteranos,
752 2275 808 2356 qui
839 2293 901 2337 non
933 2274 1122 2351 stationem,
1152 2293 1215 2337 non
1247 2271 1377 2359 vigilias
1406 2274 1540 2337 inissent
1574 2293 1601 2336 e.
1623 2294 1654 2358 q.
1676 2271 1720 2337 s.”

536 2385 649 2468 cuncta
667 2386 766 2442 caetra
784 2383 936 2463 spectant.
956 2377 1018 2443 scd
1037 2377 1190 2456 lectione,
1212 2399 1309 2464 quam
1322 2382 1487 2465 proposuit
1498 2378 1720 2465 Nipperdeius,

535 2485 636 2550 mucia
660 2493 821 2548 castrorum
844 2486 1043 2548 Romanorum
1066 2505 1169 2570 neque
1192 2487 1376 2550 restituitur
1399 2485 1503 2551 Taciti
1525 2506 1644 2551 manus
1667 2488 1723 2566 (in-

537 2598 608 2678 epte
627 2594 713 2656 enim
731 2590 819 2656 istud
839 2592 1037 2655 Romanorum
1057 2591 1221 2671 abundet),
1242 2612 1343 2677 neque
1363 2591 1474 2678 patefit
1493 2591 1602 2657 mendi
1624 2595 1720 2678 origo.

536 2697 692 2783 Equidem
718 2696 1052 2781 Tacitum-scripsisse
1072 2718 1183 2763 censeo
1201 2697 1303 2761 munic
1322 2705 1500 2775 castrorum,
1521 2697 1722 2784 adscripsisse

536 2811 645 2871 autem
667 2803 817 2882 sciolum,
843 2806 899 2887 qui
922 2810 1050 2889 putaret
1073 2803 1126 2868 hic
1149 2803 1247 2890 Syros
1271 2811 1301 2869 et
1326 2803 1485 2870 Romanos
1507 2807 1593 2869 inter
1617 2826 1652 2869 se
1675 2825 1723 2890 op

535 2913 628 2998 poni,
653 2909 864 2986 Rouunoruu,
885 2930 1019 2995 eamque
1038 2913 1276 2976 annotationem
1296 2912 1341 2976 sic
1360 2913 1395 2976 in
1415 2916 1540 2977 textum
1559 2913 1722 2997 irrepsisse

535 3026 573 3083 ut
595 3020 774 3104 genuinum
797 3016 991 3082 vocabulum
1013 3025 1175 3082 coetrormu
1196 3021 1352 3083 interiret.

582 3125 682 3189 Audis
705 3128 803 3189 etiam
828 3123 1004 3210 magistelli
1029 3146 1139 3189 vocem
1164 3125 1334 3191 stridulum
1357 3129 1389 3190 in
1414 3126 1500 3191 hisee
1523 3124 1625 3206 (XIV,
1652 3126 1721 3205 51):

536 3231 709 3317 (praecedit
731 3234 869 3296 narratio
894 3232 931 3296 de
954 3231 1048 3295 Burri
1072 3237 1189 3311 morte)
1223 3234 1370 3310 „civitati
1391 3232 1510 3319 grande
1529 3231 1722 3298 desiderium

535 3342 604 3404 eius
626 3340 746 3403 mansit
769 3360 825 3424 per
847 3341 1039 3404 memoriam
1063 3342 1194 3403 virtutis
1217 3346 1250 3403 et
1273 3338 1406 3404 alterius
1430 3359 1562 3425 segnem
1582 3341 1725 3405 innocen·

534 3448 632 3522 tiam,
656 3444 788 3509 alterius
812 3444 1060 3531 flagrantissima
1083 3444 1207 3531 flagitia
1230 3444 1421 3510 adulteria.''

580 3551 644 3616 Hic
666 3558 772 3616 tamen
796 3551 930 3617 editores
954 3553 1176 3637 obtemperant
1200 3551 1319 3617 Orellio
1339 3552 1491 3615 oderim
1511 3551 1643 3630 delenti,
1665 3573 1723 3637 quo

537 3656 692 3723 vocabulo
724 3665 808 3722 recte
840 3658 969 3742 quidem
993 3657 1069 3743 quid
1093 3658 1153 3721 sibi
1177 3656 1260 3722 illud
1275 3659 1403 3741 flapitic
1426 3656 1507 3722 velit
1529 3656 1722 3733 illustratur,

537 3765 591 3830 sed
621 3786 725 3830 sermo
748 3763 911 3843 Taciteus,
936 3770 1031 3850 atque
1055 3764 1132 3829 adeo
1157 3764 1308 3841 Latinus,
1332 3764 1506 3830 absurdum
1529 3767 1565 3829 in
1590 3765 1722 3830 modum

536 3873 762 3956 corrumpitur.

583 3979 689 4063 Atque
711 3978 861 4043 admonet
883 3998 935 4042 me
954 3977 1006 4042 hic
1026 3976 1114 4042 locus
1135 3976 1273 4042 duorum
1291 3979 1324 4041 in
1344 3977 1514 4054 Historiis,
1535 3977 1593 4043 ubi
1613 3977 1722 4044 eadem

538 4105 601 4149 vox
629 4082 795 4169 pueriliter
825 4087 858 4148 in
887 4090 1012 4149 textum
1036 4086 1156 4148 inserta
1178 4083 1323 4149 'l'aciteae
1346 4087 1499 4149 orationis
1523 4083 1723 4169 splendorem

537 4189 730 4274 pessumdat.
754 4188 845 4254 Alter
867 4198 915 4254 est
935 4190 960 4267 1,
982 4189 1035 4254 22.
1057 4190 1176 4276 Agitur
1194 4190 1232 4254 de
1253 4188 1388 4255 Othonis
1408 4190 1533 4255 libertis
1553 4200 1724 4276 patronum

537 4318 632 4361 suum
656 4296 694 4361 ad
718 4296 842 4361 fortiter
862 4296 1023 4382 agendum
1048 4296 1272 4361 incitantibus:

584 4401 711 4480 „aulam
741 4403 875 4468 Neronis
906 4415 938 4467 et
967 4402 1082 4481 luxus,
1116 4402 1273 4468 adulteria
1302 4405 1511 4468 matrimonia
1542 4409 1726 4492 ceterasque

536 4493 707 4596 regnorum
728 4507 876 4574 libidines
895 4509 988 4574 avido
1009 4508 1144 4585 talium,
1165 4511 1191 4573 si
1213 4508 1361 4587 cuderet,
1384 4517 1422 4574 ut
1442 4531 1500 4575 sua
1514 4518 1728 4591 ostentantes,

537 4618 710 4700 quiescenti
733 4623 769 4679 ut
792 4615 893 4679 aliena
917 4615 1183 4700 exprobrabant.”

582 4721 659 4800 Quis
691 4721 774 4806 apud
796 4719 943 4785 Tacitum
966 4723 1064 4784 istam
1089 4720 1151 4784 fert
1174 4723 1330 4786 sermonis
1355 4721 1550 4799 ubertatem,
1574 4744 1639 4808 qua
1662 4729 1729 4791 sine

540 4826 608 4894 ullo
632 4830 806 4895 sententiae
826 4826 1043 4894 emolumento
1064 4827 1174 4894 eedem
1194 4848 1244 4894 res
1263 4828 1347 4894 binis
1364 4827 1529 4895 vocabulis
1548 4830 1729 4911 (adulterio,
