4525 5950
521 687 565 752 44
1046 702 1177 752 sauros.

565 872 660 937 Hisce
692 871 842 935 omnibus
873 874 1018 936 accurate
1050 871 1214 956 perpensis
1246 890 1297 934 me
1329 870 1432 936 adhuc
1463 874 1497 935 in
1527 871 1624 937 dubio
1648 894 1716 938 asse

523 977 598 1063 quid
629 975 836 1042 statuendum
867 979 910 1040 sit
933 976 1050 1052 fateor;
1075 975 1249 1061 epistulam
1273 974 1410 1041 Senecae
1435 999 1496 1041 non
1520 999 1589 1042 cese
1612 999 1653 1042 ex
1675 981 1716 1044 iis

487 1104 603 1170 ·quae
634 1083 762 1168 §lsq.
795 1081 951 1167 leguntur
982 1083 1064 1146 mihi
1093 1082 1267 1147 admodum
1300 1083 1479 1148 uerisimile
1514 1083 1566 1163 fit;
1600 1083 1717 1150 collata

520 1196 629 1255 temen
660 1190 719 1274 §4
750 1197 916 1274 procerte
941 1188 1097 1254 affirmare
1121 1209 1183 1253 non
1207 1191 1312 1253 susim
1336 1187 1463 1280 Lucilio
1488 1189 1604 1254 deberi.
1630 1190 1717 1277 Ergo

518 1294 559 1360 lis
590 1295 694 1360 adhuc
718 1296 777 1359 sub
801 1295 905 1360 iudice
929 1295 1059 1360 videtur
1067 1316 1074 1372 ;
1100 1316 1192 1380 spero
1217 1301 1324 1360 tamen
1348 1295 1413 1360 fore
1437 1300 1475 1359 ut
1497 1317 1575 1360 mox
1599 1295 1717 1381 aliquis

519 1404 636 1466 existat
667 1404 722 1486 qui
753 1399 886 1466 nebulas
919 1400 1043 1465 disiciat
1074 1406 1107 1465 et
1138 1405 1244 1465 totum
1276 1401 1434 1485 epistulae
1466 1422 1594 1466 sensum
1620 1407 1716 1487 atque

521 1513 707 1573 contextum
729 1506 852 1573 clarum
876 1507 996 1573 reddet.
1022 1505 1104 1574 Oum
1129 1513 1236 1572 tamen
1258 1506 1379 1572 vulnus
1399 1507 1606 1572 indicandum
1626 1511 1717 1593 prius

520 1635 617 1699 quum
650 1614 824 1679 sanandum
858 1616 917 1693 sit,
948 1613 1055 1679 oleum
1078 1618 1111 1678 et
1135 1634 1263 1699 operam
1288 1633 1340 1678 me
1363 1635 1426 1678 non
1450 1614 1625 1700 perdidisse
1647 1635 1716 1678 con·

519 1718 615 1785 fidere
638 1721 747 1786 audeo.

563 1938 621 2023 Ep.
650 1937 792 2015 122,15.
824 1937 893 2002 Hoc
923 1934 991 2002 loco
1015 1935 1132 2002 Seneca
1156 1937 1248 2002 nobis
1272 1937 1409 2002 Pedonis
1434 1935 1626 2002 Albinovani
1651 1938 1718 2016 „fa-

520 2044 674 2109 bulatoris
709 2042 964 2131 elegantissimi’
999 2042 1272 2108 narratiunculam
1308 2047 1386 2109 satis
1422 2043 1572 2108 festivam
1608 2043 1646 2107 de
1683 2042 1715 2109 S.

521 2150 657 2235 Papinio
689 2149 878 2235 „lucifuga”
910 2151 1068 2227 servavit5
1102 2148 1182 2232 §16
1211 2149 1288 2213 haec
1318 2149 1477 2235 legimus:
1510 2149 1591 2213 circo
1623 2150 1716 2213 mem

524 2256 716 2333 discurritur,
746 2255 841 2339 pueri
870 2261 1024 2331 occantur,
1056 2254 1195 2330 cellarii,
1226 2255 1313 2339 coqui
1344 2255 1574 2320 tumultuantur.
1607 2278 1717 2340 quaero

521 2369 577 2443 (sc.
607 2362 840 2442 Albinovanus)
863 2363 938 2446 quid
960 2361 1018 2424 sit:
1042 2360 1157 2424 dicitur
1178 2361 1302 2424 mulsum
1326 2369 1355 2424 ct
1378 2361 1509 2424 bolicom
1527 2362 1717 2443 poposcisse,

521 2492 542 2531 o
565 2469 669 2533 bubuco
693 2469 796 2533 scisse.
821 2468 994 2543 accedebat,
1019 2467 1136 2551 inquit,
1161 2468 1250 2530 buius
1274 2467 1352 2530 diem
1375 2490 1446 2531 ccno
1469 2467 1604 2544 minime,
1630 2468 1718 2531 vuldo

521 2576 598 2640 cuim
619 2575 796 2660 frupolitcr
826 2574 959 2637 cluebat:
989 2572 1072 2636 nibil
1096 2574 1281 2637 consnmcbut
1304 2574 1366 2636 nisi
1390 2580 1510 2638 noctem.
1534 2574 1638 2659 itaque
1659 2597 1717 2638 cre·

522 2685 618 2747 beruto
649 2683 815 2746 dicentibus
845 2682 934 2745 illum
965 2681 1140 2765 quibusdum
1163 2703 1287 2743 courum
1310 2688 1338 2744 et
1361 2681 1515 2744 sordidam
1540 2680 1647 2758 ‚,oos'’,
1673 2680 1719 2743 in·

521 2789 603 2874 quit,
636 2788 744 2865 „illum
777 2794 805 2851 et
837 2787 1021 2871 lychnobium
1049 2784 1189 2849 dicetis”.
1214 2784 1312 2849 Mitto
1337 2785 1421 2870 quod
1445 2807 1520 2850 cum
1544 2784 1716 2872 Madvigio

520 2914 577 2980 pro
619 2893 745 2957 ultimis
780 2893 885 2957 vorbis
919 2891 1027 2978 legere
1063 2890 1194 2955 malim:
1236 2891 1323 2953 illum
1357 2890 1570 2972 ἕλλυχνιόβιον
1605 2891 1715 2968 dicim

521 2989 624 3065 multo
644 3003 730 3065 enim
749 2999 918 3064 molestius
938 3004 986 3063 est
1006 2997 1141 3063 verbum
1162 2999 1304 3062 credendo
1325 2998 1409 3082 quod
1429 2998 1521 3083 BAp
1545 2998 1716 3076 exhibent,

520 3107 606 3170 credo
635 3110 744 3170 autem
767 3107 967 3169 recentiores.
992 3104 1076 3168 Ante
1100 3106 1208 3168 omnia
1232 3104 1440 3168 statuendum
1463 3110 1512 3168 est
1535 3104 1591 3168 ubi
1614 3106 1717 3190 ipsius

521 3210 711 3276 Albinovsni
744 3211 840 3275 verba
862 3210 1025 3288 desinant;
1050 3212 1197 3294 nisiago
1222 3208 1325 3286 fallor,
1350 3209 1470 3276 Seneca
1493 3230 1604 3274 rursus
1627 3210 1717 3295 loqui

521 3320 635 3402 incipit
665 3325 737 3403 post
767 3324 896 3399 noctcm;
929 3318 957 3379 si
980 3318 1067 3381 enim
1090 3315 1367 3400 itaque-dicetis
1392 3316 1495 3380 adhuc
1520 3315 1716 3382 Albinovani

521 3429 643 3500 essent,
675 3444 732 3508 pro
761 3422 862 3508 inquit
891 3424 1022 3487 omnino
1045 3422 1167 3506 inquom
1189 3420 1363 3506 legendum
1387 3428 1465 3487 erat.
1491 3421 1582 3502 Quod
1606 3429 1715 3488 sutem

521 3528 560 3593 ad
595 3549 664 3593 voc.
701 3530 842 3592 credendo
877 3530 1010 3593 attinet:
1045 3527 1142 3592 lectio
1173 3529 1386 3592 recentiorum
1417 3528 1499 3592 mihi
1523 3548 1585 3593 non
1609 3531 1715 3615 magis

519 3655 617 3719 quam
648 3634 769 3699 Hensio
798 3633 918 3719 placet;
944 3639 1106 3719 praeterea
1129 3633 1306 3698 verisimile
1330 3654 1390 3697 non
1415 3640 1463 3699 est
1486 3634 1635 3699 librarios
1659 3655 1713 3719 pro

518 3739 612 3805 solito
642 3725 728 3804 uodo
760 3743 838 3806 sutis
862 3761 972 3805 rarum
995 3738 1077 3804 illud
1099 3741 1243 3803 credendo
1268 3761 1371 3805 errore
1395 3743 1568 3825 scripsisse.
1601 3740 1712 3828 ltaque

518 3868 575 3931 pro
607 3853 692 3910 certo
724 3846 824 3911 habeo
857 3849 890 3910 in
919 3845 1116 3912 emendando
1139 3845 1404 3931 proficiscendum
1426 3867 1494 3911 esse
1517 3867 1536 3911 a
1559 3867 1629 3912 voc.
1653 3871 1711 3912 cre-

518 3953 614 4014 dendo
622 3972 630 4028 ;
667 3952 750 4036 quod
786 3957 823 4015 ut
853 3954 924 4017 iure
957 3951 1105 4016 defendat
1137 3950 1278 4015 Hensius
1309 3951 1453 4015 multum
1486 3972 1606 4018 vereor.
1643 3952 1710 4038 ligo

517 4056 611 4142 plane
646 4055 743 4121 aliam
780 4060 867 4122 viam
901 4060 982 4121 inire
1016 4056 1147 4134 malim;
1184 4078 1240 4142 pro
1276 4059 1420 4121 medendo
1453 4060 1561 4143 potius
1596 4080 1712 4124 nomen

420 4191 423 4196 ¹
518 4166 703 4248 proprium,
736 4163 819 4248 quod
852 4171 923 4248 post
949 4184 1104 4249 maguum
1128 4162 1339 4228 intervallum
1363 4164 1441 4229 benc
1465 4166 1567 4248 repeti
1589 4172 1712 4249 potest,

518 4272 774 4354 expectaverim,
798 4272 842 4334 ita
868 4276 905 4332 ut
927 4270 1004 4334 haec
1028 4272 1268 4334 nanciscamur:
1294 4270 1397 4354 itaque
1420 4271 1519 4333 idem
1541 4271 1647 4336 Pedo
1669 4272 1712 4335 di·

519 4375 651 4439 centibus
669 4374 756 4438 illum
777 4375 951 4460 quibusdam
971 4397 1094 4438 uoorrcm
1113 4383 1142 4438 et
1160 4376 1314 4438 sordidum
1335 4377 1426 4452 „uos”
1449 4375 1549 4461 inquit
1566 4377 1675 4453 „illum
1691 4376 1712 4456 ¹)

520 4489 548 4545 et
572 4482 757 4565 lychnobium
780 4481 887 4545 dicetis
911 4481 977 4562 (vel
1002 4485 1127 4566 potius:
1154 4475 1368 4562 ἐλλύχνιόβιον
1391 4481 1529 4562 clucet&

556 4726 575 4786 l)
594 4727 630 4773 An
648 4740 780 4790 pronomen
797 4724 923 4774 delendum
941 4727 1063 4787 tamquam
1080 4724 1209 4789 repetitum
1227 4740 1255 4773 ex
1273 4723 1485 4790 praecedentibus?
