4525 5950
637 686 700 752 198
974 706 1016 753 66
1038 705 1183 753 6666666
1207 704 1288 750 trun
1311 703 1479 751 66661666.

636 873 683 935 166
706 869 868 956 fingantur
890 867 1074 945 bellatores,
1097 871 1143 934 ita
1167 868 1376 934 distribuendi
1396 867 1548 933 videntur
1568 874 1605 932 ut
1625 869 1684 931 uni
1703 867 1829 932 auctori

635 976 818 1040 tribuantur
848 997 911 1040 666.
939 974 1104 1051 73-118,
1138 972 1327 1051 242-278,
1352 972 1531 1040 286-310
1562 981 1594 1040 61
1624 977 1683 1038 661
1713 994 1829 1037 rursus

634 1104 696 1148 666.
722 1080 911 1158 312-342,
936 1081 1124 1158 503-505,
1155 1104 1291 1167 quornm
1323 1081 1405 1147 alter
1434 1082 1510 1166 quid
1534 1082 1596 1146 eibi
1620 1082 1829 1166 proposuerit

634 1191 747 1255 bacin
770 1210 821 1264 re,
845 1191 1047 1275 cognoscitur
1071 1210 1132 1253 666.
1164 1187 1285 1274 11766.
1310 1188 1363 1266 (61.
1388 1209 1483 1273 supra
1506 1209 1537 1272 p.
1565 1185 1644 1266 170)
1668 1186 1753 1252 61166
1778 1207 1825 1249 66.

636 1294 702 1361 318
722 1317 789 1381 sqq.
821 1296 874 1375 (cf.
907 1316 1002 1381 supra
1032 1317 1063 1380 p.
1089 1293 1153 1359 172
1173 1302 1243 1380 66.).
1275 1295 1456 1380 Ι1666666.
1483 1293 1547 1359 322
1573 1293 1759 1371 1166ξ666
1783 1299 1831 1357 661

636 1404 748 1468 thorax
772 1407 902 1480 666666,
927 1401 1220 1479 661166166(6116
1244 1422 1338 1486 supra
1362 1425 1392 1487 p.
1418 1400 1506 1481 128).
1531 1401 1643 1465 Minus
1667 1406 1759 1464 certa
1783 1419 1832 1463 res

638 1516 686 1575 est
710 1531 757 1574 vs.
780 1509 879 1595 lOsq.
902 1513 924 1573 1.
938 1530 964 1573 6.
990 1507 1098 1572 5-11
1124 1508 1176 1588 (cf.
1201 1530 1297 1594 supra
1322 1531 1350 1594 p.
1373 1506 1437 1573 176
1450 1514 1521 1593 66.),
1543 1508 1585 1572 64
1603 1509 1625 1571 1.
1640 1528 1668 1572 6.
1689 1504 1831 1572 37-64

638 1616 691 1700 (cf.
712 1636 857 1701 666666.
882 1613 969 1693 167).
993 1614 1040 1680 De
1063 1617 1176 1680 ceteris
1199 1613 1281 1680 nihil
1304 1622 1444 1680 statuere
1469 1614 1560 1690 licet,
1584 1613 1669 1699 quod
1693 1612 1739 1678 ad
1762 1635 1832 1698 pro

639 1724 782 1809 positum
805 1728 951 1787 nostrum
973 1724 1142 1806 pertineat.

686 1826 843 1895 Carminis
868 1837 893 1892 H
918 1849 988 1894 eam
1011 1834 1146 1914 partem,
1170 1848 1250 1912 quae
1272 1830 1453 1893 continetur
1475 1828 1648 1891 certamine
1669 1825 1835 1912 singulari

640 1938 724 2000 inter
754 1934 924 2000 Hectorem
952 1942 985 1999 et
1007 1936 1156 2010 Aiacem,
1180 1937 1203 1998 i.
1223 1956 1250 1999 e.
1279 1932 1419 2012 17-40,
1445 1931 1610 2008 43-131,
1636 1931 1835 2010 161-196,

642 2041 831 2118 200-206,
857 2039 1046 2118 219-312,
1070 2047 1220 2105 neutrum
1240 2049 1449 2127 pugnatorem
1470 2041 1585 2105 habero
1605 2040 1836 2116 thoracatum,

643 2168 738 2232 supra
758 2147 955 2212 ostendimus
974 2153 1017 2234 (p.
1041 2147 1105 2212 124
1118 2169 1196 2232 666,
1217 2169 1247 2232 p.
1270 2146 1358 2225 169).
1383 2146 1430 2212 De
1453 2149 1564 2212 6616616
1587 2149 1748 2211 carminis
1771 2168 1839 2232 par·

642 2255 812 2332 11666666
835 2260 884 2319 661
907 2275 964 2318 cur
987 2254 1039 2318 bic
1062 2262 1187 2340 agatur.
1212 2254 1321 2338 Neque
1344 2253 1476 2319 666616
1496 2255 1636 2318 carmine
1657 2261 1698 2328 Θ,
1723 2253 1839 2339 16666

644 2368 710 2425 1616
729 2363 856 2446 egimus
875 2381 971 2445 supra
991 2367 1034 2445 (p.
1057 2358 1149 2439 188);
1171 2381 1273 2444 66666
1293 2361 1331 2424 16
1352 2369 1375 2437 1,
1400 2381 1501 2445 66666
1520 2359 1558 2424 16
1578 2363 1730 2444 sequenti
1752 2359 1839 2440 (6116

645 2488 741 2551 supra
764 2488 795 2552 p.
822 2465 910 2546 188).

691 2571 753 2637 Sed
783 2575 816 2636 in
847 2574 988 2638 carmine
1012 2585 1041 2637 A
1065 2571 1213 2637 nonnulli
1235 2572 1315 2651 loci,
1340 2571 1449 2658 quales
1472 2575 1676 2657 quaerimus,
1705 2574 1840 2638 obviarn

646 2680 786 2744 fuerunt.
819 2680 925 2764 Atque
947 2682 1052 2763 primo
1076 2679 1205 2765 quidem
1230 2679 1318 2757 loco,
1343 2687 1423 2746 teste
1448 2702 1494 2745 66.
1520 2678 1654 2764 96666..
1679 2701 1751 2744 666
1777 2681 1843 2744 tho

645 2793 767 2851 recatus
798 2785 907 2850 herotis
937 2785 1031 2850 finxit
1061 2789 1089 2851 is
1122 2790 1176 2871 qui
1207 2788 1343 2853 confecit
1371 2808 1418 2852 66.
1445 2786 1598 2852 99-121
1625 2786 1718 2865 (6116
1745 2807 1843 2873 supra

646 2914 676 2978 p.
699 2888 792 2972 179);
818 2912 919 2977 66666
943 2894 998 2978 661
1021 2892 1197 2959 122-147
1220 2899 1300 2958 16616
1320 2914 1366 2958 66.
1386 2893 1449 2956 144
1471 2894 1558 2972 (6116
1576 2913 1674 2979 66666
1694 2915 1730 2979 p.
1749 2892 1841 2974 166);

569 3075 575 3084 ,
646 3018 748 3082 66666
778 3001 834 3082 661
865 2998 1054 3077 218-283,
1089 3005 1170 3065 16616
1201 3022 1249 3066 66.
1274 3000 1340 3065 236
1371 3000 1628 3086 (6116666666.
1655 2999 1728 3065 122
1742 3009 1841 3086 666.);

644 3126 746 3191 66666
778 3108 833 3190 661
858 3105 1034 3171 310-327
1059 3113 1139 3173 16616
1163 3129 1209 3172 66.
1236 3106 1298 3172 321
1326 3107 1412 3187 (6116
1436 3128 1531 3193 66666
1554 3128 1584 3192 p.
1612 3105 1694 3184 166)
1703 3128 1712 3183 ;
1741 3128 1842 3193 neque

646 3214 702 3297 qui
726 3210 905 3276 401-488
929 3217 1009 3278 16616
1033 3234 1079 3278 66.
1104 3213 1170 3278 457
1195 3213 1281 3290 (6116
1305 3235 1400 3299 66666
1421 3236 1451 3299 p·
1475 3212 1538 3278 127
1552 3217 1630 3297 66.);
1657 3216 1845 3299 66666661

648 3316 837 3395 621-639,
862 3323 942 3383 16616
966 3341 1014 3384 66.
1040 3318 1103 3384 527
1128 3320 1215 3397 (6116
1239 3341 1336 3405 66666
1358 3342 1388 3405 p.
1413 3319 1507 3398 171);
1530 3340 1631 3404 66666
1654 3320 1843 3404 661596-

649 3423 738 3501 668⁰,
764 3421 967 3503 rusb-805,
993 3431 1144 3492 1661666.
1171 3425 1313 3511 621666.
1339 3426 1426 3504 (6116
1450 3446 1545 3510 supra
1570 3423 1717 3510 6.177);
1742 3448 1846 3513 66666

551 3518 554 3524 ’
647 3534 702 3616 661
733 3529 936 3606 ooth-688,
969 3530 1162 3597 696--7638
1191 3540 1272 3598 16616
1296 3555 1343 3598 66.
1368 3531 1433 3597 754
1457 3533 1543 3614 (6116
1567 3553 1664 3617 66666
1690 3555 1725 3619 p.
1758 3534 1845 3611 173).

645 3637 729 3702 Nam
752 3636 879 3723 singula
902 3638 977 3704 baec
1001 3641 1166 3704 cohaerere
1190 3661 1283 3704 nemo
1307 3641 1446 3726 negabit.
1471 3639 1580 3703 Minus
1603 3646 1694 3703 certa
1721 3649 1775 3705 661
1800 3662 1847 3705 666

648 3766 696 3808 66.
722 3742 900 3808 eto-580
923 3745 1009 3823 (vide
1032 3767 1128 3831 supra
1151 3770 1181 3832 p.
1209 3746 1296 3826 167).

695 3849 730 3914 In
761 3852 900 3915 carmine
931 3859 965 3913 M
996 3858 1051 3915 661
1075 3851 1184 3936 616666
1206 3859 1263 3917 661
1285 3851 1363 3916 duas
1387 3854 1472 3917 cerni
1496 3871 1610 3915 manue
1635 3853 1847 3918 ostendimus

650 3957 703 4036 (cf.
727 3977 821 4042 supra
845 3977 875 4040 p.
902 3955 965 4021 189
979 3964 1048 4042 66.),
1072 3979 1208 4042 quarum
1233 3961 1386 4023 recentior
1410 3957 1580 4023 Hectorem
1606 3957 1755 4023 babebat
1779 3961 1850 4025 tho·

649 4070 809 4139 reectum,
831 4065 986 4128 vetustior
1008 4061 1222 4148 Sarpedonem
1246 4084 1263 4128 6
1288 4065 1413 4128 thorace
1437 4068 1532 4127 61666
1552 4062 1690 4127 nudum.
1720 4065 1850 4130 Utrius-

650 4190 711 4253 que
741 4170 924 4233 etiamnunc
954 4177 1092 4233 statuere
1125 4169 1201 4233 fines
1225 4192 1285 4235 non
1309 4169 1399 4246 licet,
1424 4190 1498 4233 cum
1522 4171 1716 4253 praesertim
1744 4171 1847 4238 altere

651 4273 800 4339 mutilata
829 4278 880 4339 sit.
912 4275 972 4340 Sed
997 4277 1218 4361 quoquomodo
1242 4278 1300 4341 hoc
1324 4298 1356 4341 se
1380 4277 1492 4351 babet,
1517 4281 1642 4360 praeter
1666 4275 1784 4344 locum
1810 4280 1847 4344 de

652 4380 831 4466 Sarpedone
867 4403 928 4445 non
968 4383 1128 4447 thoracato
1159 4391 1239 4448 teste
1272 4405 1316 4447 66.
1351 4381 1412 4446 401
1447 4382 1533 4459 (6116
1563 4404 1660 4467 66666
1696 4406 1730 4469 p.
1770 4385 1848 4462 180)

650 4491 672 4553 1.
697 4508 723 4553 6.
749 4486 825 4565 400,
847 4490 915 4553 6166
945 4492 1051 4572 661166
1083 4487 1272 4566 397-429,
1304 4490 1446 4555 eiusdem
1477 4491 1602 4574 generis
1626 4498 1706 4554 6661
1735 4492 1847 4557 187-

653 4591 716 4656 189
742 4599 822 4656 16616
847 4612 892 4656 66.
917 4592 979 4657 189
1003 4594 1088 4672 (6116
1112 4617 1207 4680 66666
1231 4618 1261 4681 p.
1284 4593 1371 4674 177),
1398 4592 1680 4660 387-39916616
1706 4619 1757 4662 66.
1780 4598 1846 4664 389

652 4697 738 4777 (6116
761 4718 857 4783 supra
881 4719 911 4783 p.
939 4698 1026 4779 170).

695 4801 853 4869 Carminis
885 4812 911 4867 Ν
946 4809 1001 4891 661
1031 4807 1070 4871 61
1099 4815 1245 4872 nostrum
1269 4810 1468 4893 propositum
1493 4806 1748 4892 6661166611661
1773 4819 1851 4877 sunt
