4525 5950
775 689 817 736 nn
840 688 984 735 renasca
1008 690 1092 736 erun
1115 690 1284 737 romanu.
1558 671 1624 737 203

434 855 606 941 rhapsodia
632 867 657 919 Α
683 862 714 919 et
737 854 882 940 partibus
903 854 1094 939 quibusdam
1115 854 1359 941 rhapsodiarum
1380 867 1412 932 B,
1435 868 1475 933 A,
1497 863 1525 920 Ν
1548 862 1580 920 et
1600 867 1626 922 0

433 984 492 1027 nec
513 983 574 1027 non
595 971 608 1026 Ι
629 968 661 1026 et
680 968 720 1037 T,
746 960 800 1026 sed
825 963 920 1026 etiam
946 964 979 1024 in
1003 961 1245 1039 additamentis,
1266 965 1405 1047 exceptis
1425 983 1506 1047 qnae
1526 983 1630 1029 recen·

434 1072 579 1133 tissimae
601 1071 665 1132 sint
690 1070 840 1152 originis,
865 1067 1002 1132 thoracis
1026 1071 1111 1133 aenei
1137 1067 1262 1132 nullam
1286 1070 1441 1134 rationem
1466 1069 1584 1134 haberi.

482 1175 569 1240 Haec
601 1183 710 1239 antem
741 1173 901 1240 conclusio
933 1195 970 1240 eo
1002 1173 1218 1250 confirmatur,
1251 1174 1334 1259 quod
1363 1174 1521 1261 Odysseae
1544 1177 1626 1240 ratio

428 1304 511 1376 cnm
542 1303 578 1347 ea
610 1285 768 1367 congruit.
802 1280 968 1366 Discrepat
1000 1288 1172 1365 utrumque
1203 1285 1333 1365 poema,
1363 1281 1446 1367 quod
1470 1302 1571 1366 neque
1593 1283 1627 1345 in

435 1389 578 1476 Odyssea
602 1388 709 1453 ullum
733 1390 861 1452 omnino
884 1387 1023 1450 thoracis
1044 1390 1134 1450 aiinei
1155 1389 1312 1472 reperitur
1331 1389 1508 1473 vestigium
1527 1407 1630 1472 neque

436 1495 499 1562 loci
523 1496 652 1560 obviam
676 1493 773 1569 fiunt,
797 1496 858 1557 nisi
884 1495 1049 1577 perpauci,
1074 1492 1108 1556 id
1133 1493 1217 1577 quod
1241 1496 1272 1556 in
1294 1494 1509 1578 superioribus
1530 1500 1634 1558 osten·

435 1602 544 1667 dimus
567 1600 653 1680 (vide
676 1619 772 1686 supra
795 1621 826 1685 p.
850 1598 938 1678 181),
964 1599 1020 1663 ubi
1044 1620 1106 1663 non
1131 1599 1310 1664 thoracatos
1333 1606 1484 1686 appareat
1505 1600 1631 1686 prodire

435 1706 568 1772 milites.
593 1705 630 1770 In
655 1707 705 1770 bis
728 1704 837 1769 nullus
860 1719 924 1781 est,
948 1707 1004 1790 qni
1024 1707 1182 1789 pertineat
1201 1705 1241 1770 ad
1260 1706 1391 1791 mythos
1411 1709 1631 1792 perantiqnos,

436 1813 547 1898 quales
579 1820 654 1876 sunt
685 1813 801 1898 quibus
832 1813 941 1896 agitur
970 1810 1008 1875 de
1033 1810 1138 1876 Ulixis
1162 1812 1338 1888 erroribus,
1363 1833 1465 1898 neque
1488 1832 1631 1897 unquam

438 1920 503 1983 fnit
533 1916 587 2003 qni
619 1939 732 1984 eorum
763 1921 901 2005 origines
933 1923 1035 1983 aetate
1058 1918 1242 1984 antecedere
1266 1922 1430 2004 putaverit
1453 1920 1631 2006 originibus

438 2027 674 2090 vetustissimae
698 2022 880 2089 Patrocleae
904 2023 956 2089 vel
980 2023 1234 2090 'liohomachiae
1260 2023 1322 2090 Sed
1345 2024 1476 2090 iliadem
1502 2028 1641 2115 quicuns

439 2151 501 2216 que
534 2136 645 2216 poetae
678 2133 832 2216 postremi
866 2138 1025 2195 auxerunt
1060 2129 1113 2196 vel
1144 2131 1398 2197 reformaverunt
1428 2139 1478 2211 (nt
1509 2132 1629 2197 addita-

438 2244 547 2302 menta
578 2240 686 2302 minus
717 2259 791 2302 cum
815 2239 946 2322 antiquo
971 2240 1111 2302 carmine
1136 2235 1187 2302 vel
1211 2259 1286 2302 cum
1310 2237 1382 2304 aliis
1405 2238 1630 2303 additamentis

438 2343 640 2409 cohaerentia
671 2366 745 2408 cum
774 2347 816 2408 iis
846 2346 1075 2424 consociarent)
1106 2365 1169 2409 non
1199 2350 1459 2430 temperaverunt
1489 2344 1528 2408 ab
1550 2347 1631 2409 inse-

437 2450 536 2516 renda
558 2452 701 2538 imagine
725 2453 776 2514 sui
800 2453 970 2534 temporis,
996 2471 1057 2536 quo
1082 2451 1195 2515 thorax
1219 2456 1334 2515 aenens
1354 2448 1509 2536 vulgatus
1533 2456 1630 2514 esset:

438 2561 531 2622 cuins
562 2560 608 2622 rei
638 2555 797 2643 Odysseae
828 2555 1113 2641 amplificatoribns
1145 2564 1177 2623 et
1207 2556 1428 2633 diasceuastis,
1453 2558 1551 2621 etiam
1577 2558 1632 2641 qui

440 2665 597 2748 postremi
630 2665 659 2729 ei
694 2683 822 2747 operam
856 2670 1033 2739 naverunt,
1070 2684 1207 2748 quorum
1242 2670 1380 2727 aetatem
1413 2662 1500 2727 haud
1535 2661 1631 2726 dubie

440 2772 610 2835 antecessit
641 2768 750 2834 Iliadis
781 2769 948 2854 perfectio,
980 2772 1049 2854 ipsa
1081 2772 1237 2854 poematis
1267 2775 1381 2834 natura
1411 2771 1520 2833 minus
1545 2789 1631 2854 prae·

437 2877 534 2941 bebat
559 2878 817 2963 opportunitatis.

989 3096 1007 3178 s
1030 3094 1082 3159 ra.

437 3309 587 3370 Quaeritur
612 3312 705 3357 utrum
729 3307 932 3368 attestatores,
1016 3304 1126 3370 Oritur
1149 3313 1310 3390 postremo
1334 3309 1491 3392 quaestio,
1517 3311 1629 3371 utrum

474 3396 523 3459 ‘¹¹¹¹
547 3395 670 3444 ²¹²⁰m¹⁸
697 3396 775 3445 Μ
800 3396 937 3444 ‘mmm
972 3411 1022 3476 illi
1054 3419 1214 3489 cantores,
1246 3415 1301 3496 qui
1332 3416 1366 3476 in
1398 3414 1531 3477 heroum
1553 3415 1632 3476 anti·

475 3495 533 3531 non
566 3481 730 3543 habuerint,
764 3482 824 3531 eius
853 3493 936 3530 usum

475 3568 666 3632 ignoraverint
689 3568 937 3630 annoverrntqui-
973 3538 1111 3602 quorum
1155 3519 1249 3583 rebus
1292 3521 1392 3606 gestis
1435 3517 1631 3584 celebrandis

476 3655 538 3705 dem
556 3656 605 3705 „d
623 3604 787 3719 spr’everint.
972 3624 1111 3689 thoracis
1141 3627 1230 3690 cinei
1254 3630 1407 3691 rationem
1432 3646 1493 3689 non
1516 3624 1631 3689 habue

973 3733 1054 3806 rint,
1087 3732 1150 3816 ipsi
1180 3734 1248 3795 eius
1272 3753 1368 3797 usum
1391 3733 1630 3817 ignoraverint,

438 3862 478 3905 an
503 3841 650 3903 noverint
674 3836 804 3923 quidem
824 3836 880 3901 sed
900 3837 938 3902 de
957 3858 993 3901 eo
1014 3839 1172 3901 tacuerint
1192 3838 1355 3915 consulto,
1376 3860 1414 3903 nc
1435 3859 1508 3902 suos
1527 3856 1631 3902 mores

437 3948 642 4011 inmiscerent
665 3947 838 4009 memoriae
863 3946 988 4029 antiqui
1013 3946 1176 4028 temporis.
1202 3943 1270 4023 Qua
1293 3948 1326 4009 in
1348 3966 1381 4010 re
1400 3947 1477 4009 satis
1497 3942 1629 4009 fidenter

437 4051 626 4117 contendere
655 4050 781 4126 licebit,
818 4070 870 4114 eos
904 4053 959 4135 qui
995 4070 1071 4114 voce
1109 4047 1201 4127 θώρηξ
1238 4054 1288 4115 usi
1319 4053 1384 4114 sint
1415 4051 1453 4114 ad
1486 4053 1628 4114 tunicam

436 4159 571 4223 linteam
605 4155 864 4242 significandam,
897 4163 954 4220 aut
983 4156 1125 4221 thoraces
1160 4160 1272 4221 aeneos
1306 4156 1448 4222 nondum
1484 4158 1628 4242 cognitos

438 4264 585 4327 habuisse
616 4270 671 4326 aut
695 4265 740 4326 ita
763 4282 872 4325 rarum
895 4262 1012 4325 horum
1036 4282 1130 4325 nsum
1156 4262 1254 4326 fnisse
1278 4284 1388 4328 eorum
1414 4262 1629 4346 temporibus,

437 4379 475 4433 ut
499 4370 643 4433 homines
667 4389 741 4431 cum
765 4388 837 4432 eam
860 4388 970 4432 vocem
994 4367 1160 4443 audirent,
1186 4389 1247 4432 non
1272 4368 1309 4432 de
1334 4368 1385 4432 his
1410 4367 1464 4433 sed
1488 4368 1525 4431 de
1551 4368 1633 4430 tuni-

437 4479 483 4540 cis
514 4476 692 4559 cogitarent
722 4476 843 4538 statim.
877 4473 960 4538 Nam
985 4476 1157 4557 posteriore
1181 4480 1344 4559 tempore,
1368 4496 1441 4540 cum
1466 4475 1633 4538 thoracum

438 4587 609 4646 aeneorum
633 4601 710 4644 usus
734 4578 889 4665 vulgatus
914 4587 1013 4656 esset,
1038 4584 1185 4664 quamvis
1210 4582 1385 4645 viderimus
1409 4602 1447 4645 ne
1472 4589 1542 4645 tum
1565 4582 1634 4664 qui-

439 4687 511 4752 dem
543 4708 672 4771 prorsus
703 4686 894 4752 obsolevisse
926 4689 1065 4770 priscam
1101 4690 1184 4751 vocis
1209 4691 1401 4753 sententiam
1426 4687 1513 4767 (vide
1537 4708 1633 4771 supra

438 4817 469 4880 p.
497 4793 561 4858 109
578 4816 635 4879 sq,
660 4816 690 4879 p.
718 4793 782 4858 153
806 4796 841 4857 in
864 4813 935 4858 ann.
962 4792 1006 4873 3),
1031 4801 1137 4859 amen
1163 4794 1244 4858 hanc
1266 4798 1322 4880 qui
1345 4801 1519 4880 spectaret,
1544 4794 1630 4859 haud
