4525 5950
539 711 603 776 148
1054 723 1208 772 rasurus.

538 891 660 957 malum
692 913 715 954 s.
749 890 935 955 damnum'’.
960 888 1131 974 Sequentia
1157 890 1237 964 „hoc
1262 895 1366 953 totum
1391 890 1545 965 tuomst'’,
1572 887 1664 952 Simo
1688 907 1732 951 ac-

537 1001 616 1083 cipit
646 1018 718 1081 pro:
754 997 833 1072 „hoc
857 1001 963 1059 totum
987 997 1047 1059 tibi
1070 994 1232 1071 dabitur'’,
1256 995 1310 1059 sed
1335 994 1514 1080 significare
1538 997 1641 1059 etiam
1664 1014 1733 1076 pos-

537 1112 612 1168 sunt
645 1103 724 1180 „boc
756 1107 862 1166 totum
893 1123 931 1165 ex
963 1107 1019 1165 tua
1048 1122 1119 1165 arca
1142 1101 1224 1178 est”,
1250 1108 1286 1164 ut
1309 1101 1380 1165 leno
1405 1101 1597 1165 mordaciter
1621 1106 1732 1184 tangat

538 1230 646 1274 senem
671 1230 689 1273 a
713 1229 803 1272 servo
826 1229 884 1272 suo
909 1207 1135 1291 despoliatum.

585 1314 671 1379 Dum
691 1317 795 1400 igitur
817 1313 906 1378 Simo
931 1317 964 1377 in
988 1315 1046 1377 hac
1071 1320 1161 1398 parte
1185 1334 1294 1377 scenae
1318 1313 1487 1378 cavillatur
1508 1334 1584 1377 cum
1603 1311 1732 1386 lenone,

540 1443 615 1486 mox
649 1442 759 1484 rursus
794 1423 1004 1504 repuerascit,
1036 1425 1074 1483 ut
1102 1423 1149 1483 ita
1179 1419 1300 1496 dicam,
1332 1423 1465 1504 eiusque
1495 1418 1532 1482 fit
1562 1420 1671 1483 socius
1700 1419 1732 1480 in

539 1526 678 1592 ludendo
697 1525 901 1611 Harpagem,
921 1528 998 1610 quin
1017 1528 1087 1610 ipse
1107 1528 1231 1609 primus
1243 1526 1302 1589 hoc
1316 1525 1446 1589 suadet:
1466 1523 1733 1608 „Exploratorem

540 1634 624 1697 huno
647 1632 802 1695 faciamus
824 1630 915 1696 ludos
939 1631 1207 1716 suppositicium”
1228 1629 1344 1709 (1167)
1363 1637 1395 1695 et
1415 1629 1592 1695 scurriliter
1610 1633 1734 1694 iocatur

540 1736 804 1819 <litt-1185),
825 1737 921 1802 donec
942 1738 1070 1802 tandem
1091 1740 1230 1823 suspicio
1250 1741 1281 1801 ci
1300 1738 1444 1802 oboritur
1465 1738 1648 1823 genuinum
1669 1755 1734 1800 esse

541 1844 656 1909 militis
680 1845 832 1907 nuntium
863 1851 895 1908 et
926 1842 1086 1908 malitiose
1117 1843 1258 1908 Ballioni
1288 1843 1409 1908 cladem
1443 1843 1630 1907 denuntiat:
1667 1839 1734 1917 „Pu

541 1954 603 2014 nisi
632 1951 801 2026 mirumst,
831 1949 920 2026 leno,
952 1949 1045 2033 plane
1076 1949 1243 2033 perdidisti
1274 1948 1464 2013 mulierem”
1488 1946 1617 2026 (1213),
1652 1945 1734 2030 quod

541 2077 613 2120 cum
639 2075 752 2118 verum
777 2076 844 2119 esse
869 2063 1034 2139 appareat,
1060 2058 1211 2120 continuo
1234 2054 1375 2139 postulat
1399 2057 1570 2139 promissas
1595 2052 1661 2116 XX
1681 2055 1737 2116 mi·

541 2182 597 2225 nas
621 2160 738 2244 (1224)
762 2169 793 2224 et
815 2168 999 2225 causantem
1024 2160 1170 2225 lenonem
1197 2163 1330 2246 superbe
1354 2164 1399 2225 sic
1422 2161 1560 2225 refutat:
1589 2158 1660 2235 „De
1679 2161 1736 2222 im-

543 2267 649 2352 probis
685 2269 763 2330 viris
797 2267 915 2331 auferri
952 2270 1131 2351 praemium
1167 2273 1200 2331 et
1230 2267 1377 2351 praedam
1410 2266 1531 2343 docet'’,
1564 2265 1736 2330 defendens

543 2372 741 2437 Pseudolum
773 2373 812 2436 ab
842 2375 938 2436 istius
969 2376 1140 2457 petitione:
1174 2373 1391 2449 „Pseudolum
1424 2394 1484 2458 ego
1516 2371 1631 2436 dedam
1657 2367 1735 2435 tibi?

544 2480 626 2560 Quid
659 2476 813 2563 deliquit?
845 2479 941 2543 Dixin
974 2481 1013 2544 ab
1044 2501 1081 2544 eo
1113 2482 1172 2544 tibi
1203 2487 1241 2543 ut
1264 2501 1392 2545 caveres
1416 2476 1600 2544 centiensl'’
1625 2478 1736 2562 Itaque

544 2608 606 2671 quo
631 2588 737 2649 animo
759 2588 825 2649 iam
849 2588 948 2648 sitin
973 2593 1163 2670 utrumque,
1190 2586 1397 2650 manifestum
1421 2586 1497 2649 facit
1518 2590 1593 2664 post
1612 2585 1734 2649 abitum

542 2692 664 2757 lenonis
695 2694 729 2754 in
761 2691 804 2754 lv
828 2690 980 2755 8.1238:
1015 2691 1120 2767 „Bene
1153 2714 1212 2778 ego
1244 2692 1340 2756 illum
1371 2695 1484 2777 tetigi,
1518 2691 1597 2755 bene
1626 2699 1736 2754 autem

544 2818 651 2862 servos
669 2799 840 2860 inimicum
861 2796 985 2873 suom’',
1006 2803 1038 2860 et
1061 2800 1129 2861 sine
1148 2819 1237 2862 mora
1257 2797 1389 2862 domum
1406 2801 1555 2861 introtut
1567 2799 1737 2880 pecuniam

544 2909 670 2989 promat
694 2901 852 2965 Pseudolo
876 2905 1084 2988 promissam,
1109 2924 1184 2966 nam
1206 2903 1332 2979 „Nimis
1351 2902 1418 2966 illic
1439 2900 1586 2966 mortalis
1607 2901 1736 2978 doctus,

546 3011 665 3085 „nimis
698 3015 865 3083 vorsutus,
899 3012 996 3073 nimis
1027 3008 1133 3073 malus
1149 3009 1182 3089 ¹).
1215 3009 1388 3094 Superavit
1419 3008 1531 3073 dolum
1561 3007 1735 3073 Troianum

545 3122 663 3199 „atque
686 3114 815 3178 Ulixem
839 3114 1048 3179 Pseudolus'’.

589 3219 764 3304 Hucusque
799 3224 831 3283 iu
868 3220 1009 3285 Simonis
1043 3222 1137 3286 dictis
1172 3222 1326 3306 factisque
1357 3221 1439 3285 nibil
1470 3220 1737 3304 deprehendimus

545 3325 628 3410 quod
659 3329 691 3389 in
722 3327 881 3390 eiusmodi
912 3348 1018 3391 senem
1051 3349 1112 3391 nou
1138 3331 1315 3391 conveniat.
1340 3328 1406 3392 Nec
1429 3330 1535 3413 magis
1558 3326 1738 3412 discrepant

546 3452 564 3495 a
587 3430 708 3515 duplici
735 3431 874 3495 Simonis
901 3433 1097 3509 charactere,
1127 3440 1164 3496 ut
1191 3433 1319 3517 quidam
1349 3433 1565 3511 crediderunt,
1595 3455 1631 3498 ea
1660 3454 1736 3518 quae

545 3536 623 3600 facit
656 3536 708 3599 vel
738 3536 881 3621 loquitur
911 3545 982 3621 post
1012 3538 1114 3602 hilare
1146 3538 1296 3602 Pseudoli
1327 3537 1536 3623 soliloquium
1568 3538 1609 3616 (V
1638 3540 1671 3616 l)
1706 3542 1735 3601 in

546 3641 663 3705 ultima
686 3661 788 3716 scena,
817 3642 901 3706 1285
915 3664 982 3727 sqq.

592 3747 769 3811 Pseudolus
791 3750 836 3811 ibi
861 3748 941 3812 sores
964 3748 1085 3832 pultat,
1111 3770 1189 3833 quas
1213 3753 1314 3833 aperit
1337 3750 1426 3814 Simo
1451 3753 1620 3834 pecuniam
1641 3773 1736 3816 manu

546 3862 673 3930 tenens,·
713 3856 868 3938 conspicit
903 3853 995 3917 illum
1029 3876 1102 3918 cum
1136 3875 1249 3919 corona
1281 3856 1424 3932 ebrium,
1457 3860 1620 3941 arroganti
1654 3866 1737 3922 statu

546 3979 637 4022 erum
669 3967 906 4044 exspectantem
938 3969 970 4023 et
1000 3960 1110 4024 foedus
1140 3969 1465 4025 commemoraturum
1490 3962 1618 4040 (1283).
1651 3963 1738 4028 Simo

548 4064 674 4127 dubitat
697 4071 806 4128 utrum
827 4068 964 4129 saeviter
983 4086 1022 4129 an
1042 4065 1201 4129 blanditer
1220 4065 1412 4151 alloquatur,
1433 4067 1486 4131 sed
1507 4067 1567 4132 boc
1586 4070 1738 4152 praefert,

549 4191 623 4233 cum
643 4191 714 4253 spes
734 4172 776 4233 sit
796 4171 860 4234 fore
881 4180 917 4234 ut
937 4172 1023 4234 ebrio
1043 4172 1167 4235 homini
1187 4193 1221 4235 os
1240 4170 1380 4236 subliuat
1397 4171 1582 4257 aliquidque
1594 4173 1740 4239 detrabat

549 4275 587 4339 de
611 4295 739 4339 summa
763 4275 919 4355 debita2).
944 4276 1051 4362 igitur
1073 4279 1118 4341 sic
1137 4279 1267 4360 incipit:
1290 4276 1352 4353 „Di
1373 4285 1404 4342 te
1424 4286 1532 4342 ament
1550 4278 1740 4345 Pseudole’'.

585 4582 611 4645 1)
636 4581 741 4630 Malus
765 4580 854 4629 dicitur
871 4581 896 4629 in
914 4581 1007 4631 laudem
1025 4583 1115 4631 versuti
1133 4583 1237 4632 bominis
1254 4592 1281 4631 ut
1298 4582 1449 4648 pessimus
1467 4582 1532 4633 1285
1550 4589 1574 4632 et
1592 4584 1740 4634 econtrario

550 4663 666 4728 probus
686 4663 714 4711 dc
731 4663 818 4711 callido
835 4662 892 4722 tto,
909 4664 965 4722 942,
983 4664 1039 4712 970.

582 4747 610 4809 2)
637 4747 677 4794 Va.
704 4746 782 4795 1292:
814 4745 851 4792 .Si
877 4761 924 4808 qua
948 4745 978 4793 in
997 4744 1052 4793 hoc
1075 4762 1127 4809 spes
1151 4748 1219 4795 sitast
1242 4744 1327 4803 miht’,
1351 4747 1367 4794 i.
1386 4763 1405 4793 e.
1430 4746 1454 4794 in
1477 4761 1505 4794 eo
1523 4747 1587 4809 quod
1605 4746 1685 4796 ebrius
1701 4750 1742 4795 cst.

551 4830 631 4879 Aliter
647 4831 687 4877 scd
706 4831 784 4877 minue
802 4833 865 4877 recte
886 4829 1005 4876 borenc.
