4525 5950
933 709 975 756 nu
998 708 1143 757 cssusrs.
1569 692 1635 757 249

437 872 547 950 Kasir,
567 872 683 958 Asiph,
703 870 755 937 vel
770 871 888 947 Pesah,
909 869 1110 949 Schabuoth,
1131 869 1293 949 Sakkoth,
1310 893 1446 956 quorum
1460 873 1636 939 secundum

436 985 470 1044 et
502 981 640 1043 tertium
664 979 830 1043 cohaerere
855 998 928 1042 cum
952 976 1152 1062 agricultura
1175 984 1208 1042 et
1230 980 1390 1064 originem
1413 979 1485 1045 inde
1509 979 1637 1046 duxisse

436 1086 600 1168 expressis
632 1083 738 1148 verbis
770 1082 860 1147 docet
895 1082 1025 1146 Euodus
1060 1081 1103 1147 23
1118 1102 1124 1146 :
1141 1082 1193 1159 14,
1220 1083 1272 1160 15,
1299 1083 1350 1148 16.
1388 1084 1482 1149 Kasir
1516 1086 1636 1151 festum

435 1192 570 1255 aestatis
593 1191 741 1253 1111110-
755 1209 818 1272 quo
839 1191 938 1253 secari
959 1187 1040 1253 solet
1061 1191 1206 1253 triticum
1220 1227 1262 1236 —
1276 1190 1414 1275 agebant
1425 1190 1580 1256 ruricolae
1596 1192 1634 1272 ¹);

439 1295 561 1380 Asiph,
594 1297 687 1360 cuius
718 1315 832 1359 nomen
864 1315 939 1358 cum
968 1294 1130 1359 vindemia
1153 1296 1317 1373 cohaeret,
1341 1295 1560 1362 celebrabatur
1582 1319 1637 1363 au·

438 1406 574 1464 tumus:
602 1399 758 1474 πανδημεί
780 1399 927 1464 homines
951 1402 1060 1464 vineta
1082 1400 1246 1465 intrabant
1269 1401 1455 1486 umbrisque
1479 1402 1537 1466 sub
1561 1402 1636 1467 divo

436 1509 554 1592 positis
586 1526 684 1570 uvam
712 1504 871 1590 legebant.
906 1503 967 1569 Sed
992 1507 1137 1590 primum
1160 1527 1284 1591 quoque
1307 1506 1442 1584 fastum,
1466 1506 1543 1573 licet
1564 1507 1635 1573 loco

434 1611 570 1677 laudato
606 1632 669 1675 non
705 1617 984 1687 commemoretur,
1023 1610 1238 1696 agricolarum
1275 1612 1372 1676 fuisse
1408 1613 1518 1690 ἑορτήν,
1554 1613 1634 1678 effici

435 1723 545 1802 potest
577 1737 594 1780 a
624 1715 754 1780 Deuter.
782 1715 822 1779 16
838 1735 844 1778 :
859 1714 897 1792 9;
930 1721 1006 1780 tunc
1037 1718 1123 1780 enim
1156 1716 1222 1781 falx
1246 1717 1363 1781 hordeo
1386 1719 1634 1784 immittebatur.

436 1823 536 1887 Ritus
559 1828 668 1887 autem
692 1821 790 1886 huius
810 1821 873 1885 diei
893 1821 965 1886 festi
986 1842 1059 1886 cum
1081 1821 1177 1886 ferret
1196 1827 1249 1898 ut,
1270 1822 1380 1887 hordei
1400 1825 1496 1908 spicis
1514 1822 1637 1908 aliquot

436 1928 578 1993 Summo
611 1927 746 1991 Numini
777 1925 911 2003 oblatis,
943 1926 1087 1991 homines
1119 1948 1246 2012 quoque
1278 1930 1374 2012 spicis
1405 1927 1521 1994 leviter
1545 1932 1637 1994 tostis

436 2037 644 2099 vescerentur
656 2031 692 2111 ²),
717 2030 920 2096 volventibus
945 2030 1080 2096 saeculis
1103 2039 1179 2097 nata
1202 2039 1250 2097 est
1275 2031 1390 2097 fabella
1414 2054 1495 2117 quaa
1514 2033 1637 2120 legitur

434 2138 541 2203 Erod.
573 2137 708 2213 23:15,
745 2136 890 2201 homines
926 2137 1007 2202 hanc
1040 2139 1080 2201 ob
1116 2157 1244 2202 causam
1284 2138 1386 2216 ἄρτοις
1422 2139 1549 2216 ἀζύμοις
1586 2143 1633 2204 ut'

437 2242 560 2320 solere,
594 2242 678 2327 quod
709 2263 785 2307 cum
815 2244 1003 2328 Aegyptum
1028 2241 1205 2328 effugerent
1229 2248 1357 2328 tempus
1380 2244 1443 2308 cibi
1466 2247 1527 2309 rite
1550 2266 1638 2330 prae·

439 2347 575 2434 parandi
606 2350 646 2412 iis
677 2346 840 2412 defuisset.
872 2346 944 2411 Mos
975 2350 1079 2433 igitur
1102 2351 1253 2432 antiquus
1276 2369 1351 2412 cum
1375 2369 1393 2413 a
1416 2353 1550 2434 posteris
1575 2372 1637 2415 non

438 2452 584 2538 amplius
615 2451 872 2537 intellegebatur,
904 2473 988 2516 nova
1019 2455 1164 2536 quaesita
1194 2458 1243 2516 est
1274 2455 1354 2518 ratio
1385 2474 1448 2538 qua
1482 2454 1637 2540 explicari

438 2568 558 2646 posset.

484 2665 577 2729 Idem
608 2670 718 2729 autem
752 2664 789 2729 de
822 2665 916 2728 tertio
946 2664 1027 2728 festo
1060 2663 1127 2741 die,
1160 2665 1276 2749 Asiph,
1309 2685 1371 2729 usu
1395 2666 1522 2730 venisse
1545 2664 1637 2731 docet

437 2772 548 2836 Lavit.
579 2768 622 2834 2³
638 2769 712 2833 :aa
745 2769 807 2833 Ubi
836 2771 918 2832 mori
949 2767 1164 2853 agricolarum
1196 2768 1376 2834 vindemiae
1402 2775 1544 2856 tempore
1568 2792 1637 2835 um-

436 2878 513 2942 bras
545 2877 668 2960 campis
697 2877 731 2937 iu
762 2877 879 2958 apertis
911 2872 1065 2958 ponendi,
1098 2877 1180 2939 ratio
1203 2874 1360 2939 subicitur
1384 2876 1477 2941 haec:
1502 2879 1638 2942 maiores

434 2986 632 3069 Aegyptum
655 2979 843 3067 effugientes
864 3001 938 3045 cum
960 3001 1016 3066 per
1035 2980 1160 3045 deserta
1178 2988 1362 3065 qaaererent
1382 2984 1485 3059 viam,
1505 2982 1638 3047 Domini

431 3092 530 3154 iussu
554 3087 674 3151 talibus
697 3085 909 3151 tabernaculis
933 3106 1001 3150 esse
1027 3107 1109 3151 usos.
1135 3086 1253 3151 Remos
1277 3095 1387 3152 autem
1407 3088 1638 3153 frondescentes

435 3195 550 3259 ubivis
583 3196 690 3277 potius
721 3212 819 3276 quam
850 3193 882 3254 in
914 3191 1047 3256 desertis
1077 3192 1254 3269 abundare,
1286 3193 1319 3256 id
1352 3198 1460 3258 minus
1483 3194 1639 3259 curabant

434 3302 517 3366 boni
547 3302 746 3382 interpretes.
780 3296 870 3376 Quod
903 3297 941 3361 ad
975 3297 1161 3362 umbrarum
1185 3299 1402 3383 ponendarum
1426 3321 1568 3375 morem,
1592 3320 1638 3364 re·

436 3404 573 3471 cordara
591 3406 634 3467 sis
653 3404 807 3487 imaginis
828 3409 979 3466 venustas
996 3403 1081 3487 apud
1100 3403 1192 3468 Iesai.
1212 3402 1297 3468 1:82
1321 3404 1449 3481 „Sionis
1468 3404 1534 3469 filia
1547 3403 1637 3469 velut

411 3508 581 3577 ‘casicula
605 3511 637 3571 in
662 3509 778 3572 vinetis
802 3506 945 3572 relicta”.
1219 3514 1222 3520 '

484 3615 549 3681 Sed
585 3615 623 3679 de
658 3615 751 3679 rebus
786 3614 944 3679 hebraicis
974 3614 1146 3691 hactenus;
1180 3617 1236 3699 qui
1268 3615 1362 3701 plura
1392 3614 1491 3681 velint
1522 3616 1636 3681 adeant

432 3730 606 3789 auctorem
630 3740 740 3783 meum
766 3717 970 3783 Wellhausen
994 3722 1027 3782 in
1051 3718 1132 3784 libro
1157 3720 1297 3786 classicis
1317 3742 1442 3806 quoque
1462 3721 1636 3808 philologis

433 3826 638 3903 utilissimo,
662 3823 897 3911 Prolegomena
920 3846 976 3888 cur
999 3823 1057 3889 Isr.
1083 3823 1286 3891 Geschichte.

487 3932 620 4002 Σκιάδος
645 3933 853 4015 antiquorum
876 3928 1072 3995 Graecorum
1095 3934 1128 3994 in
1154 3929 1285 3997 Oarueis
1310 3933 1430 4017 positae
1451 3932 1582 3997 eandem
1603 3936 1637 3998 ni

433 4037 534 4103 fallor
553 4038 671 4101 habeut
687 4039 846 4120 originem
866 4042 961 4120 atque
983 4034 1201 4101 Israelitarum
1213 4036 1270 4102 illa
1284 4036 1485 4102 tabernacula
1498 4039 1636 4104 frondea.

435 4144 654 4208 Meminimus
687 4140 843 4205 Demetrii
874 4141 1064 4205 verborum:
1096 4142 1219 4211 σκιάδες
1253 4143 1283 4205 δὲ
1314 4138 1392 4206 οὖτοι
1425 4144 1450 4205 ol
1473 4144 1559 4208 τόσοι
1584 4168 1638 4207 κσ-

435 4254 568 4313 λοῦκσσι
600 4255 725 4319 onerate
758 4245 882 4324 ἔχοντες
914 4249 1132 4322 παραπλήσιόν
1157 4272 1204 4323 τι,
1231 4248 1282 4309 aul
1308 4247 1390 4310 ἕννέοι
1417 4251 1484 4310 καθ’
1508 4245 1637 4313 ἕκαστον

436 4353 546 4432 ἄνδρες
579 4351 758 4415 δειπνοῦσιν.
791 4351 1293 4429 811111σκκκσῑ1111111111111οε;
1327 4359 1511 4440 congruunt
1534 4357 1637 4441 igitur

436 4480 570 4546 prorsus
600 4479 675 4522 cum
707 4455 856 4521 casiculis
887 4455 925 4521 da
950 4456 1067 4541 quibus
1092 4456 1177 4542 apud
1200 4455 1334 4521 Iesaiam
1359 4457 1396 4521 fit
1420 4478 1532 4524 serm0.
1556 4458 1635 4524 Plus

433 4572 549 4632 autem
574 4564 665 4629 docet
689 4563 864 4628 Pausanias
887 4560 946 4640 III,
973 4562 1025 4638 12,
1040 4561 1079 4628 8:
1107 4562 1195 4641 ἑσέροι
1221 4562 1252 4627 δὲ
1276 4566 1310 4627 ἐκ
1334 4569 1388 4634 τῆς
1415 4566 1531 4643 ἀγορᾶς
1553 4565 1635 4629 ἐστὶν

474 4812 498 4870 1)
517 4808 591 4857 msa.
612 4806 708 4855 amaa.
1047 4806 1071 4867 a)
1088 4805 1187 4854 levitic.
1206 4805 1303 4854 assis.
