4525 5950
910 712 1150 762 nsuosrnruss.
1579 689 1622 757 39

435 880 541 956 φόνου.
574 877 732 964 Impedita
755 881 964 957 constructio;
990 877 1092 944 facilis
1116 881 1268 943 correctio
1291 886 1356 944 eet:
1381 881 1620 949 κατασκευάσας

436 985 474 1055 ὡς
500 985 766 1064 Κυρηναίους,
791 980 882 1049 εἶτα
903 1007 952 1063 πρ.
979 983 1070 1063 Quod
1088 983 1230 1049 Blassius
1249 986 1429 1050 coniunxit:
1451 985 1622 1061 ἐπενέγκας

434 1092 499 1168 γοὶρ
523 1091 607 1171 αὐτῷ
631 1089 736 1155 αἰτίαν
762 1139 790 1156 ..
807 1138 835 1155 ..
862 1091 1177 1168 παρασκευασάμενοι
1202 1092 1369 1168 ἀνθρώπους
1384 1139 1391 1155 .
1407 1140 1414 1156 .
1429 1139 1437 1157 .
1451 1140 1458 1156 .
1472 1099 1622 1170 προεῖπον,

434 1196 470 1261 id
494 1218 568 1262 sane
590 1218 655 1264 non
677 1195 783 1262 laudo.

483 1414 565 1500 §22
589 1437 619 1502 p.
646 1414 751 1480 1352:
776 1415 903 1494 νεωτέρα
925 1416 957 1479 δέ
980 1412 1073 1480 οὖσα
1099 1417 1148 1480 διὰ
1169 1416 1203 1481 τὸ
1222 1416 1315 1490 μνίπυ
1336 1417 1390 1488 την
1410 1416 1529 1488 ἡλικίαν
1543 1417 1622 1494 αὐτῇ

436 1530 590 1599 παρεῖναι.
624 1522 688 1587 Hic
720 1531 843 1587 veteres
865 1525 1072 1608 interpretes,
1098 1517 1244 1587 Iuriuum
1268 1522 1353 1598 dico,
1378 1522 1557 1608 Toupium,
1581 1521 1622 1588 G.

434 1628 478 1693 Η.
514 1627 701 1693 Schiferum
732 1628 814 1693 nihil
838 1627 1018 1694 attulerunt
1041 1629 1124 1713 quod
1149 1631 1191 1692 sit
1213 1649 1324 1713 operae
1347 1631 1489 1713 pretium
1513 1628 1624 1694 descri-

432 1735 519 1799 bere.
541 1733 770 1799 Herwerdenus
795 1735 907 1798 Μιισυι.
930 1732 1015 1799 1875
1038 1757 1068 1821 p.
1091 1733 1156 1799 357
1180 1717 1243 1799 una
1265 1733 1365 1799 litura
1387 1755 1496 1800 sanare
1518 1735 1624 1800 voluit

434 1825 519 1927 quod
544 1841 708 1907 offensioni
730 1847 815 1918 erat,
842 1840 983 1906 Blessius
1007 1841 1261 1907 commendavit:
1287 1843 1466 1920 ἀθανεςέρα
1486 1842 1516 1905 δέ
1535 1836 1621 1920 οὖσα,

434 1967 516 2034 quae
546 1949 698 2012 correctio
729 1950 825 2013 nimis
856 1947 997 2013 violenta
1027 1952 1086 2014 est.
1118 1947 1305 2014 Tenendum
1335 1955 1384 2013 est
1407 1955 1514 2014 autern
1539 1948 1623 2034 quod

433 2052 587 2118 Reislrius
618 2055 794 2118 rectissime
824 2053 906 2118 vidit
929 2055 1051 2129 ἡλικίαν
1073 2057 1194 2120 iustam
1217 2054 1280 2120 dici
1304 2056 1443 2141 corporis
1466 2060 1623 2120 staturam

430 2166 465 2225 et
489 2162 720 2245 proceritatem.
745 2157 867 2225 Neaera
889 2163 956 2225 iam
977 2181 1107 2247 corpore
1127 2167 1296 2246 quaestum
1315 2161 1466 2238 faciebat,
1487 2160 1623 2226 necdum

432 2265 545 2332 adulta
575 2272 654 2332 arat.
683 2266 845 2332 Scribam:
877 2265 1064 2346 ἐργαζομένη
1096 2269 1153 2343 μέν
1184 2268 1238 2341 ἤδη
1262 2270 1303 2345 τῷ
1328 2270 1469 2345 σώματι,
1494 2267 1623 2345 νεωτέρα

433 2371 466 2436 δὲ
489 2372 662 2436 δοκοῦσα
686 2372 737 2437 διὰ
761 2371 795 2435 τί
818 2372 911 2447 μηπτο
934 2375 988 2445 την
1013 2374 1135 2446 ἡλιαίαν
1158 2374 1239 2454 αὐτῇ
1264 2382 1416 2452 παρεῖναι.
1441 2371 1490 2442 Of.
1512 2373 1621 2440 Boeot.

435 2479 476 2544 de
507 2477 581 2544 dote
604 2481 622 2564 ξ
642 2477 685 2544 56
708 2501 739 2564 p.
767 2477 864 2556 1024,
889 2479 945 2544 ubi
970 2487 1060 2565 pater
1082 2479 1120 2544 dc
1144 2479 1226 2544 filia:
1252 2483 1306 2552 την
1329 2481 1355 2544 δ’
1380 2482 1501 2554 ἠλικίαν
1524 2483 1621 2554 αὐτῆς

433 2586 461 2649 εί
482 2583 585 2662 ίθοιτε,
607 2587 661 2649 οὐκ
682 2583 719 2647 θον
741 2586 897 2664 θυγατέρα
917 2610 976 2662 μου
995 2587 1069 2650 ἀλλ’
1089 2587 1232 2665 οὶθελφην
1252 2582 1329 2651 εἶναι
1343 2588 1439 2659 αὐτην
1452 2588 1620 2664 νομίσαιτε.

479 2824 561 2911 §39
592 2846 623 2910 p.
651 2823 756 2889 1358:
792 2826 830 2897 ὥς
864 2823 898 2901 έξ
930 2824 1075 2897 ἀτελείας
1107 2848 1141 2888 τε
1174 2820 1245 2902 ἕξειν
1278 2827 1376 2897 κοιλίην
1407 2823 1533 2901 ἑταίραν
1566 2821 1619 2885 καί

433 2929 718 3017 [τάπιτήδεια]
754 2932 871 3001 ταύτην
907 2930 1113 3008 ἐργασομένην
1144 2932 1195 2994 καὶ
1228 2929 1396 3010 θρέψουσαν
1427 2931 1481 3002 την
1514 2929 1620 2995 οἰκίαν.

432 3039 496 3119 Qui
526 3038 634 3104 locum
663 3036 888 3124 interpolavit,
919 3038 1054 3103 verbum
1085 3035 1268 3117 ἐργάζεσθαι
1292 3059 1354 3102 non
1378 3038 1553 3103 rectissime
1576 3040 1622 3102 in-

433 3143 570 3211 tellexit.

481 3367 498 3450 ξ
520 3363 562 3428 55
583 3386 613 3450 p.
637 3363 741 3428 1364:
765 3362 1056 3441 ψυχαγωγούμενος
1076 3362 1106 3425 ἕν
1127 3372 1165 3441 τῇ
1185 3365 1325 3447 θοθενείρι
1345 3367 1401 3446 [τῇ
1422 3363 1621 3447 θεραπεία]

435 3472 492 3535 ὑπὸ
524 3479 578 3543 τῆς
611 3472 759 3545 Νεαίρας.
791 3466 910 3533 Inutile
941 3468 1206 3533 additamentum.
1230 3468 1347 3534 Itidem
1371 3471 1388 3554 ξ
1410 3467 1452 3533 59
1476 3491 1507 3555 p.
1534 3467 1621 3533 1365

433 3585 466 3643 et
490 3580 508 3663 ᾖ
528 3576 570 3642 72
593 3599 624 3663 p.
654 3575 738 3641 1369
762 3574 855 3662 plane
880 3595 1112 3660 supervacanea
1136 3576 1233 3641 verba
1255 3583 1346 3641 sunt:
1371 3577 1424 3649 την
1450 3584 1504 3648 τῆς
1529 3579 1622 3639 Νεαί-

432 3709 487 3761 ρας
512 3683 679 3762 θυγατέρα.

481 3917 563 4002 §62
593 3940 623 4002 p.
652 3916 756 3981 1366:
791 3916 952 3992 Στέφανον
986 3916 1099 3979 τουτονί
1135 3915 1185 3980 τθν
1213 3915 1325 3997 ἔχοντα
1350 3917 1504 3990 ταύτην
1527 3917 1619 3982 νυνί.

434 4023 582 4089 Proclive
604 4028 653 4088 est
676 4025 861 4088 restituere:
886 4025 1068 4094 ταυτηνί.

479 4261 498 4343 ᾗ
519 4256 560 4322 65
582 4279 611 4343 p.
633 4254 739 4321 1367:
759 4257 1053 4335 μεταπεμψάμενος
1073 4256 1115 4326 είς
1137 4256 1230 4333 οἶγρθν
1250 4258 1290 4327 ὡς
1312 4258 1420 4321 θύων.
1442 4256 1619 4323 Dicendum

432 4368 549 4449 utique
571 4363 630 4428 hcc
653 4362 733 4427 fuit:
757 4363 793 4433 ὡς
820 4363 952 4426 θύσων.

478 4601 498 4683 ᾖ
518 4597 560 4663 66
585 4620 616 4683 p.
644 4593 747 4662 1367:
772 4598 825 4661 εὀὶν
848 4621 893 4669 τις
916 4598 1024 4669 ἀδίκους
1045 4595 1125 4677 είρξη
1143 4602 1180 4670 ὥς
1201 4599 1322 4696 μοιγθν,
1343 4599 1524 4678 γράψασθαι
1546 4600 1617 4680 πρὸς

433 4705 506 4775 τοὺς
532 4703 715 4782 θεσμοθέτας
740 4703 901 4788 [cidisse
927 4705 1171 4789 είρχθῆναι].
1195 4705 1266 4771 Hoc
1289 4728 1416 4794 quoque
1439 4716 1596 4794 apertum.
