4525 5950
1018 741 1259 791 unnosrurrrrs.
1687 723 1728 789 21

589 902 671 988 §24
694 926 726 991 p.
754 903 858 971 1174:
889 906 989 988 ᾤχετο
1013 910 1097 984 μετόν
1122 915 1181 973 τῶν
1205 909 1309 972 ἄλλων
1334 911 1644 987 ςρυτευόμενος.
1674 910 1732 976 Re·

539 1031 646 1096 ponc:
670 1012 1008 1091 ςροτευσόμενοο.

593 1230 674 1315 §32
707 1255 737 1319 p.
773 1230 879 1299 1176:
912 1233 964 1298 nal
996 1236 1029 1299 ον’
1061 1237 1205 1310 συνόῆνιοον
1235 1232 1329 1301 οὗτοι
1360 1234 1404 1299 ἔτι
1437 1236 1488 1300 nal
1520 1236 1579 1301 νυν)
1612 1243 1730 1301 κεῖνται

538 1340 629 1417 τυροὶ
650 1340 691 1418 τῷ
711 1337 937 1422 Ἀνδροκλείδῃ,
961 1342 1027 1405 καὶ
1049 1342 1282 1422 μεμαρτύρηκεν
1302 1343 1394 1415 αὐτὸς
1415 1343 1487 1422 τρόο
1510 1344 1602 1418 ὑμᾶς.
1626 1342 1729 1430 Lege:

537 1447 590 1518 ὡς
613 1446 856 1527 μεμαρτύρηκεν.
879 1446 1040 1534 Frequens
1062 1449 1122 1515 hoc
1145 1451 1267 1515 vitium
1289 1455 1347 1514 est.

590 1666 670 1752 §44
702 1689 733 1752 p.
766 1665 870 1733 1179:
905 1667 966 1732 eet·
999 1668 1106 1743 ἤκουσέ
1139 1692 1198 1744 μου
1229 1670 1330 1749 φωνὴν
1361 1666 1455 1737 abbeie
1489 1669 1646 1745 alsiodorus
1678 1665 1729 1734 ότε

539 1770 629 1846 οὗτος
653 1771 833 1853 ἦγυνόζετο,
865 1774 934 1840 οότε
957 1777 1069 1853 μικρὰν
1092 1774 1163 1840 οὔτε
1186 1777 1342 1853 μεγόλνν,
1367 1775 1454 1839 όλλόν
1479 1775 1729 1854 προσωμολόγουν

538 1882 641 1954 aiendi
671 1877 747 1945 εόνον
780 1881 886 1945 πόντον
916 1877 974 1946 όσο
999 1877 1082 1951 οὗτος
1107 1881 1268 1959 ἠβούλετο.
1292 1882 1425 1948 Hiccine
1445 1880 1558 1949 licebit
1581 1904 1730 1949 severum

537 1987 686 2054 studium
709 1987 849 2055 relaxare
872 1994 905 2055 et
928 1988 1097 2074 aliquando
1116 1993 1319 2076 exporrigere
1339 1987 1497 2056 frontem?
1520 1989 1660 2066 Licebit,
1680 1993 1729 2056 nti

538 2115 645 2180 spero.
676 2093 756 2160 'Pota
786 2096 845 2161 hac
878 2099 1020 2160 oratione
1051 2095 1206 2181 perlecta,
1229 2103 1398 2182 postquam
1422 2095 1548 2161 fraudes
1569 2095 1730 2162 intellexit

536 2202 657 2287 quibus
680 2210 815 2287 uterque
838 2209 887 2266 est
909 2223 985 2267 usus
1009 2207 1042 2267 et
1064 2204 1184 2289 petitor
1205 2208 1238 2266 et
1260 2206 1288 2267 is
1311 2201 1394 2267 unde
1417 2205 1548 2288 petitur,
1572 2202 1731 2292 Hierony·

536 2330 614 2373 mus
633 2307 766 2373 Wolfius
785 2307 826 2373 ad
845 2307 1005 2374 Orationis
1024 2310 1265 2395 Argumentum
1281 2309 1541 2396 indignabundus
1553 2310 1727 2376 exclamat:

539 2414 590 2494 „0
621 2418 737 2479 miram
761 2414 996 2500 impudentiam
1020 2417 1177 2494 bominis,
1202 2419 1258 2502 qni
1281 2437 1374 2481 suam
1396 2417 1636 2502 improbitatem
1660 2439 1728 2482 con·

535 2521 623 2586 fiteri
653 2543 715 2586 non
746 2521 927 2605 erubescat,
960 2530 992 2588 et
1015 2520 1257 2588 dissolutionem
1280 2520 1434 2601 iudicum,
1460 2525 1488 2587 si
1510 2521 1587 2587 talia
1611 2521 1730 2588 scelera

535 2627 602 2693 ulti
631 2649 692 2692 non
724 2627 831 2693 sunt.'’
868 2630 1024 2694 Amemus
1056 2636 1088 2695 et
1119 2627 1287 2716 diligimus
1319 2627 1425 2695 Wolfii
1456 2628 1639 2708 candorem,
1672 2632 1728 2716 qui
1809 2682 1813 2691 .

535 2735 618 2799 dum
649 2732 846 2821 multiplices
877 2733 949 2800 illas
971 2735 1097 2801 fraudes
1119 2734 1333 2820 expendebat,
1359 2736 1528 2801 exoandnit
1557 2738 1605 2801 ira
1628 2742 1661 2801 et
1683 2739 1729 2801 in·
1835 2758 1840 2767 ·

536 2840 741 2926 dignatione;
775 2840 830 2906 sed
861 2840 939 2926 quid
962 2840 1002 2907 G.
1027 2840 1070 2906 H.
1095 2840 1246 2906 Sohifero
1271 2842 1382 2919 facias,
1407 2844 1462 2926 qui
1486 2843 1532 2907 rei
1555 2842 1728 2927 turpitudi-

536 2969 614 3014 nem
645 2950 691 3013 ita
721 2955 868 3015 excusat:
901 2946 993 3026 „Non
1017 2946 1215 3014 laudandum
1238 2948 1378 3028 facinus,
1403 2948 1458 3015 sed
1482 2952 1534 3015 cui
1558 2951 1654 3035 prisci
1677 2949 1729 3015 illi

535 3056 683 3120 homines
714 3054 816 3127 δόλους
849 3056 901 3119 nal
933 3054 1061 3124 destrae
1094 3053 1157 3120 alio
1189 3074 1287 3140 quam
1317 3076 1374 3120 nos
1405 3054 1535 3120 modulo
1559 3058 1728 3121 metientes

536 3164 667 3226 veniam
697 3161 790 3226 facile
820 3161 963 3227 darent.”
993 3159 1027 3227 Si
1051 3170 1199 3228 veterum
1223 3160 1391 3227 literarum
1414 3183 1518 3227 osores
1541 3162 1617 3227 haec
1641 3182 1733 3228 cura·-

533 3274 609 3334 rent
636 3267 761 3354 legere,
792 3289 851 3333 nae
880 3267 930 3333 illi
962 3268 1035 3334 inde
1067 3273 1210 3354 peterent
1231 3268 1317 3334 haud
1341 3268 1610 3334 contemnendum
1634 3290 1728 3356 argu-

534 3380 686 3440 mentum
705 3387 742 3438 ut
760 3373 1031 3452 demonstrarent,
1050 3373 1134 3460 quod
1155 3395 1248 3461 saepe
1268 3378 1300 3439 in
1321 3396 1373 3440 ore
1392 3374 1522 3452 habent,
1542 3375 1592 3439 his
1611 3375 1726 3441 studiis

533 3478 789 3546 adulescentium
823 3482 953 3567 ingenia
987 3483 1150 3566 corrumpi
1185 3489 1217 3545 et
1247 3484 1350 3565 perire
1381 3502 1511 3546 sensum
1541 3482 1610 3547 cius
1642 3481 1726 3568 quod

533 3586 635 3651 decet.
667 3585 729 3651 Sed
761 3586 818 3652 hac
849 3586 1028 3652 conditione
1059 3608 1115 3652 nos
1146 3584 1301 3652 imbecilli
1331 3586 1482 3652 mortales
1505 3589 1573 3652 nati
1595 3608 1724 3653 sumus:

531 3700 610 3759 sunt
630 3692 787 3780 philologi
807 3714 887 3778 quos
907 3694 948 3758 τόν
968 3695 1072 3757 τολλόι
1094 3693 1275 3771 γρόμμοοτο
1297 3695 1338 3765 εἰς
1351 3696 1466 3768 μονόον
1479 3694 1667 3774 περιέτρεψε.
1682 3732 1724 3744 -

532 3803 646 3866 Πολλοὶ
671 3800 713 3864 τόν
737 3804 839 3880 κοῦφον
863 3799 964 3864 nobile
988 3798 1145 3878 οόνόρότονν
1169 3799 1349 3880 κουφότερον
1373 3800 1470 3866 πέλεν.
1612 3789 1614 3792 ’

582 4020 600 4103 §
622 4017 664 4083 54
688 4042 718 4105 p.
746 4018 850 4084 1182:
875 4011 897 4083 ό
921 4020 976 4096 μὲν
995 4019 1178 4096 ὡμολόγησε
1202 4020 1254 4084 acl
1274 4021 1411 4107 συνόόετο
1429 4019 1500 4084 ἑκὼν
1522 4020 1593 4098 πρὸς
1615 4018 1723 4084 ἕνόντοι

531 4126 617 4213 [καὶ
644 4127 796 4211 cipere}
821 4125 919 4191 Haud
941 4148 1011 4192 raro
1037 4126 1274 4192 confunduntur
1298 4126 1488 4215 όμολογῆσον
1511 4133 1544 4191 et
1567 4127 1688 4203 όμόσου.

937 4370 1049 4428 ΠΡΟΣ
1072 4370 1317 4427 ΤΙΜΟΘΕΟΝ.

579 4551 597 4634 §
620 4550 636 4613 l
659 4568 689 4634 p.
714 4546 817 4614 1185:
840 4548 963 4613 ἐσενδόιν
984 4548 1066 4624 ὑμᾶς
1087 4548 1254 4623 όνοιμνύσυ
1371 4549 1413 4610 τοὶ
1434 4547 1605 4624 συμβόντοο
1625 4550 1720 4628 τούτῳ

529 4658 561 4721 ἐν
587 4656 686 4736 ἐκείνῳ
710 4658 752 4735 τῷ
775 4655 871 4736 χρόνῳ
896 4654 992 4738 [καὶ]
1016 4655 1058 4725 εἰς
1084 4650 1153 4727 όονν
1178 4656 1306 4731 exoptes
1332 4654 1447 4727 κοτέςυ
1472 4650 1626 4738 [οότος].
1658 4654 1720 4720 Res

530 4766 566 4828 in
595 4760 703 4827 oculos
730 4763 874 4830 incurrit.
907 4759 955 4830 De
982 4758 1154 4829 Timotheo
1181 4759 1219 4827 cf.
1252 4759 1372 4827 Balsius
1401 4759 1496 4826 Sobel.
1522 4760 1648 4847 Hypera.
1676 4759 1722 4827 Ill

531 4893 563 4959 p.
589 4867 643 4934 93.
1281 4902 1283 4906 ·
