4525 5950
956 721 1093 769 61111111.
1556 704 1619 771 397

566 884 635 964 Qua
657 883 765 964 (falce)
789 883 883 950 modo
906 883 1070 950 luxuriem
1092 886 1211 970 premit
1234 890 1267 949 et
1289 887 1461 970 spatiantia
1480 889 1600 972 passim

568 989 721 1056 Bracchia
743 992 934 1076 compescit,
957 989 1030 1055 lisso
1055 990 1150 1055 modo
1174 993 1292 1056 cortice
1314 989 1444 1077 lignum

567 1094 684 1162 Inserit
706 1102 739 1160 61
761 1117 853 1162 sucos
877 1095 981 1162 alieno
1004 1102 1147 1182 praestat
1169 1095 1319 1176 alumno,

431 1223 513 1288 quae
536 1205 643 1268 omnia
666 1201 742 1267 deae
765 1224 840 1268 cum
863 1201 1054 1268 mortalibus
1076 1207 1153 1267 sunt
1174 1204 1368 1270 communia.

478 1306 638 1375 Continuo
661 1309 825 1393 sequitur:

570 1414 633 1479 Hic
653 1435 753 1492 amor,
772 1415 833 1480 hoc
851 1415 1013 1479 studium:
1030 1413 1161 1480 Veneris
1180 1435 1307 1501 qnoque
1326 1413 1417 1481 nulla
1434 1414 1550 1501 cupido
1567 1422 1626 1484 est.

572 1519 646 1585 Vim
670 1527 778 1586 tamen
801 1527 968 1607 agrestum
991 1528 1138 1586 metuens
1161 1523 1306 1607 pomaria
1328 1520 1450 1586 claudit

572 1626 663 1691 Intus
686 1631 720 1692 et
742 1647 887 1692 accessus
911 1627 1059 1712 prohibet
1080 1626 1265 1713 refugitque
1289 1625 1408 1693 viriles.

433 1733 581 1797 Mettum
612 1731 752 1798 fulciunt
774 1734 1014 1799 coniunctiones
1036 1754 1150 1818 qaoque
1172 1738 1206 1798 61
1228 1740 1335 1812 umen,
1358 1732 1413 1798 sed
1434 1732 1492 1799 illa
1513 1736 1629 1800 misere

430 1837 586 1924 languet,
611 1838 689 1904 haec
712 1840 889 1904 sententiae
912 1837 1083 1905 decursum
1107 1838 1292 1924 perturbat;
1317 1837 1400 1903 nihil
1422 1841 1509 1905 enim
1532 1840 1630 1906 habet

431 1964 498 2028 quo
528 1943 695 2010 reseratur.
728 1943 948 2030 'l'ransponere
978 1965 1031 2010 eas
1053 1947 1139 2010 inter
1162 1965 1214 2023 se,
1238 1946 1358 2011 sineret
1379 1945 1475 2011 modo
1498 1967 1629 2027 versus,

433 2054 623 2134 praestaret.

482 2152 546 2220 711
569 2175 636 2240 sqq.
668 2154 757 2242 Iphis
785 2156 984 2221 Anaxaretae
1015 2176 1124 2222 amore
1154 2161 1267 2242 captus
1299 2156 1447 2242 precibus
1478 2156 1631 2243 donisque

431 2281 509 2327 sem
531 2261 617 2327 adit:

573 2365 705 2433 Saevior
725 2365 782 2432 illa
804 2368 887 2433 freto
910 2372 1063 2454 surgente
1087 2367 1274 2433 cadentibus
1296 2367 1435 2446 Haedis,

575 2473 694 2538 Durior
717 2479 750 2539 61
772 2473 856 2539 ferro
878 2472 963 2559 qnod
985 2474 1122 2538 Noricus
1147 2475 1296 2559 excoquit
1318 2475 1422 2559 ignis,

574 2578 618 2644 llt
641 2599 734 2658 saxo,
759 2579 845 2665 quod
868 2578 971 2645 adhuc
995 2581 1108 2645 rivum
1131 2579 1236 2645 radice
1259 2584 1397 2657 tenetur,

573 2683 713 2770 Spernit.

432 2790 514 2857 Tres
545 2793 754 2857 insumuntur
778 2812 888 2857 versus
912 2791 952 2857 ad
976 2811 1045 2857 ram
1068 2790 1270 2856 decantatam
1292 2792 1413 2877 poetis,
1438 2789 1563 2878 puellae
1586 2791 1632 2857 di-

430 2897 537 2963 lectae
561 2895 732 2976 duritiem,
758 2896 1006 2963 describendam.
1035 2897 1161 2978 Quanto
1184 2899 1398 2984 praestitisset
1419 2918 1483 2962 una
1506 2897 1559 2963 hic
1583 2900 1632 2963 uti

431 3002 598 3091 imaginel
623 3003 780 3070 'laedium
803 3011 915 3070 mouet
936 3003 1121 3092 legentibus
1142 3005 1205 3069 ista
1227 3004 1398 3069 uerborum
1421 3004 1561 3070 ubertas.

484 3109 549 3177 741
570 3132 616 3196 sq.
651 3109 857 3197 Supplicihus
889 3110 1036 3195 precihus
1066 3110 1186 3175 frustra
1215 3110 1374 3176 absumtis
1397 3115 1471 3176 ante
1494 3108 1632 3176 crudelis

432 3218 576 3303 virginis
600 3216 683 3283 fores
706 3238 739 3282 se
763 3215 931 3302 suspendit
954 3215 1052 3301 lphis.
1076 3215 1203 3295 Quare
1225 3218 1355 3303 cognita

805 3321 987 3388 exclamant
1008 3321 1123 3388 famuli
1146 3323 1327 3408 frustraque
1349 3321 1497 3388 levatum

572 3428 670 3510 (Nam
693 3433 783 3514 pater
805 3428 976 3508 occiderat)
999 3429 1143 3494 referunt
1166 3428 1206 3493 ad
1229 3427 1343 3493 limina
1364 3431 1489 3494 matris.

431 3534 517 3601 Tota
546 3537 609 3600 ista
640 3535 840 3621 parenthesis
871 3534 1001 3619 putidae
1025 3533 1127 3600 videri
1153 3539 1260 3620 posset
1278 3532 1482 3620 diligentiae,
1506 3537 1569 3600 nisi
1592 3535 1633 3601 ad

430 3662 566 3707 versum
596 3640 791 3727 explendum
823 3643 978 3707 insertam
1007 3645 1177 3707 constaret.
1210 3639 1253 3704 llt
1276 3640 1372 3725 quid,
1398 3641 1546 3719 obsecro,
1571 3642 1632 3706 sibi

428 3745 522 3812 istud
547 3748 678 3832 frustra
708 3743 802 3812 uult?
835 3746 909 3812 Alio
941 3767 1068 3832 quoque
1092 3748 1173 3812 vitio
1197 3746 1320 3813 laborat
1343 3750 1432 3811 totus
1455 3746 1508 3812 hic
1531 3745 1630 3812 locus.

432 3851 628 3918 Addendnm
651 3851 773 3937 aliquid
798 3857 866 3917 erat
889 3852 928 3917 ad
952 3852 1237 3918 demonstrandum
1261 3854 1317 3937 qui
1341 3850 1410 3916 fieri
1433 3854 1573 3936 potuerit
1594 3858 1633 3916 111

432 3958 534 4023 inodo
569 3959 748 4024 Anaxarete
783 3957 953 4023 tolleretur
986 3979 1101 4043 corpus
1136 3958 1398 4043 auferreturque:
1434 3956 1491 4022 illa
1525 3961 1631 4037 enirn,

435 4070 661 4151 praetereunte
684 4063 776 4130 aedes
799 4085 873 4129 suas
896 4064 1023 4143 sunere,
1048 4063 1125 4149 quid
1148 4070 1280 4150 gestum
1303 4066 1346 4128 sit
1369 4066 1550 4149 cognoscit:

485 4168 550 4236 753
576 4168 700 4256 Vixque
723 4171 802 4236 bena
824 4173 1015 4255 impositum
1037 4168 1121 4236 lecte
1143 4174 1348 4255 prospexerat
1367 4168 1474 4253 lphim
1494 4190 1521 4234 6.
1534 4191 1564 4255 q.
1577 4191 1602 4235 s.

431 4277 508 4343 Nisi
532 4281 601 4341 tam
623 4276 728 4342 multa
750 4278 852 4361 ipsius
875 4280 987 4361 poetae
1011 4277 1091 4341 vitia
1113 4275 1165 4339 his
1188 4274 1499 4361 deprehenderentur
1520 4274 1630 4353 libris,

432 4383 637 4469 profruetur
657 4381 834 4469 legendum
858 4384 1035 4467 suspicarer
1052 4381 1181 4467 fartim.

484 4486 552 4555 772
569 4510 636 4575 sqq.

573 4594 746 4660 Proximus
769 4595 925 4659 Ausonias
948 4594 1064 4658 iniusti
1087 4591 1182 4657 miles
1207 4590 1319 4656 Amuli

572 4700 669 4766 Rexit
691 4722 776 4786 opes.
801 4701 1015 4784 Numitorque
1039 4720 1133 4763 senex
1158 4701 1275 4764 amissa
1300 4702 1454 4782 nepotum

574 4805 710 4872 Munere
733 4827 834 4893 regna
857 4808 952 4892 capit.

1450 4921 1483 4972 26
