4525 5950
532 698 574 763 46
853 715 896 761 un
919 714 1078 761 uunouaro
1102 705 1406 767 ΨΎΧΟΠΟΜΠΩ..

530 887 568 946 ut
590 881 783 966 hadevigius
806 885 838 945 et
861 879 1057 966 Bellingius,
1081 886 1197 965 putant
1214 879 1302 945 idem
1322 902 1411 966 posse
1431 880 1539 946 valere
1559 884 1722 968 resignare

530 993 626 1071 etque
650 989 777 1072 signare
800 1012 839 1036 =
864 985 1102 1071 „versegelen'',
1126 985 1210 1071 quod
1234 1008 1362 1071 prorsus
1385 1007 1485 1074 nego,
1510 999 1724 1072 neque·opus

531 1114 597 1160 esse
628 1095 777 1158 existimo
802 1093 876 1157 huie
900 1093 997 1158 verbo
1021 1092 1117 1157 aliam
1140 1096 1332 1158 sententiam
1354 1099 1450 1179 atque
1473 1092 1651 1180 vulgarem
1675 1095 1725 1159 ob

531 1197 618 1263 trudi
648 1207 680 1262 et
703 1197 883 1284 Vergilium
907 1200 1077 1263 verborum
1101 1208 1286 1264 novatorem
1308 1199 1434 1276 haberi,
1459 1202 1486 1264 si
1509 1200 1726 1287 significatio,

532 1326 628 1391 quam
659 1307 794 1373 verbum
825 1304 926 1391 vulgo
957 1305 1067 1384 habet,
1098 1309 1132 1370 in
1163 1306 1247 1370 hunc
1279 1327 1404 1391 quoque
1434 1305 1544 1371 locum
1575 1307 1725 1393 quadret.

531 1411 614 1488 Alii,
639 1433 775 1496 quorum
798 1418 847 1476 est
870 1415 1108 1477 recentissimus
1132 1411 1289 1477 Aeneidos
1308 1412 1410 1477 editor
1428 1412 1638 1492 Deutiecius,
1658 1418 1727 1479 iure

531 1539 661 1583 sensum
690 1521 847 1582 usitatum
875 1518 964 1582 verbi
987 1520 1175 1595 retinentes,
1199 1517 1306 1583 locum
1329 1520 1375 1583 its
1396 1521 1667 1605 interpretantur,
1691 1527 1727 1585 nt

533 1623 678 1703 „morte”
715 1622 874 1689 ablativus
909 1627 1108 1709 separativus
1138 1627 1181 1688 sit
1216 1614 1496 1710 vertuntque'„er
1528 1626 1728 1714 entsiegelt‚

532 1730 561 1795 d.
586 1731 617 1794 h.
651 1729 745 1795 dffnet
775 1730 825 1795 die
857 1731 989 1817 Augen,
1022 1731 1120 1795 denen
1152 1729 1208 1795 der
1231 1729 1297 1796 'lod
1320 1729 1496 1818 gleichsam
1521 1736 1593 1797 sein
1619 1732 1728 1821 Siegel

531 1835 745 1922 ausgedriiclrt
767 1835 874 1901 hatte”
889 1837 923 1916 l).
948 1835 1035 1901 Haec
1059 1835 1231 1921 explicatio
1255 1839 1282 1900 si
1305 1857 1381 1902 vera
1404 1844 1469 1915 est,
1494 1837 1601 1903 altera
1627 1843 1730 1905 oritur

531 1945 690 2027 quaestio,
718 1963 774 2006 cur
797 1941 978 2006 Mercurius
1001 1940 1109 2007 oculos
1134 1948 1337 2007 mortuorum
1360 1945 1490 2028 aperiat.
1516 1943 1730 2030 Respondent

531 2050 734 2134 interpretes:
769 2047 872 2133 „quod
903 2050 1005 2113 vitam
1036 2049 1214 2135 fugientem
1244 2056 1369 2114 revocet
1392 2047 1446 2114 vel
1468 2048 1553 2133 quod
1581 2057 1731 2115 mortuos

532 2154 732 2219 resuscitet’'.
771 2152 832 2219 Sed
864 2157 919 2239 qui
948 2157 995 2218 ita
1026 2157 1266 2230 ratiocinantur,
1299 2161 1438 2220 statuere
1469 2164 1640 2242 eoguntur
1670 2158 1730 2222 boc

532 2281 627 2326 versu
647 2261 740 2340 (244)
760 2260 871 2325 eadem
894 2259 957 2325 diei
981 2266 1012 2325 et
1034 2263 1159 2338 iterari,
1184 2282 1265 2346 quae
1283 2263 1349 2325 iam
1368 2283 1463 2346 snpra
1480 2261 1562 2340 (242
1577 2284 1627 2349 sq.
1642 2267 1731 2341 „ani-

532 2388 601 2433 mas
632 2373 743 2432 evocat
772 2365 887 2448 Orco'')
919 2367 1004 2431 dieta
1034 2370 1115 2443 sint,
1144 2367 1344 2432 Mercurium
1367 2367 1487 2433 scilicet
1510 2377 1669 2435 mortuos
1693 2371 1730 2435 ab

531 2474 641 2538 inferis
664 2475 811 2538 excitare.
836 2472 919 2539 (lum
944 2480 1050 2538 tamen
1073 2474 1149 2538 huic
1172 2477 1427 2560 interpretationi
1450 2474 1580 2539 obstent
1605 2482 1642 2542 et
1664 2499 1730 2543 mo

531 2579 613 2646 leste
636 2583 701 2644 sint
722 2580 820 2646 verba
841 2580 1067 2644 intercedentis
1092 2580 1168 2656 „dat
1190 2602 1317 2645 somnos
1340 2580 1549 2665 adimitque'',
1577 2585 1608 2646 si
1634 2605 1673 2649 es
1694 2583 1730 2648 de

532 2687 718 2752 hominibus
758 2686 989 2751 dormientibus
1028 2685 1274 2773 intellegentur,
1310 2709 1382 2772 pars
1415 2690 1657 2772 interpretum,
1696 2703 1730 2755 ut

533 2793 722 2871 (lorssenus,
756 2793 925 2871 „somnos”
958 2814 1014 2877 per
1037 2792 1277 2858 translationem
1300 2792 1339 2856 de
1362 2799 1465 2858 morte
1478 2790 1504 2872 ²)
1528 2804 1728 2882 usurpatum

533 2922 600 2965 esse
623 2906 733 2986 putat,
758 2920 846 2985 pars,
871 2905 908 2964 ut
931 2898 1132 2977 Deutiecius,
1154 2899 1287 2964 inclinat
1304 2903 1338 2963 in
1356 2898 1490 2965 eandem
1511 2906 1729 2980 sententiam,

532 3010 689 3073 retinetur
712 3014 818 3072 tamen
841 3006 909 3072 loco
934 3006 1031 3071 Statii
1044 3004 1079 3087 ³),
1104 3010 1159 3091 qui
1180 3006 1360 3093 Vergilium
1378 3010 1529 3072 imitatus
1550 3012 1726 3086 „somnos”

531 3117 658 3199 proprie
691 3115 813 3178 dictum
839 3117 969 3198 accepit.
1001 3113 1063 3178 Sed
1087 3114 1168 3178 mihi
1192 3136 1256 3179 non
1280 3113 1477 3179 verisimile
1502 3136 1572 3180 esse
1600 3119 1727 3184 videtur

533 3219 713 3306 Vergilium
747 3242 816 3285 rem
850 3223 896 3284 ita
927 3218 1105 3305 simplicem
1137 3226 1169 3283 et
1200 3222 1417 3305 perspicuam,
1449 3223 1724 3305 quemadmodum

533 3325 1722 3416 Mmfflmmwwffimmmmmmmmmwww

533 3433 618 3509 dieo,
650 3435 755 3498 verbis
786 3434 928 3498 obscuris
958 3440 990 3497 et
1021 3432 1136 3496 multis
1165 3434 1356 3518 ambagibus
1386 3436 1582 3499 iteraturum
1609 3438 1721 3511 fuisse,
1768 3475 1769 3480 κ

532 3562 590 3605 nec
621 3543 698 3605 satis
730 3561 842 3605 causae
872 3549 937 3617 est,
962 3561 1018 3604 eur
1040 3562 1104 3605 uuo
1128 3539 1197 3604 loco
1221 3538 1346 3625 Hymni
1370 3538 1502 3624 Orphioi
1515 3539 1541 3620 ⁴)
1566 3547 1719 3628 permoti,

534 3648 629 3711 verbe
661 3647 736 3725 „dat
763 3669 889 3713 somnos
912 3648 1109 3732 adimitque'’
1135 3647 1172 3711 de
1195 3655 1298 3711 morte
1321 3646 1569 3732 intellegamus,
1596 3673 1671 3716 cum
1693 3661 1719 3714 et

534 3755 632 3818 verba
652 3750 771 3818 Graeca
791 3753 925 3818 Homeri
938 3754 975 3833 ⁵),
992 3754 1031 3817 ed
1044 3774 1181 3838 quorum
1194 3752 1378 3837 exemplum
1391 3753 1499 3816 Latini
1513 3775 1630 3821 versus
1643 3758 1719 3843 pecti

534 3866 625 3936 sunt,
651 3860 689 3924 ad
713 3841 924 3925 dormientem
946 3864 1139 3944 pertineant,
1162 3881 1217 3924 neo
1236 3858 1359 3924 Statius
1379 3859 1486 3924 locum
1501 3858 1718 3948 Vergilianum

535 3966 629 4031 aliter
657 3968 885 4051 interpretetus
909 3987 976 4031 esse
1000 3966 1157 4030 videatur.
1181 3966 1293 4051 Itaque
1316 3987 1389 4031 mea
1412 3965 1543 4050 quidem
1569 3971 1718 4034 sententis

542 4149 734 4158 ψ..-

570 4271 597 4335 1)
619 4270 682 4330 alii,
705 4275 732 4319 ut
751 4287 771 4319 r.
789 4271 812 4318 d.
833 4271 908 4329 Vliet,
925 4271 1069 4335 intellegunt
1089 4270 1197 4319 ‚morts”
1215 4271 1243 4318 de
1260 4286 1344 4320 somno
1361 4278 1384 4319 et
1401 4269 1572 4320 immobilitate
1590 4273 1718 4329 oculorum,

535 4354 571 4402 ita
593 4357 620 4401 ut
647 4353 752 4402 ‚lumina
775 4356 851 4401 morte
875 4354 994 4416 resigust”
1018 4354 1080 4402 idem
1105 4354 1221 4416 significet
1238 4356 1301 4416 qnod
1320 4353 1419 4402 redimit
1435 4352 1555 4412 somnos”‚
1574 4371 1636 4419 quae
1653 4358 1719 4405 inter·

536 4435 638 4500 protetio
657 4436 718 4484 bsud
736 4436 786 4485 veri
803 4435 888 4484 similis
906 4437 965 4485 mibi
982 4438 1084 4485 ridetur.

569 4519 595 4578 2)
613 4518 649 4565 Cf.
667 4535 689 4582 p.
706 4520 746 4567 44.

571 4600 598 4663 3)
616 4599 687 4648 Theb.
706 4601 716 4648 l
736 4602 784 4649 306
794 4617 861 4664 sqq.:
882 4609 947 4650 stum
965 4602 1060 4650 dextrae
1078 4601 1169 4664 virgam
1187 4600 1301 4659 inseruit,
1318 4616 1365 4664 qua
1380 4599 1468 4664 pellere
1481 4599 1562 4648 dulces
1576 4606 1620 4651 sut
1632 4603 1721 4651 suadere

535 4680 629 4731 iterum
647 4698 751 4741 somnos,
768 4698 815 4745 qua
832 4683 900 4747 nigre
917 4682 996 4732 subire
1014 4683 1113 4731 Tartaru
1131 4687 1155 4731 ct
1172 4698 1298 4746 exsangues
1315 4682 1421 4731 enimsre
1437 4682 1579 4731 adsueverat
1595 4681 1708 4733 ambae&

568 4766 784 4829 nmpms

571 4848 597 4911 t)
616 4848 652 4896 Cf.
668 4864 693 4913 p.
709 4849 749 4896 48.
