4525 5950
883 706 925 753 nn
948 706 1024 753 mun
1048 704 1188 754 aousuo.
1541 695 1544 701 '
1584 687 1627 754 85

437 871 675 950 iuventutem
711 871 763 935 aut
796 872 972 947 tractasset
1006 864 1059 935 sai
1083 872 1291 951 ἀποφέρεσθαι
1317 874 1359 936 τὰ
1385 873 1418 950 ἐξ
1442 875 1537 938 αὐτοῦ
1561 881 1627 951 (τοῦ

438 978 692 1057 setestatus).
725 977 806 1058 Quis
837 984 947 1044 autem
976 981 1132 1044 recentior
1155 976 1349 1045 Graecorum
1375 981 1505 1054 ὑποθήκη
1530 1001 1549 1046 a
1571 981 1630 1046 lio

438 1104 535 1149 mana
554 1084 735 1171 hypotheca
753 1105 816 1148 nou
836 1084 956 1163 differt,
976 1085 1046 1150 ideo
1064 1088 1171 1171 magis
1183 1085 1223 1151 ad
1235 1085 1452 1151 Romanorum
1464 1085 1628 1164 fiduciam,

437 1211 537 1274 quam
568 1190 608 1255 ad
638 1187 792 1255 Graecam
826 1191 974 1263 ὑποθήκην
990 1189 1013 1269 ¹)
1037 1191 1239 1257 referendum
1262 1198 1310 1256 eet
1333 1213 1519 1278 responsum
1541 1192 1630 1258 Scae

417 1301 420 1306 ’
439 1294 550 1372 volae,
571 1295 656 1381 quod
676 1302 724 1361 est
744 1296 839 1361 hodie
857 1295 880 1361 l.
903 1297 965 1361 101
988 1318 1035 1382 pr.
1057 1296 1096 1362 D.
1117 1295 1178 1362 32:
1198 1298 1251 1383 qui
1269 1298 1394 1361 habebat
1412 1299 1446 1362 ν’νν
1458 1298 1629 1381 prouincia,

440 1425 478 1466 es
500 1425 559 1486 que
582 1403 726 1466 oriundus
749 1410 831 1480 erat,
850 1403 980 1486 propria
997 1403 1128 1485 praedia
1152 1411 1180 1467 et
1203 1404 1268 1467 alio
1291 1406 1420 1491 pignori
1432 1403 1458 1486 ²)
1480 1405 1540 1469 e'bi
1557 1407 1630 1469 doto

439 1511 474 1572 ol)
498 1509 616 1583 debito,
640 1508 791 1572 codicillis
813 1505 860 1573 s'ta
881 1510 1021 1592 scripsit:
1046 1519 1083 1591 τῇ
1110 1558 1207 1575 .....
1229 1510 1351 1586 stratu
1375 1559 1474 1576 .....
1496 1511 1629 1592 νξΦνρίζω

439 1662 540 1679 .....
572 1618 670 1695 χωρία
703 1617 827 1693 πάντα,
859 1613 917 1679 ὅσα
951 1618 979 1680 ἐν
1013 1618 1108 1699 Συρίᾳ
1141 1618 1291 1694 κέκτημαι
1458 1619 1631 1700 Quaesitum

438 1727 502 1797 eet,
531 1744 571 1783 ανν
594 1721 682 1784 etiam
700 1721 834 1804 praedia
857 1744 932 1807 quae
954 1725 1082 1809 pignori
1097 1720 1122 1803 3)
1146 1724 1250 1787 tatuit
1273 1731 1396 1788 testator
1412 1725 1537 1807 patriae
1559 1748 1631 1789 ettae

438 1826 599 1911 reliquisse
631 1829 779 1892 videatur.
810 1827 996 1909 Respondit:
1022 1876 1119 1893 .....
1143 1851 1202 1892 nou
1233 1829 1331 1894 uideri
1360 1830 1476 1908 relicta,
1500 1831 1528 1893 si
1548 1833 1631 1895 modo

439 1934 476 1996 e'n
497 1933 655 2015 proprium
680 1934 913 2017 patrimonium,
945 1938 1025 2021 qaod
1048 1937 1124 2022 fere
1154 1942 1286 2000 cessante
1309 1936 1439 2000 debitore
1453 1939 1498 2020 fit
1510 1934 1546 2017 ⁴),
1571 1959 1631 2000 ννονν

437 2041 504 2104 siret
526 2042 658 2105 redacta.
682 2042 841 2127 Apparet,
866 2062 905 2106 ex
927 2048 1035 2108 mente
1057 2042 1226 2109 Scaevolae
1248 2043 1381 2109 fiduciae
1404 2043 1478 2108 data
1500 2043 1632 2109 credito

436 2149 484 2211 ris
514 2146 644 2232 quidem
675 2167 742 2212 esse
767 2168 806 2212 ex
828 2150 898 2213 iure
922 2147 1117 2228 Quiritium,
1142 2170 1204 2214 non
1227 2154 1335 2214 tamen
1354 2150 1503 2232 propriu,
1526 2149 1560 2213 id
1583 2156 1632 2215 est

435 2256 471 2318 in
495 2252 603 2331 bonis,
627 2261 797 2339 antequam
818 2257 1038 2341 supervenerit
1056 2254 1109 2320 lex
1128 2258 1346 2320 commissoris
1359 2253 1395 2334 5).
1420 2254 1531 2341 Itaque
1550 2277 1632 2321 oom-

437 2363 618 2424 mittuntur
647 2359 780 2426 fiduciae
808 2360 859 2427 vel
881 2362 1098 2448 hypothecae,
1123 2382 1224 2447 quum
1247 2361 1356 2448 legem
1379 2365 1631 2427 commissoriam

439 2466 581 2532 creditor
610 2474 771 2546 exerceat,
800 2470 864 2533 nisi
894 2467 956 2534 alio
978 2468 1073 2533 modo
1097 2471 1260 2533 committi
1283 2468 1434 2533 dicuntur
1446 2467 1483 2547 ⁰),
1507 2468 1631 2547 idest,

438 2595 540 2660 quum
573 2573 739 2659 praedium
770 2575 984 2655 κνιτνκώχνμνν
1015 2574 1142 2651 γένηται
1158 2573 1192 2654 ¹),
1228 2575 1312 2660 quod
1342 2574 1379 2639 fit
1409 2577 1479 2640 iure
1510 2573 1631 2641 Graeco

441 2681 539 2751 κατὰ,
561 2684 615 2754 τὴν
647 2683 849 2759 ὑπερημερίαν
863 2680 899 2761 ⁸),
924 2684 988 2746 nisi
1010 2684 1211 2759 convenerit,
1235 2687 1273 2746 ut
1296 2684 1406 2746 statim
1429 2681 1523 2747 liceat
1547 2682 1630 2761 ἔχειν

440 2786 494 2851 καὶ
519 2795 640 2865 κρατεῖν
664 2788 715 2851 τὸν
738 2788 857 2864 θέμενον
872 2786 908 2869 ⁰).
932 2788 1028 2874 Ergo
1054 2809 1156 2873 quum
1173 2787 1355 2873 praedium,
1375 2791 1471 2853 sicuti
1491 2788 1632 2854 diximus

441 2896 658 2977 κνιτονώχνμνν
693 2895 841 2974 γένηται,
875 2894 968 2960 debet
1001 2897 1197 2981 possessione
1233 2894 1342 2960 cedere
1377 2895 1510 2974 debitor,
1547 2896 1631 2981 qnod

476 3189 503 3251 1)
528 3188 565 3236 Ad
592 3188 739 3236 Graecorum
768 3185 939 3251 hypothesem,
963 3184 1063 3250 putabat
1094 3185 1203 3244 Mitteis,
1234 3186 1387 3236 Reictsreett
1418 3188 1468 3236 end
1496 3187 1633 3238 Vottsreett

460 3272 560 3320 .441⁸.

440 3288 457 3338 p
474 3355 503 3418 8)
521 3352 692 3418 deponendum
707 3367 756 3400 ease
774 3351 896 3414 νιννιείρίο,
914 3351 971 3400 tutis
987 3350 1106 3399 evincitur
1122 3351 1214 3400 adiecto
1229 3351 1257 3401 ot
1270 3351 1359 3412 debita,
1373 3367 1449 3417 neque
1463 3352 1631 3418 trepidandum

439 3441 477 3486 eet
501 3440 640 3501 propterea,
663 3435 725 3499 quod
749 3435 846 3500 praedia
868 3434 916 3483 tint
939 3433 1104 3499 provincialis.
1129 3433 1244 3483 Obtiunit
1266 3434 1331 3484 enim
1355 3434 1499 3500 mancipatio
1515 3434 1588 3484 etium
1607 3435 1632 3485 in

440 3520 545 3586 praediis
569 3517 767 3583 provincialibus,
792 3517 862 3568 sicuti
885 3518 1063 3567 demonstratur
1082 3517 1241 3567 instrumento
1258 3517 1379 3567 Andueiue
1399 3518 1497 3567 Batonis
1513 3519 1553 3579 (of.
1573 3520 1633 3567 Kur-

440 3603 515 3659 lons,
538 3601 703 3666 Rechtspeset.
726 3600 739 3648 1
760 3601 845 3661 (1888)
862 3617 886 3665 p.
904 3599 952 3652 781
971 3600 1013 3649 lin.
1033 3601 1088 3664 le)
1106 3601 1219 3650 advorsus
1235 3599 1295 3649 iuris
1312 3600 1375 3661 (uei.
1394 3600 1418 3649 Il
1436 3601 1488 3662 981
1506 3600 1532 3662 (ἰ.
1549 3600 1585 3662 1.),
1602 3600 1633 3650 ci.

439 3689 522 3734 tumen
546 3683 613 3745 988)
636 3687 660 3731 et
682 3682 880 3732 constitutionum
902 3682 967 3743 (vu.
990 3681 1020 3730 Ir.
1045 3682 1106 3741 818;
1130 3699 1150 3732 c.
1170 3683 1186 3730 8
1204 3683 1232 3733 C.
1251 3683 1332 3741 t.tt;
1349 3699 1369 3731 o.
1389 3683 1420 3731 18
1439 3682 1466 3731 O.
1485 3683 1550 3735 881
1568 3683 1619 3745 (88)

438 3768 470 3816 ci,
489 3770 612 3832 praetereo
629 3765 683 3814 Vnt.
702 3765 765 3822 888;
782 3764 842 3825 888)
859 3764 1034 3813 auctoritatem.

476 3852 504 3913 8)
521 3850 580 3914 step.
595 3847 709 3913 fiduciae.

476 3935 504 3995 4)
524 3931 554 3980 vi
573 3930 632 3995 legis
647 3927 831 3978 commissoriee.

478 4017 502 4074 8)
520 4013 641 4062 (88881181
657 4012 753 4076 quidem
775 4010 884 4068 Pernice,
902 4009 959 4059 Lab.
977 4009 1016 4058 111
1035 4009 1048 4058 1
1066 4025 1088 4074 p.
1108 4009 1171 4059 lte·
1191 4011 1448 4061 unedo-reducta.

476 4099 503 4161 8)
528 4096 577 4146 Cic.
600 4110 644 4160 pro
669 4093 751 4142 Flacco
774 4093 804 4141 81
824 4094 881 4154 981
901 4092 932 4141 in.
951 4092 980 4140 ud
999 4091 1065 4141 uem.
1084 4091 1146 4140 XIII
1165 4092 1196 4140 88
1214 4094 1251 4154 98
1268 4091 1377 4158 (Hitaig,
1392 4095 1436 4142 dae
1453 4095 1541 4157 petest.
1560 4096 1631 4160 Psdr.

440 4198 464 4246 p.
483 4182 517 4228 84
534 4182 584 4227 lutet¹
604 4177 638 4236 8).

476 4260 583 4325 I)1sue.
601 4258 626 4307 11
645 4259 706 4320 988.

478 4345 505 4404 8)
524 4342 645 4391 Demosth.
664 4340 720 4390 XXI
738 4341 804 4402 §813
823 4339 888 4389 XXX
906 4339 970 4402 981;
990 4339 1096 4389 XXXIII
1115 4342 1159 4402 98.

477 4427 506 4489 8)
523 4424 626 4488 rescript
646 4425 699 4487 jer.
714 4439 791 4488 prseq.
811 4421 872 4470 VIII
891 4422 931 4482 88,
945 4423 977 4471 88
993 4422 1074 4486 (plens
1091 4421 1187 4472 aberret
1205 4423 1308 4482 Mittsis,
1325 4423 1478 4473 meumst
1493 4426 1544 4474 esd
1555 4424 1634 4475 Voles

441 4509 511 4559 recht
533 4525 556 4573 p,
577 4508 625 4556 441
651 4510 699 4555 not.
723 4508 748 4568 8)
782 4507 836 4555 Iure
860 4521 954 4570 quoque
978 4506 1085 4554 Romano
1103 4505 1188 4569 pignus
1205 4506 1314 4571 persequi
1332 4507 1491 4571 permittitur,
1507 4512 1633 4572 postquam

441 4591 517 4642 debiti
539 4590 644 4639 condicto
666 4590 755 4638 merit
777 4589 803 4649 (1.
824 4590 854 4637 18
872 4591 907 4650 98
929 4590 955 4636 Ι).
974 4588 1226 4649 20.1)vetuies(et.
1245 4589 1261 4639 1.
1280 4590 1346 4651 891
1367 4588 1397 4638 D.
1418 4590 1455 4637 88.
1466 4590 1502 4654 8),
1520 4606 1562 4638 neo
1579 4606 1633 4639 rsus

440 4673 608 4739 interpellatus
631 4672 708 4721 eoiret
725 4674 754 4733 (c.
773 4672 804 4720 10
821 4670 849 4721 0.
867 4673 891 4731 8,
912 4673 940 4720 18
959 4687 978 4720 s.
999 4673 1052 4731 14);
1070 4686 1214 4735 quemquem
1232 4672 1287 4720 aiibi
1307 4672 1410 4736 legitur:
1427 4674 1449 4721 ei
1464 4674 1565 4723 mm
1582 4674 1633 4723 dies

437 4757 561 4822 pentonia
582 4755 698 4816 remit,
722 4762 801 4803 tumen
822 4754 922 4818 pipam
941 4754 1048 4818 persequi
1062 4753 1247 4816 permittendum
1264 4757 1332 4815 edes)
1349 4754 1378 4817 (l.
1398 4756 1429 4803 u
1445 4771 1482 4820 pr.
1502 4756 1530 4806 D.
1549 4756 1630 4815 881).

442 4839 518 4888 Plura
535 4839 564 4886 de
580 4838 625 4886 hoo
641 4838 694 4886 iure
710 4837 817 4886 dedimus
832 4853 883 4902 cup.
901 4837 986 4887 herum
1004 4836 1093 4886 observ.
1111 4836 1188 4886 LXIX
1205 4837 1230 4898 (i.
1249 4836 1285 4898 1.).
