4525 5950
615 754 619 759 .
656 679 723 747 438
1127 699 1367 750 nsnosrnsrurs.

701 863 781 950 §55
813 886 843 950 p.
872 861 953 930 717:
986 863 1015 928 εί
1045 888 1101 928 τινι
1135 865 1379 945 προστετίμηται
1411 866 1495 929 κατά
1526 866 1614 942 νέμον
1637 866 1655 940 ἢ
1681 868 1769 931 κατά
1790 870 1845 945 ψέ-

656 979 773 1052 φισμα.
797 971 936 1059 Supple:
962 971 1127 1049 δεσμοῦ,
1154 975 1250 1038 sicuti
1273 980 1357 1039 recte
1380 971 1503 1060 legitur
1525 994 1556 1038 v.
1577 994 1603 1039 o.
1624 972 1701 1059 §87
1721 996 1755 1060 p.
1770 973 1843 1042 728.

613 1144 616 1149 ·
637 1278 641 1285 ⁵
700 1193 718 1277 ᾗ
738 1190 782 1256 64
801 1214 833 1277 p.
853 1189 927 1257 721.
948 1191 1031 1272 Quid
1050 1195 1178 1257 intersit
1196 1194 1281 1257 inter
1299 1194 1431 1258 δι’δεσθαι
1451 1199 1484 1258 et
1502 1192 1639 1258 δεδέσθαι
1652 1196 1847 1259 constituero

655 1318 728 1363 sum
751 1304 885 1365 conatus
906 1298 946 1363 ad
969 1299 1114 1384 Xenoph.
1140 1298 1254 1365 Oecon.
1279 1300 1391 1365 Μινοννν.
1418 1298 1505 1365 1897
1530 1321 1561 1384 p.
1586 1298 1663 1364 434.

701 1521 718 1604 §
740 1519 781 1584 65
805 1541 835 1604 p.
865 1515 948 1585 721:
972 1523 1030 1581 τῶν
1052 1517 1118 1593 περί
1140 1515 1248 1582 τᾶλλα
1269 1517 1504 1596 κακούργων
1524 1519 1596 1592 τοὺς
1616 1518 1849 1597 έμολογοῦντας

655 1623 727 1690 άνευ
752 1629 872 1701 κρίσεως
895 1624 1045 1705 κολάζειν.
1070 1622 1152 1691 0011.
1174 1624 1270 1710 §204
1291 1647 1322 1710 p.
1337 1622 1402 1690 763
1423 1625 1553 1690 malim:
1579 1628 1850 1706 κακουργούν-

654 1755 738 1796 των.
762 1731 871 1796 Etiam
894 1731 1023 1796 Reislsio
1048 1751 1084 1796 ea
1107 1733 1260 1796 correctio
1283 1730 1418 1816 placuit.

701 1933 781 2021 §67
814 1959 845 2022 p.
879 1935 962 2002 622:
999 1937 1080 2008 πλέον
1110 1937 1137 2001 εί
1168 1943 1333 2013 συγγενεῖς
1364 1935 1600 2012 ὑπολαμβάνειν
1636 1936 1744 2014 Φησὶ
1782 1936 1849 2006 τοὺς

655 2042 871 2119 μισθουμένους
902 2042 1004 2106 αὑτίν.
1037 2040 1125 2107 Malo
1155 2042 1303 2107 futurum
1326 2043 1467 2121 Φοίοει,
1491 2041 1562 2108 coll.
1587 2044 1605 2127 ξ
1630 2041 1696 2107 111
1727 2065 1758 2128 p.
1785 2041 1847 2109 735

656 2154 688 2213 et
711 2150 729 2233 ᾖ
750 2147 816 2213 122
839 2170 870 2234 p.
897 2145 973 2214 788.

700 2368 717 2451 ᾖ
738 2365 780 2430 68
803 2389 835 2453 p.
861 2364 944 2432 722:
974 2362 1059 2442 οἶμαι
1085 2363 1231 2436 άπαντας
1258 2365 1296 2432 ἂν
1320 2368 1402 2442 θμῖις
1427 2366 1618 2444 θμολογῆσαι
1644 2367 1705 2433 δεῖν
1733 2372 1787 2437 τίν
1810 2373 1849 2449 ι’ρ-

656 2476 709 2542 θῶς
741 2471 892 2552 έχοντα
925 2473 1012 2547 νίμον
1043 2473 1096 2537 καί
1128 2475 1274 2539 συνοίσειν
1306 2473 1464 2548 μέλλοντα
1487 2476 1529 2553 τῷ
1554 2475 1663 2548 πλήθει
1688 2479 1848 2556 γνωρίμως

654 2579 848 2661 γεγράφθαι.
872 2578 975 2666 Lege:
1000 2575 1161 2655 ἕξοντα.

700 2792 782 2878 §80
805 2814 836 2879 p.
863 2791 945 2859 726:
971 2793 1143 2867 ἐνθυμεῖσθε
1167 2787 1197 2856 ol
1214 2790 1390 2868 διεπήδησεν
1415 2794 1494 2876 [έπί
1518 2794 1584 2859 τὸν
1608 2794 1764 2881 δῆμον].
1788 2796 1846 2863 Sed

655 2898 776 2965 Balrius
799 2900 859 2966 hoc
881 2903 947 2965 iam
971 2899 1052 2965 vidit
1075 2901 1187 2964 Μαοοι.
1214 2898 1301 2964 1856
1324 2922 1355 2987 p.
1381 2899 1458 2965 230.

697 3121 714 3205 §
738 3113 801 3186 127
822 3141 852 3206 p.
875 3117 958 3185 740:
980 3119 1114 3197 τοσούτιρ
1134 3123 1258 3195 μᾶλλον
1277 3119 1370 3184 αὐτὸν
1391 3117 1448 3184 ἔδει
1469 3119 1604 3184 δεδέσθαι
1622 3120 1670 3202 [εί
1690 3125 1846 3200 χρυσοῦ

653 3228 805 3307 πατρὸς
832 3225 877 3289 ὢν
903 3232 1085 3297 τοιοῦτος
1109 3223 1174 3309 sla}
1199 3224 1326 3291 Inclusa
1349 3246 1387 3291 ex
1410 3230 1555 3311 proxime
1578 3226 1845 3312 praecedentibus

652 3353 819 3419 perperam
842 3335 958 3398 iterate
981 3338 1066 3397 sunt.

698 3535 802 3621 §133
833 3559 865 3623 p.
891 3533 972 3602 742:
1007 3536 1092 3601 κατά
1124 3538 1195 3607 τούς
1229 3536 1353 3618 χράνους
1385 3537 1495 3616 (καθ’)
1525 3533 1574 3609 οὓς
1606 3530 1714 3602 ἕααςοι
1749 3538 1846 3603 αὐτῶν

655 3638 742 3715 ἦσαν.
766 3642 922 3729 Supplevi
947 3645 1225 3729 praepositionem.

699 3850 717 3934 ᾖ
740 3847 804 3913 134
827 3872 858 3936 p.
885 3846 961 3914 742.
985 3847 1077 3913 Nunc
1101 3868 1273 3933 persequar
1294 3846 1328 3912 id
1350 3847 1435 3933 quod
1456 3848 1561 3911 institi
1582 3846 1686 3911 dicere
1705 3847 1747 3911 ad
1769 3846 1845 3912 Mid.

654 3954 758 4040 §145
791 3977 822 4039 p.
853 3952 916 4019 561
950 3954 988 4019 de
1018 3956 1221 4040 ignoratione
1251 3954 1404 4018 historiae
1434 3973 1531 4038 quam
1562 3955 1596 4026 in
1627 3951 1844 4020 Demosthene

655 4062 930 4147 deprehendimus.
963 4060 1032 4126 Non
1064 4081 1164 4146 urgeo
1195 4060 1281 4145 quod
1303 4060 1341 4125 de
1364 4058 1520 4125 Glaucete
1540 4057 1682 4146 legimus
1705 4058 1844 4126 Timocr.

655 4171 673 4254 ᾖ
696 4168 759 4233 129
782 4189 813 4254 p.
840 4165 901 4231 741
927 4188 1002 4232 eum
1026 4169 1219 4252 surripuisse
1244 4169 1294 4230 τὸν
1319 4167 1467 4236 νὶκινάιινν
1490 4167 1542 4228 τδν
1566 4164 1749 4244 Μαρδονίου,
1774 4187 1844 4232 nsm

654 4279 710 4362 qui
741 4281 851 4361 postea
873 4277 907 4338 in
930 4273 1006 4339 aede
1030 4273 1197 4339 Minervae
1221 4272 1359 4338 Poliadis
1384 4271 1631 4347 monstrabatur,
1656 4272 1797 4338 Pausan.
1819 4271 1843 4337 l.

655 4380 755 4458 271,
789 4382 922 4447 fortasse
954 4402 1018 4445 non
1051 4387 1117 4444 erat
1148 4382 1310 4466 genuinus
1342 4378 1521 4464 diciturque
1553 4378 1566 4441 θ
1594 4379 1769 4455 Μαρδονίου
1793 4394 1847 4443 λε·

656 4488 829 4567 γίμενοι
854 4484 940 4552 εἶναι.
965 4486 1047 4566 Quid
1071 4493 1181 4551 autem
1204 4486 1242 4550 de
1266 4482 1488 4573 Thrasybulo?
1515 4485 1601 4548 άλλδι
1627 4487 1700 4559 μετ’
1720 4485 1846 4550 Εὐκλεί-

657 4595 708 4666 δνν
743 4593 881 4673 άρχοντα
917 4596 1031 4671 πρῶτον
1069 4595 1125 4670 μὲν
1158 4592 1377 4673 Θρασύβουλον
1409 4592 1460 4655 τὸν
1492 4590 1653 4655 Κολλυτέα
1691 4592 1843 4661 πάντες

656 4704 860 4778 μέμνησθε
893 4701 936 4769 δίς
968 4700 1093 4765 δεθέντα
1124 4700 1176 4763 καί
1210 4699 1345 4780 κριθέντα
1378 4697 1561 4776 ἀμφοτέρας
1593 4698 1651 4770 τοὶς
1678 4700 1795 4777 κρίσεις
1817 4699 1843 4762 έν

656 4812 698 4888 τῷ
730 4808 829 4887 δήμῳ,
860 4809 958 4872 καίτοι
992 4813 1049 4871 τῶν
1080 4808 1113 4871 έν
1146 4814 1290 4886 Πειραιῶς
1323 4808 1404 4870 κάπδ
1438 4812 1540 4879 Φυλῆς
1564 4800 1648 4878 οὗτος
1674 4802 1720 4878 ἦν.
1754 4805 1842 4871 Hunc
