4525 5950
952 694 1128 743 urcunscs.
1567 643 1631 743 35¹1

433 860 579 926 dandum
599 860 763 946 proficitur
781 858 916 945 Sauppii
936 861 1149 925 correctione:
1170 863 1209 930 ὥς
1230 860 1281 922 καί
1303 860 1436 938 μεγάλα
1453 860 1634 940 βεβλαφὼς

436 966 495 1043 εἴη.
519 968 667 1033 Primum
691 972 814 1032 constat
839 967 1120 1043 πεντηκοςολίγους
1146 967 1244 1031 fuisse
1268 966 1453 1033 Leocratem
1477 974 1510 1033 et
1533 969 1635 1054 Phyr-

436 1077 566 1152 cinum,
591 1095 667 1140 nam
690 1080 801 1159 aperta
824 1073 922 1139 verba
945 1078 1021 1137 sunt
1045 1071 1136 1157 558:
1163 1072 1208 1136 ἔτι
1234 1073 1265 1136 δὲ
1289 1074 1341 1136 καί
1366 1081 1420 1147 τῆς
1445 1081 1635 1148 πεντηκοςῆς

436 1180 583 1260 μετέχων
609 1182 786 1259 ἐτύγχανεν
811 1174 844 1252 ἣν
868 1181 921 1243 ούκ
947 1178 984 1242 ἂν
1010 1179 1192 1242 καταλιπὼν
1217 1181 1287 1242 κατ’
1313 1180 1460 1256 ε’μπορίαν
1480 1179 1634 1256 ἀπεδήμει

436 1292 472 1351 et
503 1286 637 1351 conferri
668 1287 787 1370 poterit
819 1285 856 1348 de
887 1282 1067 1369 publicanis
1099 1283 1281 1349 Boeckhius
1309 1285 1412 1348 Oecon.
1442 1284 1531 1348 escit.
1564 1283 1633 1369 lp.

435 1391 505 1456 425
524 1411 592 1476 sqq.
624 1411 699 1455 cum
732 1389 826 1455 Bakii
857 1390 983 1475 epicrisi
1014 1389 1110 1453 Setol.
1135 1389 1218 1473 Ηρρ.
1242 1389 1285 1453 lV
1309 1411 1339 1475 p.
1366 1388 1442 1454 269.
1474 1387 1635 1456 Credibile

436 1504 489 1564 est
517 1497 721 1583 Pbyrcinum
752 1499 904 1580 questum
935 1495 1035 1559 fuisse
1067 1515 1100 1559 se
1132 1494 1286 1560 damnum
1310 1497 1466 1581 accepisse
1490 1516 1528 1560 ex
1556 1495 1636 1580 fuga

437 1601 596 1689 collegae,
633 1605 690 1687 qui
722 1604 756 1666 in
788 1603 928 1686 portorio
958 1600 1115 1685 exigendo
1146 1622 1180 1665 se
1211 1600 1418 1666 destituisset.
1449 1600 1520 1666 Hoc
1548 1599 1636 1665 facili

438 1728 536 1793 opera
569 1707 786 1772 obtinebimus
817 1705 1000 1771 scribendo:
1032 1707 1071 1778 ὡς
1104 1706 1155 1770 καί
1186 1707 1322 1784 μεγάλα
1352 1706 1539 1784 βλαβείη
1564 1715 1635 1781 τῆς

437 1819 698 1884 terraneis
722 1812 866 1890 μετέχων
893 1813 1009 1892 αύτῷ.

485 2031 613 2097 Multae
645 2036 721 2096 sunt
751 2033 897 2097 minutae
929 2034 1138 2097 correctiones
1167 2051 1245 2116 quas
1269 2029 1479 2096 Thalhemius
1502 2031 1637 2095 inconsi-

437 2137 548 2203 derate
578 2139 717 2222 sprevit;
750 2135 854 2202 veluti
886 2137 968 2222 §20
999 2159 1074 2202 cum
1105 2137 1248 2203 Dobraeo
1273 2137 1529 2214 ἐκελντεύσομεν,
1554 2136 1633 2220 §21

436 2265 516 2309 enm
546 2242 688 2328 Sauppio
720 2244 749 2306 ἐν
780 2243 935 2320 γειπίνον,
968 2241 1049 2327 §30
1078 2264 1153 2307 cum
1178 2242 1323 2309 Bekkero
1347 2243 1526 2322 γενομένων,
1553 2241 1634 2328 §37

437 2369 516 2414 cum
536 2351 576 2414 A.
596 2345 636 2414 G.
657 2348 798 2413 Beckerc
819 2350 997 2426 ἀφειμένοι,
1019 2347 1089 2412 coll.
1112 2347 1187 2432 §40
1207 2355 1239 2412 et
1260 2346 1302 2412 47
1321 2350 1457 2413 scribere
1471 2349 1634 2414 debuerat.

438 2454 533 2519 'I'alia
562 2476 619 2539 per
649 2459 753 2520 totam
782 2457 957 2519 orationem
990 2456 1211 2539 unusquisque
1242 2455 1303 2518 sibi
1334 2453 1484 2540 colligere
1509 2457 1635 2539 poterit.

440 2560 553 2625 Unum
577 2566 738 2645 praeterea
761 2559 948 2645 exemplum
972 2559 1164 2637 describam,
1190 2563 1266 2644 qnia
1289 2562 1440 2624 correctio
1463 2568 1512 2625 est
1530 2561 1636 2625 admo

441 2665 522 2729 dum
554 2664 701 2750 elegans:
733 2671 886 2740 γυναῖκας
912 2711 1009 2729 .....
1034 2666 1263 2740 πυνθανομένας
1288 2666 1335 2746 [εί
1360 2663 1469 2748 ζῶσι]
1494 2670 1552 2736 τοὶς
1578 2665 1634 2738 μὲν

440 2772 515 2848 ὑπὲρ
538 2770 662 2847 ἀνδρὸς,
687 2771 745 2842 τὰς
768 2772 792 2834 δ’
815 2771 888 2847 ὑπέρ
910 2771 1036 2849 πατρός.
1061 2770 1229 2856 Expunxit
1249 2770 1480 2835 Vandenessius
1498 2771 1532 2835 id
1552 2770 1635 2855 quod

442 2876 537 2942 vides
559 2898 591 2962 p.
618 2875 671 2940 26.

489 3078 587 3165 §21t
621 3079 732 3142 ἐκπλεῖ
759 3078 856 3141 πιίλιν
880 3078 913 3141 έκ
939 3085 995 3150 τῆς
1020 3078 1121 3142 Ῥόδου
1148 3078 1199 3142 καί
1224 3080 1403 3160 ἀφικνεῖται
1428 3081 1472 3152 είς
1496 3082 1633 3158 Μέγαρα

442 3187 494 3249 καὶ
520 3184 609 3266 ᾤκει
636 3186 665 3247 ἐν
689 3183 849 3261 Μεγάροις
874 3186 971 3249 πλείω
996 3186 1012 3259 ἢ
1034 3184 1120 3248 πέντ’
1140 3182 1205 3258 ἔπη.
1229 3185 1266 3249 In
1285 3185 1387 3250 nitida
1405 3190 1634 3271 compositione

440 3291 608 3377 flagitatur
630 3310 778 3375 praesens
802 3290 917 3355 οίνιεῑ.

486 3509 505 3592 §
525 3507 585 3572 42:
611 3505 668 3576 ύςε
687 3508 826 3587 πρότερον
844 3510 900 3584 μέν
922 3510 994 3587 ὑπὲρ
1014 3516 1070 3583 τῆς
1090 3511 1149 3573 τῶν
1169 3506 1272 3573 ἄλλων
1292 3510 1446 3585 Ἑλλήνων
1464 3512 1633 3590 ἐλευθερίας

441 3611 665 3692 ἀγωνίζεσθαι,
690 3616 721 3677 έν
746 3614 776 3679 δέ
799 3623 861 3686 τοῖς
887 3616 957 3678 τίτε
981 3616 1096 3694 χρίνοις
1121 3618 1255 3692 οὶγαποῖν
1280 3616 1333 3679 έοὶν
1358 3616 1430 3694 ὑπέρ
1455 3624 1509 3688 τῆς
1535 3619 1633 3682 αὑτῶν

441 3721 593 3797 σωτηρίας
627 3720 782 3801 ἀσφαλῶς
815 3719 940 3794 δύνηται
977 3720 1255 3785 κινδυνεῦσαι.
1291 3720 1428 3787 Difficile
1464 3722 1552 3789 dictu
1587 3731 1635 3788 est

439 3825 517 3912 quid
549 3828 593 3890 sit
625 3827 780 3907 ἀσφαλῶς
813 3826 1002 3891 κινδυνεῦσαι
1027 3833 1059 3892 et
1082 3830 1232 3914 arguitur
1254 3828 1434 3913 corruptela
1457 3829 1541 3915 quod
1564 3851 1636 3894 con-

439 3933 534 3997 tinuo
566 3933 728 4017 sequitur:
761 3931 814 3996 καί
846 3933 986 4009 πρότερον
1017 3934 1073 4007 μέν
1106 3942 1224 4007 πολλῆς
1255 3934 1359 4012 χύρας
1384 3940 1442 3996 τῶν
1466 3934 1635 4014 βαρβάρων

442 4037 604 4118 έπιέρχειν,
629 4038 700 4102 πίπε
726 4036 757 4101 δέ
781 4037 853 4117 πρὸς
878 4036 1065 4109 Μακεδίνας
1091 4037 1164 4115 ὑπέρ
1187 4047 1242 4111 τῆς
1267 4037 1348 4110 tilae
1374 4040 1633 4106 scrivanius.

441 4143 549 4228 Rogat
580 4142 792 4208 Thalhemius
823 4164 903 4208 num
932 4144 1016 4209 forte
1047 4164 1162 4208 verum
1192 4145 1235 4207 sit
1267 4144 1455 4221 ἀμύνεσθαι,
1488 4146 1542 4210 sed
1574 4146 1634 4211 hoc

441 4245 574 4330 quidem
597 4250 654 4312 vix
677 4250 850 4333 quisquam
869 4249 1027 4334 probabit.
1049 4247 1151 4312 Incidi
1170 4247 1319 4332 equidem
1338 4251 1391 4313 in:
1413 4250 1465 4313 ἐὰν
1486 4250 1560 4329 ὑπὲρ
1579 4259 1633 4324 τῆς

442 4351 543 4415 αὑτῶν
567 4355 716 4429 σωτηρίαν·
740 4356 895 4435 ἀσφαλῶς
921 4355 1047 4429 δύνηται
1073 4356 1418 4431 κοινολογεῑσίαι.

485 4563 673 4649 Sequuntur
702 4568 736 4630 in
766 4567 877 4632 eadem
906 4567 1105 4653 paragrapho
1129 4586 1266 4649 quorum
1292 4572 1340 4630 est
1364 4566 1455 4633 valde
1478 4571 1635 4654 impedita

441 4674 654 4736 constructio:
688 4673 824 4746 τοσαύτη
858 4672 884 4737 δ’
910 4675 926 4745 ἦ
956 4675 1044 4741 πίλις
1070 4673 1218 4749 έκέχρνπο
1242 4674 1408 4753 μεταβολῇ
1432 4672 1510 4739 ὥστε
1535 4722 1633 4741 .....

441 4775 494 4839 καί
521 4776 573 4840 σίν
597 4776 690 4853 δῆμον
715 4776 747 4843 ὃν
771 4779 911 4857 πρότερον
935 4775 1173 4851 Λακεοαιμίνιοι
1199 4779 1249 4841 καί
1274 4781 1505 4854 Πελοποννήσιοι
1530 4783 1583 4844 καί
1609 4783 1634 4846 οί
