4525 5950
537 683 603 749 322
1055 697 1212 744 ocurras.

582 865 647 945 (l):
672 861 756 943 Quid
779 865 827 926 est
851 860 1036 946 „primum”
1062 881 1100 925 an
1124 863 1200 946 quia
1223 866 1332 946 postea
1355 865 1505 927 mortuus
1529 861 1604 928 esti

581 969 684 1035 Omisi
712 969 772 1032 hoc
803 965 962 1032 scholium
985 965 1163 1032 adscribere
1185 970 1426 1054 interrogativis
1450 966 1670 1054 Philosophi,
1694 967 1742 1033 l.l.

535 1099 568 1162 p.
592 1075 669 1142 246.

583 1243 626 1309 34
649 1243 711 1309 Vin
735 1264 807 1308 eum
831 1240 917 1328 apud
939 1262 992 1307 me

582 1349 662 1414 Don.
700 1349 764 1430 (2):
798 1370 861 1413 non
892 1369 966 1412 sum
997 1346 1082 1432 apud
1114 1366 1184 1412 me:
1220 1345 1448 1412 consuetudine
1484 1350 1600 1434 magis
1639 1370 1736 1435 quum

535 1459 658 1522 ratione
677 1455 805 1520 dicitur.

582 1561 643 1627 His
665 1561 786 1627 ibidem
810 1561 980 1626 subiunxit
1002 1560 1110 1646 Mag:
1136 1565 1192 1625 aut
1215 1559 1295 1625 forte
1318 1561 1364 1625 sic
1387 1560 1482 1636 dicit,
1505 1563 1604 1645 quasi
1626 1562 1739 1627 abierit

536 1671 664 1735 animus
687 1674 720 1733 et
742 1689 854 1732 rursus
876 1668 1017 1733 redierit.
1053 1664 1107 1746 (G)

580 1775 628 1840 De
650 1773 782 1859 reliquis
805 1775 902 1838 huius
924 1772 987 1839 loci
1010 1772 1139 1838 scholiis
1162 1772 1237 1837 vide
1260 1772 1420 1838 Mnemos.
1442 1771 1490 1838 ll.
1516 1795 1548 1858 p.
1578 1773 1661 1839 241.

582 1941 625 2008 36
657 1942 752 2007 Pater

580 2049 661 2114 Don.
697 2047 761 2127 (l):
799 2047 861 2112 Hic
890 2049 957 2112 iam
987 2046 1070 2112 redit
1098 2048 1133 2110 iu
1163 2049 1305 2133 gratiam
1336 2045 1424 2111 Simo
1455 2068 1532 2112 cum
1558 2047 1647 2126 filio,
1673 2051 1734 2114 nisi

534 2155 616 2220 forte
639 2162 800 2240 patrem
822 2175 966 2219 socerum
990 2152 1223 2233 (Chremetem)
1247 2151 1403 2238 appellat,
1428 2159 1465 2217 ut
1489 2152 1626 2219 Turnus
1650 2155 1732 2240 apud

534 2259 716 2347 Vergilium
748 2259 917 2339 (x1150),
948 2280 1010 2324 non
1041 2259 1199 2344 quomodo
1225 2259 1309 2323 infra
1330 2264 1392 2338 (vs.
1416 2258 1473 2337 44)
1497 2259 1600 2325 dicit:
1628 2261 1732 2346 ,quod

535 2372 648 2443 restat,
673 2365 796 2453 pater”.

579 2472 666 2553 Quae
685 2473 926 2557 subiunguntur
945 2470 983 2535 de
1003 2470 1053 2533 his
1071 2471 1179 2535 verbis
1191 2490 1209 2535 e
1221 2492 1267 2535 vs.
1281 2469 1335 2546 44,
1348 2475 1486 2535 notataa
1504 2470 1729 2537 Wessnero:

581 2602 620 2641 aa
643 2579 710 2640 ideo
735 2576 869 2655 „restat”
893 2576 964 2661 quio
988 2575 1143 2640 ducciam
1166 2577 1261 2640 maior
1276 2599 1355 2659 para
1378 2576 1642 2642 reconciliatione}
1667 2579 1732 2642 eat?

534 2685 612 2750 haec
636 2704 761 2769 quoque
784 2681 981 2766 Philosopho
1005 2682 1079 2748 dare
1103 2681 1209 2748 debui.

580 2850 624 2916 38
653 2849 783 2914 Nodum
806 2851 839 2913 in
863 2850 966 2934 scirpo
989 2851 1116 2934 quaeris

579 2955 660 3022 Don.
692 2955 758 3036 (l):
790 2954 921 3040 Scirpus
944 2953 1098 3039 palustris
1121 2976 1171 3020 res
1194 2960 1242 3020 est
1265 2959 1298 3020 et
1320 2953 1496 3022 levissima.
1522 2954 1677 3023 Lucilius
1699 2959 1731 3023 in

533 3065 656 3148 primo:
683 3060 823 3138 ,nodum
846 3064 880 3126 in
902 3061 1021 3147 scirpo,
1047 3064 1080 3126 in
1104 3082 1179 3127 sano
1203 3062 1304 3127 facere
1329 3060 1454 3127 ulcus’'.
1483 3097 1521 3109 -
1549 3063 1645 3150 Mag.
1669 3065 1730 3146 (2):

533 3170 590 3233 Ec
620 3175 717 3231 autem
748 3167 910 3249 scirpus
940 3167 1006 3230 aine
1036 3169 1112 3231 raudo
1145 3175 1173 3231 et
1197 3168 1271 3231 levia
1293 3168 1377 3231 iunci
1398 3167 1521 3248 aperies,
1548 3169 1631 3232 alibi
1652 3171 1729 3253 ipre:

535 3275 685 3352 „redrluct
707 3280 849 3336 curatura
872 3273 1014 3336 iunceaa”
1040 3273 1135 3353 (Eun.
1160 3272 1191 3336 Il
1214 3272 1245 3338 3.
1260 3273 1327 3352 34).
1353 3311 1393 3322 -
1419 3272 1579 3339 Plautus:
1607 3280 1730 3362 „scirpo

532 3379 681 3445 induitur
703 3379 814 3445 ratis'’.

579 3485 683 3551 Verba
706 3488 830 3551 notavit
855 3485 904 3549 W.
936 3483 988 3564 (O)

578 3704 720 3769 Iudicavi
749 3709 888 3790 quatuor
910 3706 1100 3790 magistros,
1125 3707 1181 3789 qui
1204 3726 1261 3790 pro
1285 3725 1343 3770 sua
1366 3707 1501 3790 quisque
1526 3706 1679 3774 doci-rina
1701 3715 1730 3773 et

531 3813 662 3897 ingenio
693 3817 912 3875 commentum
944 3808 1060 3875 Donati
1091 3813 1178 3875 varia
1207 3809 1453 3875 illustraverunt
1475 3818 1532 3876 aut
1557 3813 1730 3880 offuscare

532 3922 609 3981 runt
630 3915 727 4000 idque
750 3917 815 3981 fere
839 3916 988 3981 videntur
1011 3917 1121 3981 fecisse
1145 3923 1217 4001 post
1236 3916 1483 4001 Philosophum,
1512 3920 1647 3985 etiamsi
1672 3923 1729 3987 hoc

531 4022 674 4087 nondum
708 4022 827 4107 ubique
862 4043 918 4107 pro
953 4028 1039 4087 certo
1067 4022 1315 4087 adfirmaverim.
1356 4024 1549 4088 Proximum
1588 4026 1729 4093 officium

531 4129 591 4193 hoc
622 4129 700 4204 erit,
732 4135 770 4191 ut
792 4127 984 4214 indagemus
1007 4127 1127 4192 scholia
1151 4131 1253 4213 ipsius
1278 4128 1413 4205 Donati,
1439 4151 1578 4215 quorum
1605 4133 1729 4198 charac-

531 4238 633 4297 terem
664 4235 831 4318 proprium
855 4235 883 4296 si
906 4235 1167 4318 cognoverimus,
1191 4237 1384 4318 paratiores,
1409 4242 1446 4299 ut
1468 4256 1581 4320 spero,
1606 4241 1727 4304 erimus

531 4337 570 4403 ad
602 4338 817 4404 extricandam
850 4342 1114 4425 compositionem
1146 4339 1340 4405 scholiorum
1363 4340 1621 4426 multiplicium,
1648 4366 1726 4431 quaa

531 4452 662 4531 propter
691 4447 737 4508 rei
768 4444 990 4510 difficultatem
1017 4467 1080 4511 non
1104 4448 1165 4510 nisi
1190 4466 1260 4510 raro
1284 4446 1388 4510 adhuc
1411 4449 1515 4533 tetigi.
1546 4447 1633 4527 Quid
1657 4473 1724 4515 mu·

531 4553 616 4617 neris
641 4557 711 4616 tum
736 4573 828 4636 porro
852 4553 943 4617 nobis
966 4554 1082 4629 instet,
1107 4560 1218 4637 postea
1241 4551 1432 4617 videbimus.

1030 4772 1097 4786 ..μ--
1115 4772 1118 4777 ι
1172 4772 1223 4780 --α
