4525 5950
894 706 936 752 nu
958 707 1034 754 rnen
1057 707 1199 756 neusse.
1575 689 1640 759 437

447 871 673 951 rproeseuroirls
697 896 735 948 γε
761 865 854 934 οὖσαν
878 871 989 956 ((14).
1014 872 1101 957 Ergo
1124 874 1277 937 vicissent
1301 874 1475 939 Androcles
1498 883 1530 939 et
1555 877 1647 939 Anti·

446 979 563 1057 dorus,
588 979 684 1043 medo
708 981 903 1044 constitisset
926 998 1026 1042 novos
1048 976 1131 1042 filios
1155 999 1194 1043 ex
1217 979 1414 1045 Euctemone
1439 987 1472 1045 et
1495 979 1646 1066 Callippe

446 1091 539 1151 natos
558 1090 645 1162 tuno,
666 1105 767 1170 quum
792 1090 874 1148 esset
897 1104 934 1148 ea
956 1083 1164 1148 Euctemonis
1186 1083 1317 1169 pupilla.
1342 1085 1385 1148 et
1405 1087 1517 1171 quidni
1536 1090 1644 1172 potuit

446 1192 584 1255 Athenis
618 1188 671 1254 lex
706 1190 821 1266 fnisse,
857 1199 895 1253 ut
925 1210 962 1253 ex
996 1195 1101 1253 tutore
1132 1196 1165 1253 et
1196 1189 1320 1274 pupilla
1351 1192 1534 1256 omnimodo
1566 1195 1645 1257 iusti

443 1296 540 1362 liberi
570 1293 796 1361 nascerentur?
828 1293 1045 1380 Cogitandum
1076 1302 1124 1359 est
1156 1303 1336 1380 praeterea,
1367 1301 1395 1360 si
1418 1298 1478 1362 hoe
1502 1295 1643 1383 placeat,

444 1400 547 1466 simul
576 1401 735 1487 intelligi,
768 1402 852 1486 quod
884 1401 1027 1465 nondum
1056 1399 1261 1465 intellectum
1293 1408 1342 1466 est
1359 1403 1391 1482 ¹),
1417 1424 1474 1467 cur
1496 1404 1643 1468 debuerit

443 1507 589 1572 Manliae
628 1506 804 1592 Plengonis
844 1505 928 1570 filios
963 1526 1153 1591 agnoscere,
1193 1523 1293 1591 quum
1329 1510 1465 1573 iurasset
1501 1529 1538 1573 ea
1571 1511 1641 1592 ipso

444 1612 626 1689 deferente,
651 1609 669 1685 ἦ
692 1611 844 1686 utereris
870 1612 988 1682 παῖδας
1012 1609 1045 1685 ἐξ
1069 1612 1165 1674 αὐτοῦ
1189 1613 1352 1688 γεγονέναι
1378 1612 1559 1693 (Demosth.
1580 1613 1640 1678 XL

446 1717 554 1803 §10);
580 1719 683 1782 fuerat
706 1716 827 1781 scilicet
846 1716 969 1803 Plengo
989 1715 1131 1781 Mantiae
1151 1716 1276 1802 pupilla
1288 1719 1325 1795 ²).
1349 1718 1439 1797 Quod
1460 1718 1643 1785 dissimulat

445 1823 579 1909 quidem
609 1823 753 1888 Mantiae
784 1844 822 1887 ex
851 1825 939 1887 iuste
968 1843 1066 1887 uxore
1097 1821 1201 1899 filius,
1234 1824 1288 1889 sed
1322 1822 1463 1907 pellucet
1494 1845 1560 1903 res,
1584 1825 1642 1889 ubi

446 1929 539 1994 ducet
571 1928 757 1993 contendere
788 1927 1001 2003 adversarios,
1031 1929 1068 1997 ea
1097 1928 1295 2003 δημευθείσης
1321 1937 1374 2001 τῆς
1402 1933 1575 2007 Παμφίλου
1599 1932 1645 1995 οὐ·

447 2035 519 2104 σίας
534 2033 570 2113 ³),
602 2031 630 2104 ie
666 2032 699 2106 ἦν
731 2037 833 2110 πατὴρ
865 2040 919 2105 τῆς
945 2033 1150 2111 Πλαγγόνος,
1175 2036 1217 2097 τὰ
1241 2035 1464 2111 περιγενόμενα
1488 2037 1642 2116 χρήματα

447 2139 462 2201 ὃ
496 2141 599 2215 πατὴρ
629 2138 643 2200 d
676 2139 746 2212 rat,
778 2139 896 2214 ἔλαβεν
927 2140 960 2201 ἐκ
993 2144 1044 2202 τοῦ
1068 2139 1286 2219 βουλευτηρίου
1310 2141 1340 2223 (§
1353 2139 1422 2219 20).
1446 2140 1534 2226 Ergo
1558 2140 1643 2206 haud

447 2248 556 2330 magis
575 2248 608 2308 in
629 2265 723 2309 cansa
742 2243 921 2329 Callippes,
943 2264 1040 2328 quam
1061 2243 1246 2329 Plangonis,
1269 2245 1455 2310 antecedens
1467 2246 1644 2311 divortium

446 2350 676 2434 requirendum
700 2356 762 2428 est;
787 2350 871 2434 quod
891 2356 1001 2414 antem
1020 2349 1059 2414 ad
1079 2347 1173 2414 illam
1193 2349 1328 2414 alteram
1347 2371 1483 2414 uxorem
1496 2353 1643 2434 pertinet,

447 2477 546 2542 quam
567 2466 638 2540 pest
657 2456 812 2521 Euctemo
832 2456 925 2519 duxit
945 2457 977 2540 (ᾖ
989 2454 1057 2534 22),
1079 2476 1194 2539 parum
1214 2456 1310 2519 refert
1329 2463 1441 2519 utrum
1461 2462 1643 2521 statuamus

447 2564 549 2647 priori
579 2564 672 2625 uxori
702 2561 873 2645 repudium
903 2582 970 2626 esee
1001 2565 1156 2636 missum,
1185 2581 1223 2624 an
1249 2561 1383 2625 Athenis
1407 2564 1532 2638 risum,
1558 2561 1643 2646 qnod

448 2667 570 2732 Romae
601 2673 686 2733 certe
717 2666 830 2732 multis
859 2666 980 2751 placuit
993 2664 1037 2746 ⁴):
1062 2666 1147 2729 nocie
1168 2667 1286 2748 nuptiis
1301 2667 1378 2749 fieri
1402 2690 1465 2729 υυηι
1489 2669 1643 2749 mperiore

447 2794 549 2838 uxore
583 2773 744 2836 diuortium
757 2772 794 2852 1).
828 2772 906 2837 Erat
940 2778 1025 2837 certe
1059 2773 1267 2837 Euctemonis
1302 2793 1460 2837 novorum
1496 2771 1643 2836 filiorum

447 2898 544 2943 causa
574 2877 718 2954 infirma,
751 2898 788 2942 ea
819 2878 857 2942 de
887 2899 938 2954 re,
970 2880 1092 2962 opinor,
1117 2878 1202 2962 qnod
1226 2884 1338 2954 mater,
1363 2898 1443 2961 quae
1468 2877 1642 2954 dicebatur,

446 2991 576 3050 mortua
607 2991 676 3049 erat
705 2986 737 3069 (ᾖ
758 2984 809 3061 64,
834 2982 901 3061 65),
934 2989 1106 3069 antequam
1138 2994 1397 3070 agnoscerentur,
1429 2986 1493 3069 ipsi
1532 2990 1641 3048 autem

447 3088 534 3176 apud
557 3088 672 3166 Alcen,
699 3098 826 3174 turpem
846 3110 1024 3174 personam,
1045 3089 1235 3175 plerumque
1256 3089 1465 3166 delituerant;
1490 3095 1522 3153 et
1544 3091 1645 3172 impe-

447 3201 590 3259 traverat
620 3195 752 3280 quidem
782 3193 939 3258 Euctemo
969 3193 1256 3259 aPhiloctemone
1280 3216 1319 3259 ex
1342 3198 1428 3259 iusta
1451 3215 1551 3259 uxore
1575 3193 1642 3258 filio

447 3322 506 3386 pro
528 3303 630 3385 pretio
653 3299 796 3384 repudii,
824 3299 909 3384 quod
933 3302 1090 3363 missurus
1114 3307 1197 3364 esset
1219 3298 1269 3364 illi
1292 3299 1385 3364 alteri
1409 3303 1520 3376 uxori,
1546 3320 1643 3384 qnam

488 3586 516 3648 1)
533 3585 568 3635 Ol.
586 3585 688 3650 Lipsius,
707 3586 762 3634 Ata.
780 3586 851 3633 Pres.
870 3601 892 3649 p.
911 3585 995 3645 eeosl.

485 3669 512 3729 9)
531 3668 621 3732 Quodsi
640 3682 700 3715 uxor
718 3666 801 3715 inisset
817 3666 858 3725 (ci.
877 3666 983 3730 Lipsius,
1002 3673 1052 3716 net.
1070 3665 1139 3728 lea),
1155 3681 1203 3714 non
1220 3665 1405 3729 intelligeretur,
1421 3680 1464 3713 cnr
1481 3663 1510 3713 eb
1526 3664 1578 3729 ipse
1594 3664 1644 3713 ins·

449 3751 577 3800 inrendnm
595 3752 703 3799 exectum
721 3749 760 3797 sit.
785 3749 848 3798 Nem
867 3763 952 3813 perum
969 3752 1005 3797 est
1023 3746 1157 3812 probabile,
1175 3752 1238 3812 spnd
1256 3747 1411 3797 Athenienses
1428 3747 1511 3796 fellere
1529 3747 1644 3811 regulam,

449 3849 499 3898 qne
511 3832 622 3895 pateris
639 3836 682 3890 est,
698 3847 765 3895 quem
783 3832 885 3896 nuptiae
902 3832 1071 3881 demonstrasse.
1091 3832 1129 3879 Ne
1147 3831 1281 3880 Andocides
1298 3831 1394 3895 quidem
1411 3832 1435 3893 (Ι
1452 3831 1534 3894 trae)
1549 3846 1577 3879 eo
1592 3845 1645 3895 per-

448 3915 525 3971 tinet,
551 3914 648 3962 videtur
670 3912 733 3962 enim
755 3912 789 3961 ibi
813 3917 881 3977 peter
904 3913 966 3961 bend
989 3912 1066 3961 filium
1090 3913 1167 3976 magis
1189 3928 1260 3975 quem
1278 3913 1459 3962 matrimonium
1476 3912 1586 3962 abiurare
1604 3912 1644 3972 (ei.

449 3996 533 4059 §1242
557 3994 602 4051 τὴν
626 3992 722 4054 μητέρα
814 3991 901 4054 ἔλαβε.
932 3994 1030 4043 Uxorem
1049 3994 1162 4058 supplent
1179 3994 1257 4043 Meier
1275 3998 1299 4043 et
1316 3995 1477 4051 Sebeemsnn,
1497 3996 1553 4043 Ast.
1575 3996 1643 4043 Pron.

448 4095 472 4143 p.
490 4077 549 4136 429,
566 4075 827 4140 memetipse
845 4092 868 4140 p.
887 4076 953 4137 599).

483 4161 512 4223 3)
530 4160 586 4208 Non
604 4163 703 4223 prepter
720 4158 811 4207 crimen
828 4157 938 4221 eliqnod,
957 4159 996 4206 sed
1014 4160 1114 4221 propter
1129 4156 1209 4205 debite
1227 4158 1314 4222 ((99).

484 4240 598 4304 s)'1'bsl.
617 4241 665 4288 seb.
685 4241 700 4289 9
717 4240 744 4301 (ἱ.
763 4241 792 4298 i.)
810 4240 839 4288 ed
858 4239 912 4289 Bes.
930 4240 970 4290 98.
989 4241 1012 4288 9.
1024 4241 1046 4287 5.

486 4326 514 4383 e)
532 4322 581 4370 Cic.
606 4322 635 4370 de
656 4323 725 4370 Oret.
743 4322 806 4368 140
824 4321 901 4382 tibi.
919 4348 952 4357 -
970 4319 1039 4368 Falso
1058 4324 1127 4384 putet
1146 4319 1249 4377 Girerd,
1267 4319 1367 4368 Manuel
1383 4319 1468 4379 (1991)
1485 4335 1508 4383 p.
1529 4319 1591 4369 lte·
1610 4333 1646 4367 se·

449 4405 554 4453 eundum
578 4404 638 4452 bane
655 4403 797 4452 sententiam
815 4402 935 4467 impunite
951 4401 1002 4450 iore
1020 4401 1165 4449 meritorum
1183 4401 1350 4458 matrimonia,
1368 4416 1442 4464 qnnm
1460 4401 1485 4449 in
1502 4416 1529 4449 ee
1546 4416 1572 4449 re
1584 4400 1645 4464 sar·

449 4492 500 4535 tm
519 4489 618 4534 notetur
635 4485 661 4544 (1.
680 4486 710 4533 19
730 4487 764 4543 §t
782 4484 810 4532 D.
831 4486 851 4531 9.
864 4486 898 4545 9),
915 4499 991 4547 neque
1008 4484 1033 4531 id
1052 4482 1123 4531 eliter
1141 4483 1255 4531 constitui
1273 4484 1347 4548 pessit
1365 4484 1428 4547 epnd
1445 4497 1498 4540 eos,
1515 4482 1557 4544 qni
1576 4482 1644 4531 bines

448 4567 555 4617 eiusdem
576 4567 659 4615 eodem
683 4574 789 4631 tempore
812 4566 886 4615 iustse
910 4565 1006 4629 nuptias
1024 4580 1072 4613 non
1090 4564 1229 4614 admittunt.
1248 4564 1302 4612 Erit
1318 4564 1384 4613 euim
1403 4564 1535 4613 neeeuerie
1552 4567 1595 4612 ent
1611 4578 1645 4611 se·

449 4650 557 4698 cnndnm
574 4647 756 4696 matrimonium
774 4650 872 4712 propter
890 4647 957 4711 prins
972 4646 1070 4695 irritum
1088 4651 1130 4693 ent
1148 4645 1279 4710 posteriore
1297 4646 1364 4710 prins
1381 4645 1487 4694 solutum
1502 4644 1647 4708 (Beeucbet,

454 4730 525 4779 Dros't
537 4727 607 4793 privs
621 4730 651 4777 de
669 4732 693 4778 la
711 4725 758 4792 re'p.
779 4726 864 4777 Arse'n.
882 4729 895 4776 Ι
912 4727 997 4790 (1997)
1014 4744 1037 4792 p.
1054 4728 1085 4776 41
1105 4727 1167 4775 ime:
1188 4726 1268 4775 alant
1285 4727 1374 4776 adnisa
1391 4724 1480 4775 l'sss'u‘
1494 4728 1526 4774 ds
1540 4725 1645 4789 suarim

452 4846 525 4863 .....
544 4811 569 4859 la
585 4808 687 4859 wltdite'
701 4811 734 4858 de
751 4812 837 4859 second
848 4809 991 4874 preeappese
1010 4811 1034 4857 ta
1051 4808 1192 4858 ductetur
1208 4810 1241 4858 de
1252 4808 1392 4873 Μαίον’).
1447 4872 1451 4878 ᾗ
