4525 5950
537 698 580 765 78
1055 717 1200 765 naerens.

535 883 609 947 dam
634 884 793 966 requirere
817 881 955 945 videtur.
982 881 1093 945 Victus
1116 884 1183 945 iam
1207 886 1239 946 et
1262 881 1452 968 profligatus
1476 881 1627 948 Vitellius
1648 904 1735 949 eena-

536 995 608 1052 tum
632 993 801 1052 convocat:

583 1093 774 1169 „Servorum
806 1113 979 1157 numerum
1011 1098 1044 1157 et
1074 1092 1197 1177 pondus
1227 1096 1352 1179 argenti
1376 1094 1577 1158 senatoribus
1600 1094 1717 1160 indicit
1725 1116 1733 1171 ;

535 1201 657 1284 equites
688 1198 825 1263 Romani
857 1196 999 1262 obtulere
1031 1219 1161 1282 operam
1194 1201 1425 1284 pecuniasque,
1449 1202 1547 1263 etiam
1571 1199 1734 1264 libertinis

534 1305 620 1369 idem
657 1326 775 1368 munus
810 1302 897 1368 ultro
933 1304 1164 1390 flagitantibus.
1196 1304 1243 1369 Ea
1274 1304 1440 1369 simulatio
1472 1305 1564 1370 officii
1599 1316 1732 1371 amatu

470 1431 476 1439 ·
535 1411 675 1496 profecta
695 1416 823 1473 veterat
843 1409 875 1471 ia
886 1410 1046 1494 favorem
1071 1430 1107 1474 ac
1129 1409 1273 1494 plerique
1297 1410 1381 1475 hand
1406 1411 1538 1496 proinde
1561 1410 1731 1477 Vitellium

534 1535 632 1600 quam
656 1534 765 1579 casum
789 1513 959 1599 locumque
983 1517 1181 1600 principatus
1205 1517 1467 1580 miserabantur'’.

581 1620 650 1684 Hoc
690 1628 798 1683 narrat
837 1618 985 1683 Tacitus:
1029 1620 1197 1696 „homines
1233 1620 1377 1704 opulenti
1413 1621 1552 1685 officium
1589 1623 1734 1686 simulare

535 1731 703 1810 coeperant
725 1733 815 1789 metu
839 1724 1086 1789 Vitellianorum
1112 1712 1257 1789 militum
1283 1734 1315 1791 et
1339 1726 1508 1790 clamantis
1532 1726 1717 1811 plebeculae
1725 1748 1733 1806 ;

535 1840 568 1896 at
602 1852 641 1895 ex
675 1852 712 1896 ea
748 1831 954 1896 simulatione
989 1832 1224 1916 quodammodo
1255 1833 1345 1896 favor
1376 1833 1505 1918 quidam
1536 1839 1606 1897 erat
1639 1844 1733 1898 natus

534 1936 680 2015 (fortasse
712 1940 805 2021 quia,
837 1959 911 2001 cum
935 1940 1036 2001 animi
1061 1937 1162 2002 semel
1186 1944 1260 2001 sunt
1284 1940 1456 2014 commoti,
1481 1939 1630 2003 homines
1656 1939 1730 2024 quid

535 2064 645 2108 revera
679 2046 818 2107 sentiant
852 2065 912 2107 non
949 2049 1124 2128 quaerunt,
1163 2044 1296 2107 fortasse
1331 2046 1431 2109 etiam
1466 2046 1542 2128 quia
1576 2047 1611 2107 in
1644 2052 1732 2108 tanta

532 2148 771 2214 clamitantium
791 2149 1001 2213 multitudine
1021 2149 1114 2214 facile
1135 2149 1174 2213 ad
1194 2152 1327 2235 quosvis
1347 2149 1478 2214 affectus
1493 2148 1732 2234 compelluntur

535 2256 690 2319 homines.
725 2254 812 2318 Haec
847 2262 931 2319 certe
967 2254 1085 2319 favoris
1120 2275 1215 2319 cauea
1249 2254 1418 2319 accedebat
1452 2255 1550 2339 quod)
1587 2254 1730 2340 plerique

534 2360 619 2424 haud
651 2360 783 2445 proinde
810 2360 976 2425 Vitellium
1001 2381 1096 2445 quam
1121 2382 1231 2426 casum
1256 2360 1426 2446 locumque
1449 2363 1651 2445 principatus
1675 2365 1730 2426 mi-

535 2465 756 2530 serabantur”.
1064 2525 1068 2531 .

579 2572 621 2636 H.
653 2570 706 2647 IV,
733 2571 785 2635 54.
821 2572 899 2636 Post
932 2578 1071 2636 mortem
1109 2571 1231 2636 Vitellii
1264 2578 1296 2636 et
1325 2572 1410 2655 apud
1442 2571 1622 2638 Germanos
1656 2573 1728 2639 belli

533 2678 627 2743 ardor
661 2685 799 2762 angetur
831 2683 863 2741 et
896 2674 984 2742 Galli
1020 2680 1142 2742 animos
1179 2677 1307 2742 tollunt.
1340 2677 1516 2763 Utriusque
1547 2681 1595 2743 rei
1629 2684 1729 2745 causis

534 2787 669 2849 narratis
692 2785 767 2849 haec
791 2784 880 2847 addit
904 2782 1048 2848 Tacitus:

580 2893 835 2975 „incesseratque
858 2890 960 2965 fama,
984 2893 1140 2972 primores
1164 2887 1342 2954 Galliarum
1368 2888 1407 2953 ab
1432 2888 1557 2953 Othone
1577 2890 1728 2956 adversus

534 2995 701 3060 Vitellium
721 2999 852 3070 missos,
872 3003 1042 3079 antequam
1063 2995 1314 3080 digrederentur,
1334 2997 1512 3080 pepigisse,
1533 3016 1573 3059 ne
1587 2995 1729 3061 deessent

532 3101 693 3178 libertati,
729 3104 757 3165 ei
790 3099 948 3184 populum
984 3100 1164 3165 Romanum
1201 3102 1351 3165 continua
1385 3098 1533 3164 civilium
1570 3100 1727 3166 bellorum

534 3209 629 3272 series
653 3213 685 3270 et
707 3209 831 3270 interna
854 3205 940 3269 mala
964 3205 1166 3291 fregissent”.

579 3313 649 3377 Non
680 3315 789 3375 statim
819 3317 951 3395 apparet
981 3311 1058 3376 haec
1082 3311 1157 3395 quid
1183 3311 1244 3375 eibi
1269 3309 1388 3388 velint;
1413 3309 1468 3374 sed
1493 3332 1525 3375 re
1548 3316 1728 3377 accuratius

533 3437 685 3502 perpensa
717 3437 830 3480 verum
854 3416 915 3481 loci
939 3437 1067 3480 sensum
1093 3419 1270 3500 perspicere
1293 3416 1376 3479 mihi
1401 3416 1520 3480 videor.
1547 3416 1620 3482 Hoc
1643 3422 1726 3483 enim

533 3530 641 3589 narrat
670 3522 817 3586 Tacitus:
851 3521 935 3586 Otho
968 3525 1123 3606 primores
1157 3521 1311 3605 quosdam
1344 3519 1542 3599 Galliarum,
1575 3527 1634 3608 qui
1658 3531 1726 3588 tum

532 3633 614 3696 forte
634 3628 753 3692 Romae
773 3627 919 3703 aderant,
940 3628 1106 3692 dimiserat
1127 3633 1164 3690 ut
1183 3648 1256 3691 euos
1275 3629 1409 3711 quisque
1429 3627 1599 3711 populares
1620 3638 1727 3694 contra

532 3733 701 3799 Vitellium
725 3736 884 3797 incitaret.
910 3733 954 3797 Hi
978 3754 1071 3819 ergo,
1097 3754 1171 3798 cum
1196 3733 1307 3797 eodem
1331 3738 1475 3817 tempore
1499 3734 1538 3798 ab
1558 3736 1639 3800 urbe
1660 3756 1726 3821 pro

532 3841 763 3914 fioiscebantur,
786 3842 973 3923 priusquam
993 3842 1131 3903 insuam
1145 3842 1280 3923 quisque
1293 3840 1459 3902 civitatem
1473 3838 1725 3923 digrederentur,

532 3949 565 4010 in
590 3944 697 4029 aliqua
723 3944 819 4019 urbe,
844 3944 928 4009 unde
947 3943 1091 4008 diversae
1113 3944 1243 4007 exibant
1260 3945 1347 4018 viae,
1369 3951 1596 4021 convenerant,
1618 3947 1727 4030 ibique

533 4054 591 4129 (sic
610 4056 695 4113 certe
716 4070 827 4113 rumor
846 4050 980 4129 ferebat)
1000 4052 1190 4135 pepigerant
1209 4069 1249 4112 ne
1268 4047 1412 4112 deessent
1424 4047 1567 4113 libertati
1580 4072 1609 4114 e.
1623 4073 1653 4135 q.
1667 4050 1724 4115 e.”.

578 4155 620 4219 Η.
646 4153 683 4230 V,
711 4154 739 4217 1.
764 4154 876 4219 Prima
899 4164 973 4219 sunt
996 4154 1071 4219 libri
1098 4155 1212 4219 verba:

580 4259 754 4337 „Eiusdem
785 4263 859 4323 anni
884 4263 1039 4344 principio
1060 4258 1176 4324 Caesar
1199 4257 1309 4334 Titus,
1334 4257 1567 4341 perdomandae
1591 4259 1725 4324 Iudaeae

533 4365 673 4429 delectus
693 4384 711 4428 a
730 4369 819 4448 patre
839 4373 871 4427 et
890 4368 1025 4448 privatis
1045 4368 1214 4447 utriusque
1234 4364 1329 4427 rebus
1342 4361 1462 4426 militia
1474 4362 1591 4440 claros,
1605 4368 1725 4429 maiore

533 4480 603 4535 tum
623 4473 658 4535 ui
680 4471 828 4553 famaque
848 4471 978 4553 agebat,
1003 4470 1199 4533 certantibus
1218 4471 1457 4552 provinciarum
1478 4478 1511 4532 et
1523 4473 1724 4535 exercituum

532 4577 662 4655 studiis;
688 4583 783 4659 atque
807 4577 874 4658 ipse
899 4582 936 4638 ut
959 4596 1055 4659 super
1077 4576 1239 4639 fortunam
1265 4574 1446 4638 crederetur
1469 4596 1496 4639 e.
1510 4596 1540 4659 q.
1554 4575 1616 4640 e.”.

577 4682 687 4747 Voluit
720 4701 796 4765 ergo
827 4678 919 4744 Titus
948 4704 1038 4763 cuper
1060 4683 1225 4766 fortunent
1255 4679 1354 4755 credi,
1388 4680 1441 4744 sed
1473 4681 1550 4765 quid
1575 4682 1638 4747 hoo
1661 4678 1726 4747 estl

530 4789 648 4862 Putes,
681 4792 717 4849 ut
749 4788 870 4869 opinor,
902 4785 940 4850 de
972 4807 1008 4850 eo
1040 4787 1098 4851 hoc
1129 4786 1192 4849 dici
1224 4787 1296 4867 qui,
1320 4804 1395 4848 cum
1418 4788 1453 4848 in
1476 4785 1562 4850 edito
1588 4790 1633 4851 sit
1656 4786 1725 4852 loco
