4525 5950
1055 729 1225 778 uucrsnus.
1692 710 1735 773 51

588 894 670 960 Ibid.
697 894 781 958 5.2:
815 893 867 957 καί
900 889 977 964 θλως
1008 892 1071 956 ἀεὶ
1097 891 1259 955 θανόντι
1285 891 1381 959 έοικώι
1407 890 1529 970 ἔρρωται
1553 891 1633 954 πολὺ
1656 893 1739 966 μάλ-

540 1015 594 1062 λον
614 1007 672 1063 τῶν
693 999 780 1062 νέων·
802 999 828 1063 οί
849 998 879 1063 δὲ
901 998 954 1072 ἤδη
975 998 1025 1060 τόν
1047 1003 1154 1072 κλῆρον
1175 996 1204 1060 ἕν
1225 997 1314 1074 σφίσι
1328 996 1493 1076 διῃρημένοι
1513 996 1738 1072 βόσκονται

540 1102 616 1184 ζωὴν
641 1105 801 1181 μακαρίαν
824 1103 895 1181 τρόι
921 1103 1045 1172 ἑαυτοὺς
1073 1104 1215 1173 τιθέντες.
1240 1102 1303 1166 Pro
1323 1100 1460 1166 absurdo
1485 1102 1548 1165 ἀεὶ
1574 1100 1738 1164 θανόντι

539 1213 732 1294 scripseram
763 1210 1021 1284 ἀσθενοῦντι,
1046 1207 1143 1294 idque
1168 1207 1462 1272 Sommerbrcdtiue
1486 1210 1518 1271 in
1543 1213 1671 1271 textum
1695 1227 1740 1272 re-

539 1318 636 1400 cepit.
662 1314 723 1379 Sed
746 1319 909 1399 praeterea
933 1313 1018 1378 male
1043 1335 1095 1378 me
1115 1314 1212 1379 habet
1234 1312 1462 1387 βόσκονται
1488 1312 1633 1378 absolute
1657 1315 1740 1399 pesi-

540 1428 633 1497 tum,
654 1441 756 1504 neque
775 1420 860 1505 apud
878 1423 1069 1506 interpretes
1089 1419 1173 1505 quod
1193 1419 1366 1483 satisfaciat
1384 1421 1523 1484 invenio.
1544 1420 1663 1495 Periit,
1676 1420 1740 1482 nisi

540 1526 647 1602 fallor,
666 1546 770 1590 unum
788 1524 1000 1602 vocabulum,
1021 1547 1084 1610 quo
1106 1531 1255 1590 revocato
1268 1545 1396 1589 sensum
1409 1526 1575 1589 restitues:
1597 1527 1737 1589 έλτίσι

540 1631 780 1707 βόσκονται.
805 1630 1018 1696 Decantatum
1044 1635 1093 1695 est
1116 1629 1199 1695 illud
1222 1630 1388 1715 Euripidis
1411 1633 1444 1693 in
1468 1629 1669 1695 Phoenissis:

677 1738 718 1801 αί
742 1737 767 1800 δ’
792 1736 964 1807 ε’λτίδεο
989 1737 1190 1813 βόσκουσι
1214 1736 1377 1815 Φώγοοδας,
1402 1739 1440 1804 ώο
1464 1735 1577 1813 Myon

537 1846 684 1929 itemque
707 1840 881 1928 Sophocles
904 1846 1028 1930 (Antig.
1058 1842 1176 1923 1225):
1202 1844 1296 1905 ε’λτί
1304 1865 1365 1905 σιν
1390 1842 1420 1905 δέ
1445 1841 1667 1918 βόσκομαι.

586 2054 667 2120 Ibid.
694 2057 723 2119 6.
738 2055 775 2120 3:
801 2062 905 2119 ταῦτα
929 2055 996 2132 μέν,
1021 2052 1041 2118 ώ
1066 2058 1219 2135 Τερψίων,
1243 2053 1323 2119 πολὺ
1348 2059 1606 2132 συνετώτεροι
1630 2058 1737 2135 γίγνε-

539 2186 594 2224 ται
627 2161 703 2238 ἥπερ
735 2163 778 2224 σοί
811 2162 901 2225 δοκεῖ.
935 2160 1087 2225 Mendose
1118 2182 1175 2245 pro
1207 2161 1477 2239 συνετώτερον
1487 2183 1495 2239 ;
1530 2169 1618 2245 petet
1648 2167 1735 2229 enim

539 2266 712 2329 adverbium
747 2268 883 2351 requiri:
920 2272 1092 2335 συνετῶς
1129 2271 1235 2328 ταῦτα
1270 2268 1435 2342 γίγνεται,
1472 2268 1624 2348 sapienter
1659 2269 1736 2334 haec

539 2370 633 2436 fiunt.
657 2370 781 2436 Deinde
804 2374 926 2458 pergit:
952 2372 1087 2436 ‘Novam
1112 2378 1215 2436 artem
1241 2392 1297 2436 vos
1320 2375 1543 2457 excogitastis,
1564 2373 1736 2460 flagrantes

539 2497 649 2541 amore
680 2497 794 2540 senum
825 2482 856 2542 et
889 2476 1091 2554 vetularum,
1123 2478 1175 2539 καὶ
1209 2477 1373 2553 μάιιιοτα,
1406 2479 1431 2540 εἰ
1463 2475 1581 2541 ἀτεκνοι
1614 2475 1685 2557 είεν,
1709 2482 1734 2545 οἱ

540 2582 572 2646 δέ
604 2579 730 2645 έντεκνοι
761 2582 832 2659 ὑμῖν
857 2582 1086 2659 ἀνέραστοι.
1112 2585 1210 2646 καίτοι
1237 2583 1345 2646 πολλοὶ
1371 2582 1424 2657 ἤδη
1451 2588 1508 2645 τών
1532 2583 1734 2662 ἐρωμένων

540 2689 679 2759 συνέντες
713 2688 795 2762 ώμών
816 2667 873 2762 'viv
898 2690 1086 2767 πανουργίαν
1112 2693 1165 2751 τοῦ
1189 2687 1313 2766 έρωτος,
1338 2689 1373 2757 ἢν
1395 2688 1447 2750 καί
1472 2687 1591 2768 τώχωσι
1617 2690 1734 2762 παῖδας

541 2793 685 2873 ἔχοντες,
718 2801 819 2867 μισεῖν
851 2795 964 2864 αὐτοὺς
996 2794 1210 2870 τλάττονται,
1242 2797 1287 2862 ώς
1321 2793 1386 2856 καί
1412 2793 1530 2857 αὐτοὶ
1555 2795 1733 2869 ε’ραστάς

539 2898 698 2978 ἔχωσιν.
723 2898 877 2964 Ridemus
898 2899 1001 2964 aliena
1021 2903 1233 2986 cogitantem,
1256 2919 1331 2963 cum
1351 2899 1570 2985 perspicillum
1591 2904 1733 2985 quaerit,

539 3006 623 3091 qued
654 3007 688 3069 in
719 3026 795 3070 naso
826 3010 967 3091 positum
1000 3006 1112 3083 habet;
1147 3007 1200 3070 sed
1227 3028 1289 3071 non
1309 3006 1415 3070 multo
1440 3010 1579 3072 seniores
1603 3017 1678 3072 eunt
1701 3009 1733 3072 οί

538 3113 750 3190 ἐρώμενοι,
792 3115 847 3196 qui
887 3112 997 3176 odium
1037 3114 1069 3175 in
1105 3112 1223 3176 liberes
1258 3111 1431 3189 simulant,
1468 3114 1512 3181 ώι
1550 3115 1729 3190 έραστάς

538 3216 684 3297 ἔχωσι,
716 3219 738 3280 i.
759 3237 798 3293 e.,
830 3219 885 3302 qui
917 3237 1045 3300 operose
1069 3216 1102 3280 id
1126 3222 1283 3302 appetunt
1306 3217 1390 3300 quod
1413 3217 1547 3294 habent;
1574 3218 1732 3303 siquidem

537 3324 681 3399 ἐρώμενος
712 3324 740 3385 is
773 3327 820 3385 est
851 3323 904 3386 cui
933 3328 1010 3386 sunt
1033 3324 1172 3398 ἐρασταί.
1196 3322 1238 3386 m
1260 3322 1360 3386 iidem
1385 3330 1538 3407 quattuor
1562 3324 1733 3388 verborum

535 3426 708 3491 intervallo
740 3427 957 3502 ἀνέραστοι
991 3425 1159 3493 dicuntur!
1193 3428 1379 3512 Requiritur
1402 3426 1494 3513 plane
1517 3433 1730 3507 contrarium,

535 3542 569 3597 et
593 3552 708 3596 verum
733 3536 900 3597 existimo:
925 3534 1032 3595 nostri
1055 3534 1108 3606 ἤδη
1131 3540 1189 3594 τῶν
1210 3535 1510 3609 ταρορωμένων.
1536 3534 1598 3614 Qui
1616 3535 1732 3600 liberos

534 3638 656 3702 habent
685 3636 897 3723 negliguntur
921 3642 954 3701 et
975 3640 1008 3701 in
1033 3636 1121 3702 nullo
1146 3646 1220 3701 sunt
1243 3659 1386 3703 numero.
1420 3639 1565 3724 Speciem
1590 3640 1731 3724 aliquem

534 3747 636 3809 errori
656 3745 870 3827 praebuerunt
891 3744 987 3807 verba
1010 3749 1078 3805 τοῦ
1104 3742 1242 3818 ἔρωτος
1253 3765 1261 3821 ;
1285 3764 1364 3828 quae
1386 3747 1413 3808 si
1433 3749 1574 3829 genuine
1593 3752 1668 3809 sunt
1689 3783 1731 3794 -

535 3849 576 3913 de
607 3869 670 3933 que
697 3869 730 3912 re
753 3846 896 3912 multum
921 3847 1050 3923 dubito,
1075 3868 1152 3911 nem
1175 3854 1208 3911 et
1230 3869 1358 3932 prorsus
1382 3857 1458 3913 sunt
1481 3872 1676 3934 supervacue
1700 3862 1732 3915 et

534 3951 742 4018 incommode
773 3951 841 4017 loco
870 3952 1042 4018 adhaerent
1066 3990 1107 3999 —
1131 3974 1193 4016 non
1218 3973 1359 4017 amorem
1383 3956 1416 4018 iu
1441 3976 1511 4030 eos,
1536 3958 1592 4040 qui
1614 3954 1731 4019 liberos

532 4059 670 4135 habent,
696 4066 840 4142 spectant
864 4093 906 4105 —
931 4079 1008 4122 nam
1030 4060 1058 4122 is
1083 4058 1214 4142 quidem
1238 4057 1347 4122 nullus
1372 4067 1421 4123 eet
1446 4096 1486 4106 -
1512 4060 1563 4125 sed
1585 4063 1618 4123 in
1638 4062 1730 4125 orbos

532 4175 568 4230 et
592 4164 694 4229 orbae.

582 4374 662 4440 Ibid.
691 4376 742 4439 11.
758 4377 786 4439 l.
813 4378 959 4456 Μοίριχον
984 4378 1035 4440 τόν
1061 4376 1204 4438 πλούσιον
1225 4376 1432 4451 έγίγνωσκες,
1451 4372 1471 4437 ci
1494 4375 1639 4451 Ardycrsc
1654 4425 1660 4439 .
1676 4427 1682 4442 .
1698 4426 1729 4442 ..

530 4479 568 4547 οὖ
593 4484 717 4556 ἀνεψιός
743 4482 923 4558 Ἀριστέας,
949 4484 1092 4552 πλούσιος
1115 4482 1169 4544 καί
1190 4483 1282 4550 αὐτὸς
1304 4482 1357 4558 ών;
1383 4478 1420 4551 ὃς
1445 4482 1485 4543 τὸ
1513 4483 1729 4559 Ὁμηρικὸν

530 4590 666 4651 έκεῖνο
690 4588 822 4651 εἰώθει
848 4588 1080 4662 έιιιλίρειν·

876 4691 950 4766 ἥμ’
976 4689 1126 4767 ἀνάειρ’
1155 4692 1170 4762 ἦ
1198 4692 1272 4767 ἐγώ
1298 4715 1348 4756 σε.

535 4800 645 4882 Supra
668 4819 764 4881 quam
789 4798 852 4862 diri
875 4804 979 4883 potest
1001 4801 1148 4882 ineptum
1171 4798 1231 4861 hoc
1254 4803 1302 4861 cst
1325 4805 1357 4860 et
1380 4805 1513 4861 naturae
1537 4801 1584 4861 rei
1608 4808 1728 4862 contra-
