<?xml version="1.0" encoding="UTF-8"?>
<!DOCTYPE html PUBLIC "-//W3C//DTD XHTML 1.0 Transitional//EN"
    "http://www.w3.org/TR/xhtml1/DTD/xhtml1-transitional.dtd">
<html xmlns="http://www.w3.org/1999/xhtml" xml:lang="en" lang="en">
 <head>
  <title>
</title>
<meta http-equiv="Content-Type" content="text/html;charset=utf-8" />
  <meta name='ocr-system' content='tesseract 3.04.00' />
  <meta name='ocr-capabilities' content='ocr_page ocr_carea ocr_par ocr_line ocrx_word'/>
</head>
<body>
  <div class='ocr_page' id='page_1' title='image "./mnemosyne07verdgoog_0624.png"; bbox 0 0 4525 5950; ppageno 0'>
   <div class='ocr_carea' id='block_1_1' title="bbox 640 684 1305 752">
    <p class='ocr_par' dir='ltr' id='par_1_1' title="bbox 640 684 1305 752">
     <span class='ocr_line' id='line_1_1' title="bbox 640 684 1305 752; baseline -0.002 -2"><span class='ocrx_word' id='word_1_1' title='bbox 640 684 704 750; x_wconf 83' lang='lat'><strong>144</strong></span> <span class='ocrx_word' id='word_1_2' title='bbox 1161 702 1305 752; x_wconf 79' lang='lat' dir='ltr'><strong>neonus.</strong></span> 
     </span>
    </p>
   </div>
   <div class='ocr_carea' id='block_1_2' title="bbox 640 865 1839 1908">
    <p class='ocr_par' dir='ltr' id='par_1_2' title="bbox 641 865 1834 1060">
     <span class='ocr_line' id='line_1_2' title="bbox 646 865 1834 953; baseline -0.003 -19"><span class='ocrx_word' id='word_1_3' title='bbox 646 872 757 934; x_wconf 79' lang='lat' dir='ltr'>sistere</span> <span class='ocrx_word' id='word_1_4' title='bbox 779 870 876 945; x_wconf 90' lang='lat' dir='ltr'><strong>iussi;</strong></span> <span class='ocrx_word' id='word_1_5' title='bbox 900 866 1027 933; x_wconf 86' lang='lat' dir='ltr'><strong>relictae</strong></span> <span class='ocrx_word' id='word_1_6' title='bbox 1051 866 1150 931; x_wconf 89' lang='lat' dir='ltr'><strong>simul</strong></span> <span class='ocrx_word' id='word_1_7' title='bbox 1173 888 1191 932; x_wconf 88' lang='lat' dir='ltr'><strong>e</strong></span> <span class='ocrx_word' id='word_1_8' title='bbox 1213 867 1397 931; x_wconf 87' lang='lat' dir='ltr'><strong>victricibus</strong></span> <span class='ocrx_word' id='word_1_9' title='bbox 1420 865 1580 953; x_wconf 80' lang='lat' dir='ltr'><strong>legiones,</strong></span> <span class='ocrx_word' id='word_1_10' title='bbox 1604 887 1709 952; x_wconf 91' lang='lat' dir='ltr'><strong>neqne</strong></span> <span class='ocrx_word' id='word_1_11' title='bbox 1733 869 1834 952; x_wconf 89' lang='lat' dir='ltr'><strong>quies·</strong></span> 
     </span>
     <span class='ocr_line' id='line_1_3' title="bbox 641 971 1590 1060; baseline -0.002 -21"><span class='ocrx_word' id='word_1_12' title='bbox 641 974 786 1039; x_wconf 80' lang='lat' dir='ltr'>centibus</span> <span class='ocrx_word' id='word_1_13' title='bbox 810 994 925 1060; x_wconf 83' lang='lat' dir='ltr'><strong>graves</strong></span> <span class='ocrx_word' id='word_1_14' title='bbox 947 980 979 1039; x_wconf 91' lang='lat' dir='ltr'><strong>et</strong></span> <span class='ocrx_word' id='word_1_15' title='bbox 1001 972 1153 1038; x_wconf 86' lang='lat' dir='ltr'><strong>adversus</strong></span> <span class='ocrx_word' id='word_1_16' title='bbox 1176 975 1409 1038; x_wconf 80' lang='lat' dir='ltr'><strong>contumaciam</strong></span> <span class='ocrx_word' id='word_1_17' title='bbox 1432 971 1590 1037; x_wconf 82' lang='lat' dir='ltr'><strong>validae.&#39;&#39;</strong></span> 
     </span>
    </p>

    <p class='ocr_par' dir='ltr' id='par_1_3' title="bbox 640 1078 1839 1908">
     <span class='ocr_line' id='line_1_4' title="bbox 686 1078 1834 1164; baseline -0.001 -21"><span class='ocrx_word' id='word_1_18' title='bbox 686 1078 782 1144; x_wconf 92' lang='lat' dir='ltr'><strong>Haud</strong></span> <span class='ocrx_word' id='word_1_19' title='bbox 812 1078 908 1143; x_wconf 91' lang='lat' dir='ltr'><strong>dubie</strong></span> <span class='ocrx_word' id='word_1_20' title='bbox 938 1079 1066 1160; x_wconf 69' lang='lat' dir='ltr'><strong>legiones</strong></span> <span class='ocrx_word' id='word_1_21' title='bbox 1096 1086 1283 1164; x_wconf 90' lang='lat' dir='ltr'><strong>corruptum</strong></span> <span class='ocrx_word' id='word_1_22' title='bbox 1314 1087 1378 1158; x_wconf 73' lang='lat' dir='ltr'><strong>eet,</strong></span> <span class='ocrx_word' id='word_1_23' title='bbox 1403 1081 1575 1144; x_wconf 90' lang='lat' dir='ltr'><strong>nonenim</strong></span> <span class='ocrx_word' id='word_1_24' title='bbox 1598 1099 1744 1164; x_wconf 90' lang='lat' dir='ltr'><strong>magnus</strong></span> <span class='ocrx_word' id='word_1_25' title='bbox 1767 1089 1834 1144; x_wconf 84' lang='lat' dir='ltr'><strong>erat</strong></span> 
     </span>
     <span class='ocr_line' id='line_1_5' title="bbox 642 1184 1835 1269; baseline 0 -20"><span class='ocrx_word' id='word_1_26' title='bbox 642 1184 699 1250; x_wconf 91' lang='lat' dir='ltr'><strong>ille</strong></span> <span class='ocrx_word' id='word_1_27' title='bbox 729 1186 897 1250; x_wconf 89' lang='lat' dir='ltr'><strong>custodum</strong></span> <span class='ocrx_word' id='word_1_28' title='bbox 920 1207 1089 1263; x_wconf 89' lang='lat' dir='ltr'><strong>numerus,</strong></span> <span class='ocrx_word' id='word_1_29' title='bbox 1114 1185 1273 1269; x_wconf 83' lang='lat' dir='ltr'><strong>siquidem</strong></span> <span class='ocrx_word' id='word_1_30' title='bbox 1296 1184 1422 1250; x_wconf 82' lang='lat' dir='ltr'><strong>disertis</strong></span> <span class='ocrx_word' id='word_1_31' title='bbox 1445 1185 1596 1250; x_wconf 87' lang='lat' dir='ltr'><strong>docemur</strong></span> <span class='ocrx_word' id='word_1_32' title='bbox 1619 1185 1734 1249; x_wconf 83' lang='lat' dir='ltr'><strong>verbis</strong></span> <span class='ocrx_word' id='word_1_33' title='bbox 1757 1185 1835 1268; x_wconf 72' lang='lat' dir='ltr'><strong>ruffi</strong></span> 
     </span>
     <span class='ocr_line' id='line_1_6' title="bbox 640 1290 1834 1376; baseline 0.003 -22"><span class='ocrx_word' id='word_1_34' title='bbox 640 1313 704 1354; x_wconf 82' lang='lat' dir='ltr'><strong>cere</strong></span> <span class='ocrx_word' id='word_1_35' title='bbox 727 1312 797 1369; x_wconf 91' lang='lat' dir='ltr'><strong>eos,</strong></span> <span class='ocrx_word' id='word_1_36' title='bbox 821 1290 903 1355; x_wconf 92' lang='lat' dir='ltr'><strong>nibil</strong></span> <span class='ocrx_word' id='word_1_37' title='bbox 926 1291 1081 1376; x_wconf 88' lang='lat' dir='ltr'><strong>amplius,</strong></span> <span class='ocrx_word' id='word_1_38' title='bbox 1102 1290 1141 1355; x_wconf 92' lang='lat' dir='ltr'><strong>ad</strong></span> <span class='ocrx_word' id='word_1_39' title='bbox 1162 1290 1344 1366; x_wconf 81' lang='lat' dir='ltr'><strong>dediticios,</strong></span> <span class='ocrx_word' id='word_1_40' title='bbox 1365 1294 1393 1355; x_wconf 91' lang='lat' dir='ltr'><strong>si</strong></span> <span class='ocrx_word' id='word_1_41' title='bbox 1413 1311 1491 1376; x_wconf 90' lang='lat' dir='ltr'><strong>opus</strong></span> <span class='ocrx_word' id='word_1_42' title='bbox 1512 1297 1588 1368; x_wconf 88' lang='lat' dir='ltr'><strong>erat,</strong></span> <span class='ocrx_word' id='word_1_43' title='bbox 1610 1290 1834 1357; x_wconf 83' lang='lat' dir='ltr'><strong>continendos</strong></span> 
     </span>
     <span class='ocr_line' id='line_1_7' title="bbox 640 1395 1837 1482; baseline 0.002 -21"><span class='ocrx_word' id='word_1_44' title='bbox 640 1395 682 1461; x_wconf 78' lang='grc'><strong>111</strong></span> <span class='ocrx_word' id='word_1_45' title='bbox 713 1399 857 1482; x_wconf 93' lang='lat' dir='ltr'><strong>ipsorum</strong></span> <span class='ocrx_word' id='word_1_46' title='bbox 888 1396 1148 1475; x_wconf 87' lang='lat' dir='ltr'><strong>Vitellianorum,</strong></span> <span class='ocrx_word' id='word_1_47' title='bbox 1173 1399 1285 1481; x_wconf 91' lang='lat' dir='ltr'><strong>quiin</strong></span> <span class='ocrx_word' id='word_1_48' title='bbox 1309 1403 1414 1482; x_wconf 89' lang='lat' dir='ltr'><strong>partes</strong></span> <span class='ocrx_word' id='word_1_49' title='bbox 1438 1400 1643 1474; x_wconf 78' lang='lat' dir='ltr'><strong>transierant,</strong></span> <span class='ocrx_word' id='word_1_50' title='bbox 1669 1419 1697 1462; x_wconf 91' lang='lat' dir='ltr'><strong>o.</strong></span> <span class='ocrx_word' id='word_1_51' title='bbox 1726 1397 1837 1463; x_wconf 77' lang='grc'><strong>6710</strong></span> 
     </span>
     <span class='ocr_line' id='line_1_8' title="bbox 640 1503 1839 1590; baseline 0.002 -23"><span class='ocrx_word' id='word_1_52' title='bbox 640 1506 749 1589; x_wconf 91' lang='lat' dir='ltr'><strong>gimns</strong></span> <span class='ocrx_word' id='word_1_53' title='bbox 779 1504 876 1568; x_wconf 89' lang='lat' dir='ltr'><strong>fnisse</strong></span> <span class='ocrx_word' id='word_1_54' title='bbox 907 1528 995 1567; x_wconf 79' lang='lat' dir='ltr'><strong>unam</strong></span> <span class='ocrx_word' id='word_1_55' title='bbox 1025 1503 1187 1590; x_wconf 81' lang='lat' dir='ltr'><strong>legionem</strong></span> <span class='ocrx_word' id='word_1_56' title='bbox 1219 1509 1251 1568; x_wconf 89' lang='lat' dir='ltr'><strong>et</strong></span> <span class='ocrx_word' id='word_1_57' title='bbox 1278 1503 1400 1588; x_wconf 85' lang='lat' dir='ltr'><strong>aliquot</strong></span> <span class='ocrx_word' id='word_1_58' title='bbox 1422 1504 1573 1569; x_wconf 86' lang='lat' dir='ltr'><strong>cohortes.</strong></span> <span class='ocrx_word' id='word_1_59' title='bbox 1598 1503 1670 1568; x_wconf 89' lang='lat' dir='ltr'><strong>Hos</strong></span> <span class='ocrx_word' id='word_1_60' title='bbox 1686 1505 1839 1587; x_wconf 65' lang='lat' dir='ltr'><strong>pluribus</strong></span> 
     </span>
     <span class='ocr_line' id='line_1_9' title="bbox 640 1603 1834 1695; baseline 0.003 -23"><span class='ocrx_word' id='word_1_61' title='bbox 640 1608 822 1695; x_wconf 81' lang='lat' dir='ltr'><strong>legionibus</strong></span> <span class='ocrx_word' id='word_1_62' title='bbox 848 1603 1017 1676; x_wconf 82' lang='lat' dir='ltr'><strong>‘custodire</strong></span> <span class='ocrx_word' id='word_1_63' title='bbox 1050 1608 1135 1674; x_wconf 83' lang='lat' dir='ltr'><strong>velle</strong></span> <span class='ocrx_word' id='word_1_64' title='bbox 1170 1608 1342 1674; x_wconf 88' lang='lat' dir='ltr'><strong>absurdum</strong></span> <span class='ocrx_word' id='word_1_65' title='bbox 1378 1617 1435 1675; x_wconf 90' lang='lat' dir='ltr'><strong>est.</strong></span> <span class='ocrx_word' id='word_1_66' title='bbox 1472 1609 1660 1695; x_wconf 85' lang='lat' dir='ltr'><strong>Legendum</strong></span> <span class='ocrx_word' id='word_1_67' title='bbox 1697 1631 1834 1677; x_wconf 87' lang='lat' dir='ltr'><strong>censeo:</strong></span> 
     </span>
     <span class='ocr_line' id='line_1_10' title="bbox 643 1715 1837 1797; baseline 0.003 -17"><span class='ocrx_word' id='word_1_68' title='bbox 643 1715 800 1796; x_wconf 87' lang='lat' dir='ltr'><strong>„relictae</strong></span> <span class='ocrx_word' id='word_1_69' title='bbox 828 1716 927 1781; x_wconf 91' lang='lat' dir='ltr'><strong>simul</strong></span> <span class='ocrx_word' id='word_1_70' title='bbox 964 1739 980 1781; x_wconf 92' lang='lat' dir='ltr'><strong>e</strong></span> <span class='ocrx_word' id='word_1_71' title='bbox 1011 1718 1197 1782; x_wconf 86' lang='lat' dir='ltr'><strong>victricibus</strong></span> <span class='ocrx_word' id='word_1_72' title='bbox 1228 1716 1392 1797; x_wconf 69' lang='lat' dir='ltr'><strong>legionibus</strong></span> <span class='ocrx_word' id='word_1_73' title='bbox 1423 1717 1592 1780; x_wconf 75' lang='lat' dir='ltr'><strong>cohortea’&#39;:</strong></span> <span class='ocrx_word' id='word_1_74' title='bbox 1628 1716 1789 1783; x_wconf 82' lang='lat' dir='ltr'><strong>liternlae</strong></span> <span class='ocrx_word' id='word_1_75' title='bbox 1820 1739 1837 1782; x_wconf 86' lang='lat' dir='ltr'><strong>a</strong></span> 
     </span>
     <span class='ocr_line' id='line_1_11' title="bbox 641 1822 1411 1908; baseline 0 -22"><span class='ocrx_word' id='word_1_76' title='bbox 641 1822 732 1887; x_wconf 92' lang='lat' dir='ltr'><strong>nobis</strong></span> <span class='ocrx_word' id='word_1_77' title='bbox 755 1823 921 1908; x_wconf 88' lang='lat' dir='ltr'><strong>suppletae</strong></span> <span class='ocrx_word' id='word_1_78' title='bbox 945 1823 1037 1888; x_wconf 87' lang='lat' dir='ltr'><strong>facile</strong></span> <span class='ocrx_word' id='word_1_79' title='bbox 1061 1822 1205 1888; x_wconf 85' lang='lat' dir='ltr'><strong>excidere</strong></span> <span class='ocrx_word' id='word_1_80' title='bbox 1228 1828 1411 1907; x_wconf 87' lang='lat' dir='ltr'><strong>potuerunt.</strong></span> 
     </span>
    </p>
   </div>
   <div class='ocr_carea' id='block_1_3' title="bbox 641 2033 1845 4873">
    <p class='ocr_par' dir='ltr' id='par_1_4' title="bbox 641 2033 1843 2525">
     <span class='ocr_line' id='line_1_12' title="bbox 686 2033 1840 2121; baseline 0.005 -22"><span class='ocrx_word' id='word_1_81' title='bbox 686 2033 729 2098; x_wconf 89' lang='grc' dir='ltr'><strong>Η.</strong></span> <span class='ocrx_word' id='word_1_82' title='bbox 752 2034 808 2099; x_wconf 91' lang='lat' dir='ltr'><strong>III.</strong></span> <span class='ocrx_word' id='word_1_83' title='bbox 835 2034 887 2100; x_wconf 88' lang='grc'><strong>66.</strong></span> <span class='ocrx_word' id='word_1_84' title='bbox 921 2035 1092 2113; x_wconf 88' lang='lat' dir='ltr'><strong>,Vitellius</strong></span> <span class='ocrx_word' id='word_1_85' title='bbox 1122 2035 1212 2121; x_wconf 85' lang='lat' dir='ltr'><strong>ipse’&#39;</strong></span> <span class='ocrx_word' id='word_1_86' title='bbox 1244 2038 1289 2100; x_wconf 89' lang='lat' dir='ltr'><strong>sic</strong></span> <span class='ocrx_word' id='word_1_87' title='bbox 1319 2035 1383 2100; x_wconf 89' lang='lat' dir='ltr'><strong>fere</strong></span> <span class='ocrx_word' id='word_1_88' title='bbox 1413 2034 1542 2100; x_wconf 81' lang='lat' dir='ltr'><strong>Tacitus</strong></span> <span class='ocrx_word' id='word_1_89' title='bbox 1569 2034 1724 2121; x_wconf 91' lang='lat' dir='ltr'><strong>loquitur</strong></span> <span class='ocrx_word' id='word_1_90' title='bbox 1752 2043 1840 2117; x_wconf 86' lang='lat' dir='ltr'><strong>,sine</strong></span> 
     </span>
     <span class='ocr_line' id='line_1_13' title="bbox 641 2140 1841 2229; baseline 0.006 -25"><span class='ocrx_word' id='word_1_91' title='bbox 641 2140 708 2206; x_wconf 92' lang='lat' dir='ltr'><strong>ullo</strong></span> <span class='ocrx_word' id='word_1_92' title='bbox 729 2145 900 2206; x_wconf 90' lang='lat' dir='ltr'><strong>certamine</strong></span> <span class='ocrx_word' id='word_1_93' title='bbox 917 2141 1108 2229; x_wconf 82' lang='lat' dir='ltr'><strong>Vespasiano</strong></span> <span class='ocrx_word' id='word_1_94' title='bbox 1129 2145 1238 2207; x_wconf 88' lang='lat' dir='ltr'><strong>cessit:</strong></span> <span class='ocrx_word' id='word_1_95' title='bbox 1261 2164 1279 2206; x_wconf 95' lang='lat' dir='ltr'><strong>o</strong></span> <span class='ocrx_word' id='word_1_96' title='bbox 1300 2145 1424 2206; x_wconf 91' lang='lat' dir='ltr'><strong>utinam</strong></span> <span class='ocrx_word' id='word_1_97' title='bbox 1437 2140 1547 2207; x_wconf 88' lang='lat' dir='ltr'><strong>eadem</strong></span> <span class='ocrx_word' id='word_1_98' title='bbox 1559 2142 1675 2208; x_wconf 83' lang='lat' dir='ltr'><strong>fuisset</strong></span> <span class='ocrx_word' id='word_1_99' title='bbox 1687 2149 1841 2211; x_wconf 89' lang='lat' dir='ltr'><strong>omnium</strong></span> 
     </span>
     <span class='ocr_line' id='line_1_14' title="bbox 641 2246 1840 2334; baseline 0.003 -23"><span class='ocrx_word' id='word_1_100' title='bbox 641 2246 886 2313; x_wconf 86' lang='lat' dir='ltr'><strong>Vitellianorum</strong></span> <span class='ocrx_word' id='word_1_101' title='bbox 918 2270 1026 2326; x_wconf 90' lang='lat' dir='ltr'><strong>mens,</strong></span> <span class='ocrx_word' id='word_1_102' title='bbox 1058 2255 1177 2334; x_wconf 88' lang='lat' dir='ltr'><strong>quanta</strong></span> <span class='ocrx_word' id='word_1_103' title='bbox 1206 2249 1375 2312; x_wconf 92' lang='lat' dir='ltr'><strong>hominum</strong></span> <span class='ocrx_word' id='word_1_104' title='bbox 1407 2254 1530 2334; x_wconf 88' lang='lat' dir='ltr'><strong>strages</strong></span> <span class='ocrx_word' id='word_1_105' title='bbox 1553 2251 1678 2314; x_wconf 84' lang='lat' dir='ltr'><strong>evitata</strong></span> <span class='ocrx_word' id='word_1_106' title='bbox 1704 2250 1840 2318; x_wconf 85' lang='lat' dir='ltr'><strong>fuisset!</strong></span> 
     </span>
     <span class='ocr_line' id='line_1_15' title="bbox 643 2354 1843 2446; baseline 0.007 -29"><span class='ocrx_word' id='word_1_107' title='bbox 643 2354 687 2417; x_wconf 87' lang='lat' dir='ltr'><strong>At</strong></span> <span class='ocrx_word' id='word_1_108' title='bbox 709 2376 770 2419; x_wconf 92' lang='lat' dir='ltr'><strong>non</strong></span> <span class='ocrx_word' id='word_1_109' title='bbox 794 2376 831 2420; x_wconf 89' lang='lat' dir='ltr'><strong>ea</strong></span> <span class='ocrx_word' id='word_1_110' title='bbox 854 2356 917 2420; x_wconf 87' lang='lat' dir='ltr'><strong>fuit</strong></span> <span class='ocrx_word' id='word_1_111' title='bbox 940 2355 1051 2442; x_wconf 91' lang='lat' dir='ltr'><strong>populi</strong></span> <span class='ocrx_word' id='word_1_112' title='bbox 1075 2356 1211 2421; x_wconf 86' lang='lat' dir='ltr'><strong>Romani</strong></span> <span class='ocrx_word' id='word_1_113' title='bbox 1235 2354 1402 2421; x_wconf 85' lang='lat' dir='ltr'><strong>felicitas.&#39;&#39;</strong></span> <span class='ocrx_word' id='word_1_114' title='bbox 1428 2354 1613 2440; x_wconf 84' lang='lat' dir='ltr'><strong>Sequuntur</strong></span> <span class='ocrx_word' id='word_1_115' title='bbox 1633 2357 1719 2422; x_wconf 91' lang='lat' dir='ltr'><strong>haec</strong></span> <span class='ocrx_word' id='word_1_116' title='bbox 1741 2363 1843 2446; x_wconf 86' lang='lat' dir='ltr'><strong>ipsius</strong></span> 
     </span>
     <span class='ocr_line' id='line_1_16' title="bbox 643 2461 756 2525; baseline -0.009 0"><span class='ocrx_word' id='word_1_117' title='bbox 643 2461 756 2525; x_wconf 85' lang='lat' dir='ltr'><strong>verba:</strong></span> 
     </span>
    </p>

    <p class='ocr_par' dir='ltr' id='par_1_5' title="bbox 642 2565 1844 3063">
     <span class='ocr_line' id='line_1_17' title="bbox 712 2565 1843 2655; baseline 0.005 -23"><span class='ocrx_word' id='word_1_118' title='bbox 712 2565 884 2644; x_wconf 81' lang='lat' dir='ltr'><strong>„Ceterum</strong></span> <span class='ocrx_word' id='word_1_119' title='bbox 907 2576 945 2633; x_wconf 90' lang='lat' dir='ltr'><strong>ut</strong></span> <span class='ocrx_word' id='word_1_120' title='bbox 967 2571 1101 2655; x_wconf 89' lang='lat' dir='ltr'><strong>quisque</strong></span> <span class='ocrx_word' id='word_1_121' title='bbox 1120 2568 1252 2633; x_wconf 90' lang='lat' dir='ltr'><strong>Vitellio</strong></span> <span class='ocrx_word' id='word_1_122' title='bbox 1272 2568 1368 2646; x_wconf 89' lang='lat' dir='ltr'><strong>fidus,</strong></span> <span class='ocrx_word' id='word_1_123' title='bbox 1389 2571 1436 2633; x_wconf 91' lang='lat' dir='ltr'><strong>ita</strong></span> <span class='ocrx_word' id='word_1_124' title='bbox 1454 2589 1563 2654; x_wconf 86' lang='lat' dir='ltr'><strong>paoem</strong></span> <span class='ocrx_word' id='word_1_125' title='bbox 1583 2577 1616 2633; x_wconf 89' lang='lat' dir='ltr'><strong>et</strong></span> <span class='ocrx_word' id='word_1_126' title='bbox 1636 2571 1843 2638; x_wconf 88' lang='lat' dir='ltr'><strong>conditiones</strong></span> 
     </span>
     <span class='ocr_line' id='line_1_18' title="bbox 643 2673 1843 2752; baseline 0.005 -14"><span class='ocrx_word' id='word_1_127' title='bbox 643 2673 839 2752; x_wconf 88' lang='lat' dir='ltr'><strong>abnuebant,</strong></span> <span class='ocrx_word' id='word_1_128' title='bbox 863 2674 1033 2740; x_wconf 91' lang='lat' dir='ltr'><strong>discrimen</strong></span> <span class='ocrx_word' id='word_1_129' title='bbox 1057 2697 1092 2741; x_wconf 91' lang='lat' dir='ltr'><strong>ao</strong></span> <span class='ocrx_word' id='word_1_130' title='bbox 1112 2674 1246 2740; x_wconf 89' lang='lat' dir='ltr'><strong>dedecus</strong></span> <span class='ocrx_word' id='word_1_131' title='bbox 1265 2682 1459 2741; x_wconf 89' lang='lat' dir='ltr'><strong>ostentantes</strong></span> <span class='ocrx_word' id='word_1_132' title='bbox 1478 2680 1510 2739; x_wconf 92' lang='lat' dir='ltr'><strong>et</strong></span> <span class='ocrx_word' id='word_1_133' title='bbox 1528 2673 1623 2739; x_wconf 91' lang='lat' dir='ltr'><strong>fidem</strong></span> <span class='ocrx_word' id='word_1_134' title='bbox 1645 2678 1680 2740; x_wconf 93' lang='lat' dir='ltr'><strong>in</strong></span> <span class='ocrx_word' id='word_1_135' title='bbox 1703 2675 1843 2743; x_wconf 89' lang='lat' dir='ltr'><strong>libidine</strong></span> 
     </span>
     <span class='ocr_line' id='line_1_19' title="bbox 642 2780 1844 2868; baseline 0.005 -24"><span class='ocrx_word' id='word_1_136' title='bbox 642 2783 783 2845; x_wconf 79' lang='lat' dir='ltr'><strong>victoris.</strong></span> <span class='ocrx_word' id='word_1_137' title='bbox 816 2780 881 2846; x_wconf 88' lang='lat' dir='ltr'><strong>Nec</strong></span> <span class='ocrx_word' id='word_1_138' title='bbox 913 2788 1035 2846; x_wconf 86' lang='lat' dir='ltr'><strong>tantam</strong></span> <span class='ocrx_word' id='word_1_139' title='bbox 1067 2782 1258 2868; x_wconf 86' lang='lat' dir='ltr'><strong>Vespasiano</strong></span> <span class='ocrx_word' id='word_1_140' title='bbox 1288 2782 1489 2867; x_wconf 86' lang='lat' dir='ltr'><strong>superbiam,</strong></span> <span class='ocrx_word' id='word_1_141' title='bbox 1522 2788 1558 2845; x_wconf 93' lang='lat' dir='ltr'><strong>ut</strong></span> <span class='ocrx_word' id='word_1_142' title='bbox 1587 2784 1769 2866; x_wconf 84' lang='lat' dir='ltr'><strong>privatum</strong></span> <span class='ocrx_word' id='word_1_143' title='bbox 1796 2785 1844 2850; x_wconf 93' lang='lat' dir='ltr'><strong>Vi·</strong></span> 
     </span>
     <span class='ocr_line' id='line_1_20' title="bbox 643 2887 1839 2975; baseline 0.002 -22"><span class='ocrx_word' id='word_1_144' title='bbox 643 2887 771 2953; x_wconf 90' lang='lat' dir='ltr'><strong>tellium</strong></span> <span class='ocrx_word' id='word_1_145' title='bbox 803 2895 984 2975; x_wconf 88' lang='lat' dir='ltr'><strong>pateretur:</strong></span> <span class='ocrx_word' id='word_1_146' title='bbox 1016 2911 1054 2954; x_wconf 90' lang='lat' dir='ltr'><strong>ne</strong></span> <span class='ocrx_word' id='word_1_147' title='bbox 1078 2891 1180 2954; x_wconf 85' lang='lat' dir='ltr'><strong>victos</strong></span> <span class='ocrx_word' id='word_1_148' title='bbox 1203 2888 1333 2974; x_wconf 83' lang='lat' dir='ltr'><strong>quidem</strong></span> <span class='ocrx_word' id='word_1_149' title='bbox 1355 2887 1491 2966; x_wconf 72' lang='lat' dir='ltr'><strong>laturos&#39;;</strong></span> <span class='ocrx_word' id='word_1_150' title='bbox 1516 2890 1562 2952; x_wconf 91' lang='lat' dir='ltr'><strong>ita</strong></span> <span class='ocrx_word' id='word_1_151' title='bbox 1585 2890 1783 2974; x_wconf 89' lang='lat' dir='ltr'><strong>periculum</strong></span> <span class='ocrx_word' id='word_1_152' title='bbox 1806 2914 1839 2958; x_wconf 80' lang='lat' dir='ltr'><strong>ex</strong></span> 
     </span>
     <span class='ocr_line' id='line_1_21' title="bbox 643 2997 892 3063; baseline 0.008 -2"><span class='ocrx_word' id='word_1_153' title='bbox 643 2997 892 3063; x_wconf 86' lang='lat' dir='ltr'><strong>misericordia.’&#39;</strong></span> 
     </span>
    </p>

    <p class='ocr_par' dir='ltr' id='par_1_6' title="bbox 643 3103 1845 4873">
     <span class='ocr_line' id='line_1_22' title="bbox 689 3103 1842 3189; baseline 0.005 -23"><span class='ocrx_word' id='word_1_154' title='bbox 689 3103 908 3169; x_wconf 90' lang='lat' dir='ltr'><strong>Misericordia</strong></span> <span class='ocrx_word' id='word_1_155' title='bbox 942 3106 994 3169; x_wconf 89' lang='lat' dir='ltr'><strong>hio</strong></span> <span class='ocrx_word' id='word_1_156' title='bbox 1028 3104 1132 3189; x_wconf 91' lang='lat' dir='ltr'><strong>qualis</strong></span> <span class='ocrx_word' id='word_1_157' title='bbox 1168 3108 1211 3169; x_wconf 90' lang='lat' dir='ltr'><strong>sit</strong></span> <span class='ocrx_word' id='word_1_158' title='bbox 1243 3103 1455 3189; x_wconf 88' lang='lat' dir='ltr'><strong>intelligenda</strong></span> <span class='ocrx_word' id='word_1_159' title='bbox 1488 3112 1618 3189; x_wconf 88' lang='lat' dir='ltr'><strong>apparet</strong></span> <span class='ocrx_word' id='word_1_160' title='bbox 1655 3127 1673 3170; x_wconf 89' lang='lat' dir='ltr'><strong>e</strong></span> <span class='ocrx_word' id='word_1_161' title='bbox 1715 3130 1746 3172; x_wconf 92' lang='lat' dir='ltr'><strong>c.</strong></span> <span class='ocrx_word' id='word_1_162' title='bbox 1786 3108 1842 3173; x_wconf 78' lang='lat'><strong>58:</strong></span> 
     </span>
     <span class='ocr_line' id='line_1_23' title="bbox 645 3210 1845 3300; baseline 0.006 -27"><span class='ocrx_word' id='word_1_163' title='bbox 645 3210 810 3295; x_wconf 85' lang='lat' dir='ltr'><strong>,plerique</strong></span> <span class='ocrx_word' id='word_1_164' title='bbox 840 3210 923 3275; x_wconf 87' lang='lat' dir='ltr'><strong>haud</strong></span> <span class='ocrx_word' id='word_1_165' title='bbox 956 3210 1085 3295; x_wconf 88' lang='lat' dir='ltr'><strong>proinde</strong></span> <span class='ocrx_word' id='word_1_166' title='bbox 1109 3210 1277 3275; x_wconf 87' lang='lat' dir='ltr'><strong>Vitellium</strong></span> <span class='ocrx_word' id='word_1_167' title='bbox 1301 3230 1396 3296; x_wconf 91' lang='lat' dir='ltr'><strong>quam</strong></span> <span class='ocrx_word' id='word_1_168' title='bbox 1420 3232 1529 3275; x_wconf 89' lang='lat' dir='ltr'><strong>casum</strong></span> <span class='ocrx_word' id='word_1_169' title='bbox 1552 3210 1735 3296; x_wconf 90' lang='lat' dir='ltr'><strong>locumque</strong></span> <span class='ocrx_word' id='word_1_170' title='bbox 1762 3218 1845 3300; x_wconf 90' lang='lat' dir='ltr'><strong>prin·</strong></span> 
     </span>
     <span class='ocr_line' id='line_1_24' title="bbox 643 3315 1844 3406; baseline 0.005 -26"><span class='ocrx_word' id='word_1_171' title='bbox 643 3319 767 3400; x_wconf 86' lang='lat' dir='ltr'><strong>oipatus</strong></span> <span class='ocrx_word' id='word_1_172' title='bbox 787 3317 1052 3381; x_wconf 86' lang='lat' dir='ltr'><strong>miserabantur.’&#39;</strong></span> <span class='ocrx_word' id='word_1_173' title='bbox 1077 3315 1294 3403; x_wconf 77' lang='lat' dir='ltr'><strong>Cogitandum</strong></span> <span class='ocrx_word' id='word_1_174' title='bbox 1318 3337 1395 3402; x_wconf 89' lang='lat' dir='ltr'><strong>ergo</strong></span> <span class='ocrx_word' id='word_1_175' title='bbox 1419 3325 1467 3381; x_wconf 89' lang='lat' dir='ltr'><strong>est</strong></span> <span class='ocrx_word' id='word_1_176' title='bbox 1486 3317 1523 3381; x_wconf 88' lang='lat' dir='ltr'><strong>de</strong></span> <span class='ocrx_word' id='word_1_177' title='bbox 1546 3317 1743 3397; x_wconf 72' lang='lat' dir='ltr'><strong>Vitellianis,</strong></span> <span class='ocrx_word' id='word_1_178' title='bbox 1769 3342 1844 3406; x_wconf 86' lang='lat' dir='ltr'><strong>quos</strong></span> 
     </span>
     <span class='ocr_line' id='line_1_25' title="bbox 643 3422 1842 3509; baseline 0.005 -22"><span class='ocrx_word' id='word_1_179' title='bbox 643 3426 772 3507; x_wconf 90' lang='lat' dir='ltr'><strong>imperii</strong></span> <span class='ocrx_word' id='word_1_180' title='bbox 795 3422 959 3488; x_wconf 90' lang='lat' dir='ltr'><strong>Vitelliani</strong></span> <span class='ocrx_word' id='word_1_181' title='bbox 982 3423 1093 3489; x_wconf 88' lang='lat' dir='ltr'><strong>deiecti</strong></span> <span class='ocrx_word' id='word_1_182' title='bbox 1120 3427 1288 3500; x_wconf 88' lang='lat' dir='ltr'><strong>misereat,</strong></span> <span class='ocrx_word' id='word_1_183' title='bbox 1312 3426 1430 3508; x_wconf 91' lang='lat' dir='ltr'><strong>quique</strong></span> <span class='ocrx_word' id='word_1_184' title='bbox 1450 3445 1526 3509; x_wconf 88' lang='lat' dir='ltr'><strong>ergo</strong></span> <span class='ocrx_word' id='word_1_185' title='bbox 1545 3426 1650 3489; x_wconf 87' lang='lat' dir='ltr'><strong>iacere</strong></span> <span class='ocrx_word' id='word_1_186' title='bbox 1670 3425 1763 3492; x_wconf 91' lang='lat' dir='ltr'><strong>illud</strong></span> <span class='ocrx_word' id='word_1_187' title='bbox 1784 3451 1842 3493; x_wconf 93' lang='lat' dir='ltr'><strong>non</strong></span> 
     </span>
     <span class='ocr_line' id='line_1_26' title="bbox 644 3529 1843 3616; baseline 0.005 -24"><span class='ocrx_word' id='word_1_188' title='bbox 644 3532 710 3593; x_wconf 85' lang='lat' dir='ltr'><strong>sint</strong></span> <span class='ocrx_word' id='word_1_189' title='bbox 741 3533 865 3614; x_wconf 88' lang='lat' dir='ltr'><strong>passuri</strong></span> <span class='ocrx_word' id='word_1_190' title='bbox 888 3530 942 3594; x_wconf 89' lang='lat' dir='ltr'><strong>sed</strong></span> <span class='ocrx_word' id='word_1_191' title='bbox 966 3535 1087 3616; x_wconf 88' lang='lat' dir='ltr'><strong>erigere</strong></span> <span class='ocrx_word' id='word_1_192' title='bbox 1111 3532 1256 3595; x_wconf 87' lang='lat' dir='ltr'><strong>conaturi</strong></span> <span class='ocrx_word' id='word_1_193' title='bbox 1280 3540 1354 3609; x_wconf 89' lang='lat' dir='ltr'><strong>(„ns</strong></span> <span class='ocrx_word' id='word_1_194' title='bbox 1378 3534 1481 3594; x_wconf 85' lang='lat' dir='ltr'><strong>victos</strong></span> <span class='ocrx_word' id='word_1_195' title='bbox 1505 3529 1637 3614; x_wconf 91' lang='lat' dir='ltr'><strong>quidem</strong></span> <span class='ocrx_word' id='word_1_196' title='bbox 1664 3530 1843 3608; x_wconf 84' lang='lat' dir='ltr'><strong>laturos”).</strong></span> 
     </span>
     <span class='ocr_line' id='line_1_27' title="bbox 645 3635 1842 3721; baseline 0.004 -21"><span class='ocrx_word' id='word_1_197' title='bbox 645 3636 761 3700; x_wconf 91' lang='lat' dir='ltr'><strong>Nostro</strong></span> <span class='ocrx_word' id='word_1_198' title='bbox 793 3643 900 3700; x_wconf 91' lang='lat' dir='ltr'><strong>antem</strong></span> <span class='ocrx_word' id='word_1_199' title='bbox 936 3635 1003 3701; x_wconf 90' lang='lat' dir='ltr'><strong>loce</strong></span> <span class='ocrx_word' id='word_1_200' title='bbox 1033 3636 1106 3701; x_wconf 92' lang='lat' dir='ltr'><strong>inde</strong></span> <span class='ocrx_word' id='word_1_201' title='bbox 1139 3658 1157 3700; x_wconf 88' lang='lat' dir='ltr'><strong>a</strong></span> <span class='ocrx_word' id='word_1_202' title='bbox 1186 3657 1263 3701; x_wconf 86' lang='lat' dir='ltr'><strong>voce</strong></span> <span class='ocrx_word' id='word_1_203' title='bbox 1293 3636 1338 3699; x_wconf 79' lang='lat' dir='ltr'><strong>ito</strong></span> <span class='ocrx_word' id='word_1_204' title='bbox 1368 3644 1587 3721; x_wconf 79' lang='lat' dir='ltr'><strong>exspectamus</strong></span> <span class='ocrx_word' id='word_1_205' title='bbox 1619 3639 1842 3704; x_wconf 67' lang='lat' dir='ltr'><strong>conclusionem</strong></span> 
     </span>
     <span class='ocr_line' id='line_1_28' title="bbox 644 3742 1845 3828; baseline 0.007 -24"><span class='ocrx_word' id='word_1_206' title='bbox 644 3742 803 3826; x_wconf 89' lang='lat' dir='ltr'><strong>quandam</strong></span> <span class='ocrx_word' id='word_1_207' title='bbox 831 3763 942 3807; x_wconf 90' lang='lat' dir='ltr'><strong>eorum</strong></span> <span class='ocrx_word' id='word_1_208' title='bbox 973 3764 1053 3827; x_wconf 89' lang='lat' dir='ltr'><strong>quae</strong></span> <span class='ocrx_word' id='word_1_209' title='bbox 1084 3744 1291 3828; x_wconf 90' lang='lat' dir='ltr'><strong>praecedunt:</strong></span> <span class='ocrx_word' id='word_1_210' title='bbox 1323 3763 1360 3807; x_wconf 86' lang='lat' dir='ltr'><strong>sa</strong></span> <span class='ocrx_word' id='word_1_211' title='bbox 1382 3751 1490 3807; x_wconf 91' lang='lat' dir='ltr'><strong>antem</strong></span> <span class='ocrx_word' id='word_1_212' title='bbox 1513 3744 1668 3828; x_wconf 88' lang='lat' dir='ltr'><strong>bipartito</strong></span> <span class='ocrx_word' id='word_1_213' title='bbox 1695 3755 1781 3812; x_wconf 85' lang='lat' dir='ltr'><strong>sunt</strong></span> <span class='ocrx_word' id='word_1_214' title='bbox 1805 3748 1845 3812; x_wconf 93' lang='lat' dir='ltr'><strong>di·</strong></span> 
     </span>
     <span class='ocr_line' id='line_1_29' title="bbox 645 3848 1843 3935; baseline 0.004 -22"><span class='ocrx_word' id='word_1_215' title='bbox 645 3852 730 3913; x_wconf 87' lang='lat' dir='ltr'><strong>visa:</strong></span> <span class='ocrx_word' id='word_1_216' title='bbox 762 3852 870 3935; x_wconf 90' lang='lat' dir='ltr'><strong>agitur</strong></span> <span class='ocrx_word' id='word_1_217' title='bbox 898 3852 984 3913; x_wconf 91' lang='lat' dir='ltr'><strong>enim</strong></span> <span class='ocrx_word' id='word_1_218' title='bbox 1016 3857 1048 3914; x_wconf 92' lang='lat' dir='ltr'><strong>et</strong></span> <span class='ocrx_word' id='word_1_219' title='bbox 1079 3850 1116 3914; x_wconf 92' lang='lat' dir='ltr'><strong>de</strong></span> <span class='ocrx_word' id='word_1_220' title='bbox 1148 3850 1339 3934; x_wconf 86' lang='lat' dir='ltr'><strong>Vespasiano</strong></span> <span class='ocrx_word' id='word_1_221' title='bbox 1370 3852 1490 3914; x_wconf 83' lang='lat' dir='ltr'><strong>victore</strong></span> <span class='ocrx_word' id='word_1_222' title='bbox 1520 3856 1553 3913; x_wconf 92' lang='lat' dir='ltr'><strong>et</strong></span> <span class='ocrx_word' id='word_1_223' title='bbox 1583 3848 1622 3913; x_wconf 91' lang='lat' dir='ltr'><strong>de</strong></span> <span class='ocrx_word' id='word_1_224' title='bbox 1652 3853 1768 3918; x_wconf 86' lang='lat' dir='ltr'><strong>victis.</strong></span> <span class='ocrx_word' id='word_1_225' title='bbox 1803 3857 1843 3918; x_wconf 75' lang='lat' dir='ltr'><strong>At·</strong></span> 
     </span>
     <span class='ocr_line' id='line_1_30' title="bbox 646 3955 1842 4042; baseline 0.004 -24"><span class='ocrx_word' id='word_1_226' title='bbox 646 3959 791 4040; x_wconf 91' lang='lat' dir='ltr'><strong>sequitur</strong></span> <span class='ocrx_word' id='word_1_227' title='bbox 810 3955 929 4041; x_wconf 88' lang='lat' dir='ltr'><strong>aliquid</strong></span> <span class='ocrx_word' id='word_1_228' title='bbox 949 3956 1049 4041; x_wconf 90' lang='lat' dir='ltr'><strong>quod,</strong></span> <span class='ocrx_word' id='word_1_229' title='bbox 1070 3963 1107 4020; x_wconf 90' lang='lat' dir='ltr'><strong>ut</strong></span> <span class='ocrx_word' id='word_1_230' title='bbox 1128 3956 1284 4032; x_wconf 88' lang='lat' dir='ltr'><strong>vidimus,</strong></span> <span class='ocrx_word' id='word_1_231' title='bbox 1307 3956 1345 4020; x_wconf 90' lang='lat' dir='ltr'><strong>ad</strong></span> <span class='ocrx_word' id='word_1_232' title='bbox 1366 3956 1449 4020; x_wconf 88' lang='grc'><strong>00100</strong></span> <span class='ocrx_word' id='word_1_233' title='bbox 1467 3955 1647 4018; x_wconf 77' lang='lat' dir='ltr'><strong>Vitellianos</strong></span> <span class='ocrx_word' id='word_1_234' title='bbox 1661 3964 1842 4042; x_wconf 87' lang='lat' dir='ltr'><strong>pertineat:</strong></span> 
     </span>
     <span class='ocr_line' id='line_1_31' title="bbox 646 4060 1845 4147; baseline 0.003 -22"><span class='ocrx_word' id='word_1_235' title='bbox 646 4061 824 4147; x_wconf 89' lang='lat' dir='ltr'><strong>periculum</strong></span> <span class='ocrx_word' id='word_1_236' title='bbox 848 4084 886 4126; x_wconf 82' lang='lat' dir='ltr'><strong>en</strong></span> <span class='ocrx_word' id='word_1_237' title='bbox 909 4063 1143 4127; x_wconf 89' lang='lat' dir='ltr'><strong>misericordia:</strong></span> <span class='ocrx_word' id='word_1_238' title='bbox 1169 4064 1364 4146; x_wconf 88' lang='lat' dir='ltr'><strong>principatus</strong></span> <span class='ocrx_word' id='word_1_239' title='bbox 1388 4060 1519 4146; x_wconf 88' lang='lat' dir='ltr'><strong>collapsi</strong></span> <span class='ocrx_word' id='word_1_240' title='bbox 1543 4064 1773 4130; x_wconf 89' lang='lat' dir='ltr'><strong>misericordia</strong></span> <span class='ocrx_word' id='word_1_241' title='bbox 1797 4065 1845 4129; x_wconf 92' lang='lat' dir='ltr'><strong>Vi·</strong></span> 
     </span>
     <span class='ocr_line' id='line_1_32' title="bbox 646 4165 1843 4251; baseline 0.004 -20"><span class='ocrx_word' id='word_1_242' title='bbox 646 4165 793 4231; x_wconf 86' lang='lat' dir='ltr'><strong>tellianos</strong></span> <span class='ocrx_word' id='word_1_243' title='bbox 824 4188 859 4232; x_wconf 91' lang='lat' dir='ltr'><strong>ee</strong></span> <span class='ocrx_word' id='word_1_244' title='bbox 890 4167 1025 4231; x_wconf 90' lang='lat' dir='ltr'><strong>adducet</strong></span> <span class='ocrx_word' id='word_1_245' title='bbox 1055 4175 1092 4232; x_wconf 89' lang='lat' dir='ltr'><strong>ut</strong></span> <span class='ocrx_word' id='word_1_246' title='bbox 1122 4167 1225 4232; x_wconf 92' lang='lat' dir='ltr'><strong>denuo</strong></span> <span class='ocrx_word' id='word_1_247' title='bbox 1256 4165 1424 4231; x_wconf 91' lang='lat' dir='ltr'><strong>Vitellium</strong></span> <span class='ocrx_word' id='word_1_248' title='bbox 1457 4167 1495 4231; x_wconf 92' lang='lat' dir='ltr'><strong>ad</strong></span> <span class='ocrx_word' id='word_1_249' title='bbox 1526 4168 1709 4251; x_wconf 87' lang='lat' dir='ltr'><strong>principem</strong></span> <span class='ocrx_word' id='word_1_250' title='bbox 1736 4170 1843 4236; x_wconf 90' lang='lat' dir='ltr'><strong>locum</strong></span> 
     </span>
     <span class='ocr_line' id='line_1_33' title="bbox 647 4270 1843 4358; baseline 0.003 -22"><span class='ocrx_word' id='word_1_251' title='bbox 647 4273 795 4337; x_wconf 90' lang='lat' dir='ltr'><strong>reducere</strong></span> <span class='ocrx_word' id='word_1_252' title='bbox 819 4279 981 4348; x_wconf 91' lang='lat' dir='ltr'><strong>conentur,</strong></span> <span class='ocrx_word' id='word_1_253' title='bbox 1006 4281 1100 4358; x_wconf 90' lang='lat' dir='ltr'><strong>atque</strong></span> <span class='ocrx_word' id='word_1_254' title='bbox 1123 4276 1168 4337; x_wconf 92' lang='lat' dir='ltr'><strong>sic</strong></span> <span class='ocrx_word' id='word_1_255' title='bbox 1192 4272 1247 4336; x_wconf 92' lang='lat' dir='ltr'><strong>ille</strong></span> <span class='ocrx_word' id='word_1_256' title='bbox 1270 4276 1390 4338; x_wconf 90' lang='lat' dir='ltr'><strong>iterum</strong></span> <span class='ocrx_word' id='word_1_257' title='bbox 1414 4274 1500 4337; x_wconf 85' lang='lat' dir='ltr'><strong>vitae</strong></span> <span class='ocrx_word' id='word_1_258' title='bbox 1521 4270 1621 4336; x_wconf 86' lang='lat' dir='ltr'><strong>adibit</strong></span> <span class='ocrx_word' id='word_1_259' title='bbox 1643 4276 1843 4358; x_wconf 89' lang='lat' dir='ltr'><strong>periculum.</strong></span> 
     </span>
     <span class='ocr_line' id='line_1_34' title="bbox 647 4378 1842 4466; baseline 0.006 -24"><span class='ocrx_word' id='word_1_260' title='bbox 647 4378 810 4443; x_wconf 76' lang='lat' dir='ltr'><strong>Excidisse</strong></span> <span class='ocrx_word' id='word_1_261' title='bbox 842 4402 934 4466; x_wconf 91' lang='lat' dir='ltr'><strong>ergo,</strong></span> <span class='ocrx_word' id='word_1_262' title='bbox 967 4401 1041 4444; x_wconf 92' lang='lat' dir='ltr'><strong>nam</strong></span> <span class='ocrx_word' id='word_1_263' title='bbox 1071 4383 1104 4443; x_wconf 92' lang='lat' dir='ltr'><strong>in</strong></span> <span class='ocrx_word' id='word_1_264' title='bbox 1136 4383 1198 4444; x_wconf 91' lang='lat' dir='ltr'><strong>isto</strong></span> <span class='ocrx_word' id='word_1_265' title='bbox 1231 4382 1298 4456; x_wconf 90' lang='lat' dir='ltr'><strong>„ita</strong></span> <span class='ocrx_word' id='word_1_266' title='bbox 1328 4378 1507 4464; x_wconf 89' lang='lat' dir='ltr'><strong>periculum</strong></span> <span class='ocrx_word' id='word_1_267' title='bbox 1531 4399 1569 4443; x_wconf 87' lang='lat' dir='ltr'><strong>ex</strong></span> <span class='ocrx_word' id='word_1_268' title='bbox 1594 4381 1842 4448; x_wconf 85' lang='lat' dir='ltr'><strong>misericordia”</strong></span> 
     </span>
     <span class='ocr_line' id='line_1_35' title="bbox 648 4484 1841 4570; baseline 0.003 -21"><span class='ocrx_word' id='word_1_269' title='bbox 648 4485 845 4549; x_wconf 87' lang='lat' dir='ltr'><strong>desideratur</strong></span> <span class='ocrx_word' id='word_1_270' title='bbox 868 4485 990 4570; x_wconf 88' lang='lat' dir='ltr'><strong>aliquid</strong></span> <span class='ocrx_word' id='word_1_271' title='bbox 1009 4485 1092 4570; x_wconf 92' lang='lat' dir='ltr'><strong>quod</strong></span> <span class='ocrx_word' id='word_1_272' title='bbox 1112 4485 1151 4549; x_wconf 88' lang='lat' dir='ltr'><strong>ad</strong></span> <span class='ocrx_word' id='word_1_273' title='bbox 1172 4486 1333 4548; x_wconf 79' lang='lat' dir='ltr'><strong>Flavianos</strong></span> <span class='ocrx_word' id='word_1_274' title='bbox 1353 4488 1518 4570; x_wconf 85' lang='lat' dir='ltr'><strong>pertineat,</strong></span> <span class='ocrx_word' id='word_1_275' title='bbox 1538 4484 1699 4568; x_wconf 87' lang='lat' dir='ltr'><strong>quaedam</strong></span> <span class='ocrx_word' id='word_1_276' title='bbox 1719 4510 1841 4564; x_wconf 87' lang='lat' dir='ltr'><strong>censeo,</strong></span> 
     </span>
     <span class='ocr_line' id='line_1_36' title="bbox 648 4591 1841 4676; baseline 0.004 -21"><span class='ocrx_word' id='word_1_277' title='bbox 648 4598 679 4656; x_wconf 91' lang='lat' dir='ltr'><strong>et</strong></span> <span class='ocrx_word' id='word_1_278' title='bbox 701 4591 849 4655; x_wconf 88' lang='lat' dir='ltr'><strong>lacunam</strong></span> <span class='ocrx_word' id='word_1_279' title='bbox 874 4594 920 4655; x_wconf 92' lang='lat' dir='ltr'><strong>sic</strong></span> <span class='ocrx_word' id='word_1_280' title='bbox 943 4591 1089 4676; x_wconf 90' lang='lat' dir='ltr'><strong>suppleo:</strong></span> <span class='ocrx_word' id='word_1_281' title='bbox 1116 4595 1184 4667; x_wconf 89' lang='lat' dir='ltr'><strong>„ita</strong></span> <span class='ocrx_word' id='word_1_282' title='bbox 1206 4591 1384 4676; x_wconf 87' lang='lat' dir='ltr'><strong>perieulum</strong></span> <span class='ocrx_word' id='word_1_283' title='bbox 1408 4592 1440 4655; x_wconf 77' lang='lat' dir='ltr'><strong>et</strong></span> <span class='ocrx_word' id='word_1_284' title='bbox 1464 4612 1480 4655; x_wconf 92' lang='lat' dir='ltr'><strong>e</strong></span> <span class='ocrx_word' id='word_1_285' title='bbox 1503 4598 1591 4655; x_wconf 88' lang='lat' dir='ltr'><strong>metu</strong></span> <span class='ocrx_word' id='word_1_286' title='bbox 1616 4591 1650 4655; x_wconf 79' lang='lat' dir='ltr'><strong>et</strong></span> <span class='ocrx_word' id='word_1_287' title='bbox 1672 4613 1691 4655; x_wconf 89' lang='lat' dir='ltr'><strong>e</strong></span> <span class='ocrx_word' id='word_1_288' title='bbox 1717 4598 1841 4659; x_wconf 91' lang='lat' dir='ltr'><strong>miseri·</strong></span> 
     </span>
     <span class='ocr_line' id='line_1_37' title="bbox 647 4695 1841 4781; baseline 0.003 -20"><span class='ocrx_word' id='word_1_289' title='bbox 647 4697 792 4761; x_wconf 84' lang='lat' dir='ltr'><strong>cordia&#39;’:</strong></span> <span class='ocrx_word' id='word_1_290' title='bbox 815 4696 1025 4781; x_wconf 90' lang='lat' dir='ltr'><strong>Vespasianus</strong></span> <span class='ocrx_word' id='word_1_291' title='bbox 1047 4705 1135 4761; x_wconf 92' lang='lat' dir='ltr'><strong>metu</strong></span> <span class='ocrx_word' id='word_1_292' title='bbox 1158 4698 1272 4761; x_wconf 91' lang='lat' dir='ltr'><strong>ductus</strong></span> <span class='ocrx_word' id='word_1_293' title='bbox 1292 4696 1458 4762; x_wconf 87' lang='lat' dir='ltr'><strong>Vitellium</strong></span> <span class='ocrx_word' id='word_1_294' title='bbox 1475 4695 1683 4761; x_wconf 87' lang='lat' dir='ltr'><strong>occidendum</strong></span> <span class='ocrx_word' id='word_1_295' title='bbox 1702 4702 1841 4777; x_wconf 89' lang='lat' dir='ltr'><strong>curabit,</strong></span> 
     </span>
     <span class='ocr_line' id='line_1_38' title="bbox 647 4802 1843 4873; baseline 0.003 -7"><span class='ocrx_word' id='word_1_296' title='bbox 647 4802 812 4866; x_wconf 86' lang='lat' dir='ltr'><strong>Vitelliani</strong></span> <span class='ocrx_word' id='word_1_297' title='bbox 833 4803 1051 4867; x_wconf 89' lang='lat' dir='ltr'><strong>misericordia</strong></span> <span class='ocrx_word' id='word_1_298' title='bbox 1072 4808 1150 4867; x_wconf 89' lang='lat' dir='ltr'><strong>moti</strong></span> <span class='ocrx_word' id='word_1_299' title='bbox 1171 4804 1306 4868; x_wconf 88' lang='lat' dir='ltr'><strong>eundem</strong></span> <span class='ocrx_word' id='word_1_300' title='bbox 1326 4807 1358 4867; x_wconf 90' lang='lat' dir='ltr'><strong>in</strong></span> <span class='ocrx_word' id='word_1_301' title='bbox 1380 4808 1463 4867; x_wconf 89' lang='lat' dir='ltr'><strong>vitae</strong></span> <span class='ocrx_word' id='word_1_302' title='bbox 1482 4803 1640 4867; x_wconf 88' lang='lat' dir='ltr'><strong>adducent</strong></span> <span class='ocrx_word' id='word_1_303' title='bbox 1657 4805 1843 4873; x_wconf 88' lang='lat' dir='ltr'><strong>discrimen.</strong></span> 
     </span>
    </p>
   </div>
   <div class='ocr_carea' id='block_1_4' title="bbox 0 0 2278 5940">
    <p class='ocr_par' dir='ltr' id='par_1_7' title="bbox 0 0 2278 5940">
     <span class='ocr_line' id='line_1_39' title="bbox 0 0 2278 5940; baseline 0 0"><span class='ocrx_word' id='word_1_304' title='bbox 0 0 2278 5940; x_wconf 95' lang='lat' dir='ltr'><strong> </strong></span> 
     </span>
    </p>
   </div>
  </div>
 </body>
</html>
