4525 5950
984 739 1121 790 orturus.
1560 723 1626 790 415

481 902 539 980 IX,
565 902 641 969 326.
676 902 811 968 Soorum
843 902 1016 969 Alcmenen
1050 908 1216 970 ministrae
1243 907 1330 970 tristi
1354 910 1457 971 morte
1479 905 1628 972 afflictam

434 1011 484 1073 sio
506 1008 690 1075 oonsolatur
712 1009 795 1075 Iole:

574 1115 619 1181 'Pe
642 1122 754 1194 domm,
778 1138 796 1181 o
819 1119 985 1203 genetrix,
1010 1115 1130 1180 alienae
1154 1136 1172 1181 a
1195 1118 1353 1201 sanguine
1375 1120 1482 1181 nostro

574 1221 677 1307 Rapta
700 1227 811 1286 movet
833 1222 940 1286 iacies.
964 1220 1049 1301 Quid
1071 1222 1098 1284 si
1121 1220 1182 1284 tibi
1205 1223 1288 1286 mira
1311 1224 1427 1285 sororis

574 1326 653 1391 Fata
678 1348 767 1392 meae
790 1325 948 1392 referam?

484 1431 574 1509 XIII,
602 1431 655 1498 55.
691 1432 816 1499 Obieoit
851 1433 961 1520 Ulyssi
996 1434 1087 1498 triste
1123 1430 1322 1498 Philoctetae
1357 1431 1494 1498 exilium
1529 1435 1628 1513 dian

435 1538 554 1603 deinde
577 1538 684 1603 addit:

576 1643 635 1710 Ille
659 1652 756 1709 umen
778 1647 863 1710 vivit
882 1648 958 1730 quia
979 1667 1044 1710 non
1067 1647 1237 1711 comitavit
1260 1644 1422 1732 Ulyssem.

577 1750 694 1817 Mallet
716 1756 749 1816 et
770 1750 883 1816 infelix
907 1750 1095 1817 Palamedes
1121 1773 1189 1817 esse
1212 1750 1344 1816 reliotus
1361 1752 1393 1831 ¹).

435 1857 482 1921 Et
505 1855 609 1921 multa
630 1855 695 1922 alia
717 1856 961 1922 eiusdemmodi.

485 2073 673 2151 Sufficiunt,
709 2081 746 2138 ut
781 2077 902 2160 opinor,
938 2075 1016 2140 haee
1050 2074 1091 2139 ad
1122 2074 1408 2140 demonstrandum
1439 2073 1567 2161 qualem
1600 2095 1633 2140 se

436 2179 626 2264 disponendi
657 2180 813 2245 artificem
846 2179 981 2244 Ovidius
1013 2181 1046 2243 in
1074 2182 1196 2245 maiore
1220 2179 1520 2266 Metamorphoseon
1544 2186 1633 2266 parte

436 2288 648 2372 praestiterit.
679 2285 723 2349 Ilt
754 2307 886 2371 possum
916 2285 967 2350 hio
998 2285 1093 2371 finem
1123 2288 1287 2371 imponere
1311 2288 1426 2373 capiti,
1450 2287 1534 2371 quod
1557 2286 1633 2351 huie

438 2398 632 2477 argumento
656 2391 824 2456 destinavi.
848 2390 911 2456 Sed
934 2390 1097 2477 paulisper
1119 2391 1160 2456 ad
1183 2413 1286 2455 unum
1306 2395 1375 2457 eius
1394 2391 1502 2457 looum
1522 2391 1631 2470 redeo,

438 2499 498 2582 qui
518 2517 627 2561 ansam
647 2497 729 2560 mihi
749 2497 879 2581 praebet
899 2497 1160 2561 observationum
1180 2497 1317 2561 duarum
1329 2518 1447 2582 neque,
1461 2504 1498 2561 ut
1511 2499 1632 2583 opinor,

437 2608 625 2689 ineptarum
655 2609 688 2668 et
718 2624 793 2668 oum
824 2605 925 2668 totius
948 2605 1062 2689 capitis
1085 2601 1219 2668 oonsilio
1242 2625 1339 2688 quam
1363 2605 1503 2667 maxims
1525 2602 1634 2668 eohae

437 2712 592 2774 rentium.

486 2814 714 2881 Observatione
747 2837 824 2902 ergo
855 2821 963 2880 nostra
993 2815 1032 2880 de
1063 2814 1181 2880 Ouidio
1212 2835 1275 2878 non
1307 2815 1414 2878 omnia
1437 2833 1518 2897 quae
1541 2819 1633 2899 gesta

437 2928 516 2987 suut
546 2923 630 2986 siout
659 2927 752 3009 geste
782 2927 857 2987 sunt
889 2921 998 2987 ordine
1029 2921 1120 2987 velut
1143 2926 1367 2997 enumerante,
1391 2918 1446 2985 sed
1468 2919 1632 2985 interdum

436 3029 631 3092 narrationis
661 3049 791 3092 oursum
819 3031 1073 3112 interrumpente
1097 3026 1136 3091 ad
1160 3025 1302 3110 aliquam
1326 3046 1412 3102 rem,
1437 3045 1534 3109 quam
1558 3046 1632 3089 oum

436 3135 582 3198 maxime
601 3135 681 3197 scire
700 3132 844 3217 legentes
864 3138 1024 3218 oporteat,
1044 3131 1261 3206 inserendam,
1278 3131 1337 3195 hao
1349 3133 1399 3196 aio
1412 3132 1632 3196 observatione

436 3241 491 3303 usi
513 3239 579 3302 iam
603 3258 715 3302 sumus
739 3238 778 3302 ad
803 3259 915 3303 versus
934 3236 1101 3302 cuiusdam
1122 3235 1173 3314 (V,
1190 3235 1268 3315 117)
1287 3257 1420 3322 pravam
1441 3236 1633 3301 emendatio

433 3364 511 3408 nem
547 3343 754 3408 refellendam
789 3352 822 3410 et
855 3365 969 3409 verum
1001 3363 1131 3408 sensum
1162 3346 1197 3406 in
1229 3343 1313 3408 olara
1342 3342 1526 3427 ponendum
1548 3342 1631 3409 luoe.

434 3450 531 3515 Nune
561 3470 598 3514 aa
629 3471 709 3535 quae
734 3451 819 3515 diota
844 3456 919 3514 sunt
944 3451 1100 3535 deposta
1125 3454 1232 3513 nostro
1256 3447 1417 3533 praeclaro
1441 3447 1575 3514 artifieio
1598 3452 1631 3513 in

435 3554 500 3620 fine
524 3553 640 3641 longae
662 3557 852 3620 narrationis
877 3554 1037 3620 eiusmodi
1060 3559 1198 3640 ponente
1222 3575 1369 3629 versum,
1393 3575 1456 3639 quo
1480 3553 1632 3639 quodam·

435 3659 533 3725 modo
557 3663 796 3747 constringatur
819 3660 981 3739 vinclum,
1007 3681 1069 3745 quo
1093 3666 1162 3725 tota
1181 3663 1371 3735 continetur,
1392 3665 1424 3724 et
1442 3663 1633 3726 narrationis

433 3764 581 3832 clausula
612 3787 687 3830 oum
718 3769 788 3851 ipso
814 3768 950 3831 introitu
975 3787 1073 3852 quam
1096 3768 1257 3831 artissime
1281 3767 1505 3851 coniungatur,
1529 3769 1575 3831 sio
1598 3770 1632 3831 in

433 3893 534 3936 nsum
557 3878 704 3936 nostrum
727 3879 911 3937 convertam
935 3878 973 3936 ut
997 3873 1120 3937 duobus
1139 3872 1214 3937 inde
1233 3870 1534 3957 Metamorphoseon
1553 3870 1632 3937 loois

434 3976 544 4042 luoem
574 3984 692 4062 petam.
723 3977 869 4043 Alterius
900 3999 980 4064 quae
1013 3980 1057 4042 sit
1087 3980 1182 4043 unioe
1213 3998 1289 4043 vera
1318 3977 1432 4054 leotio,
1465 3976 1547 4043 alter
1568 4000 1631 4064 quo

436 4104 533 4148 sensu
557 4084 600 4147 sit
622 4083 823 4167 accipiendus
847 4084 930 4149 mihi
953 4085 1171 4149 demonstrare
1193 4104 1284 4169 posse
1306 4082 1427 4148 videor.

486 4188 542 4266 XI,
569 4186 644 4254 747.
668 4188 740 4254 Non
764 4196 813 4255 est
836 4189 924 4254 ullus
944 4195 1011 4255 toto
1030 4188 1333 4274 Metamorphoseon
1353 4209 1447 4274 opere
1466 4188 1556 4254 loous
1575 4192 1631 4276 qui

435 4298 576 4380 praestet
607 4297 783 4359 narrationi
816 4295 853 4360 de
882 4293 985 4382 Oeyoe
1017 4301 1050 4360 et
1078 4294 1230 4382 Alcyone.
1256 4294 1372 4359 Omnia
1394 4294 1556 4380 praeolara
1578 4298 1631 4361 hio

433 4405 527 4477 suut3
565 4407 692 4485 pectore
727 4400 886 4467 disertum
921 4402 1057 4466 faciente
1092 4406 1220 4486 poetam
1255 4399 1395 4486 legentis
1425 4402 1554 4490 animus
1584 4404 1630 4467 sio

433 4511 660 4571 commovetur
690 4510 783 4592 quasi
815 4508 984 4572 hominum
1016 4507 1079 4571 sibi
1110 4505 1396 4571 dilectissimorum
1427 4514 1546 4571 sortem
1568 4508 1630 4572 sibi

473 4770 495 4827 l)
521 4769 599 4833 Quam
623 4767 773 4833 negligenter
796 4772 869 4833 atque
892 4768 986 4831 ingrate
1008 4766 1145 4816 ooniunetio
1161 4771 1238 4817 um
1256 4765 1334 4831 posite
1350 4766 1383 4815 sit
1401 4766 1466 4827 xlv,
1484 4768 1541 4826 ddi,
1558 4781 1628 4832 quem

435 4850 517 4900 locum
537 4850 561 4898 in
579 4850 730 4914 proeoadenti
749 4850 884 4900 notavimus
900 4850 991 4915 sapite,
1008 4864 1079 4913 qnam
1096 4848 1198 4898 maximo
1215 4864 1278 4899 nuno
1295 4854 1402 4913 apparet.
