4525 5950
539 659 604 725 138
1059 678 1199 726 raomns.

539 850 633 929 atque
664 843 741 909 adeo
768 847 831 929 ipsi
863 845 908 909 dii
937 842 1136 909 immortales
1167 844 1206 908 ad
1235 847 1409 930 imperium
1433 851 1564 923 vocent,
1589 847 1726 912 haesitat

538 953 654 1033 etiam;
685 953 740 1015 vix
765 972 798 1016 se
821 958 909 1016 tauto
933 951 1062 1038 fastigio
1086 972 1195 1036 parem
1220 954 1387 1029 aestimat,
1412 973 1611 1039 gravemque
1634 954 1727 1018 refor-

538 1058 639 1123 midat
662 1079 781 1123 casum.
805 1058 847 1122 Et
870 1058 932 1123 alia
955 1080 1064 1124 secum
1087 1058 1241 1124 deliberat
1264 1067 1296 1123 et
1319 1059 1413 1124 baec:

584 1164 680 1240 ,Esse
701 1167 835 1251 privatis
855 1165 1103 1252 cogitationibus
1124 1185 1349 1250 progressum,
1370 1172 1402 1230 st
1422 1172 1519 1251 prout
1537 1165 1727 1252 velintplus

538 1273 688 1336 minusve
712 1273 798 1334 sumi
821 1292 859 1336 ex
884 1271 1028 1336 fortuna:
1053 1274 1227 1356 imperium
1249 1272 1451 1356 cupientibus
1473 1271 1559 1336 nibil
1580 1273 1728 1338 medinm

540 1380 624 1442 inter
648 1397 775 1442 summa
797 1385 854 1442 aut
876 1377 1094 1463 praecipitia.”

580 1481 768 1550 Olaudicare
803 1485 883 1548 hanc
920 1487 1112 1549 sententiam
1147 1483 1270 1548 dudum
1304 1491 1352 1548 est
1385 1482 1606 1562 intellectum
1653 1506 1728 1571 ergo

539 1592 667 1676 Lipsius
697 1612 753 1676 pro
770 1611 959 1672 progressam
981 1590 1048 1677 legi
1070 1593 1167 1655 iussit
1191 1613 1368 1673 repressum,
1391 1590 1475 1675 qnod
1498 1597 1585 1656 certa
1609 1590 1728 1656 melius

536 1699 673 1772 ridetur,
705 1688 801 1781 qnam
833 1695 964 1762 illorum
996 1700 1212 1773 coniecturae,
1245 1700 1300 1781 qni
1333 1717 1421 1773 „esse
1452 1678 1662 1781 progressum
1686 1719 1729 1761 re

535 1802 704 1890 gressnm”
730 1803 783 1869 vel
807 1825 896 1880 „esse
919 1824 1125 1890 progressum
1150 1824 1217 1868 esse
1239 1802 1444 1889 regressum''
1469 1802 1522 1869 vel
1548 1825 1642 1880 ,esse
1663 1826 1729 1889 pro

533 1932 680 1997 gressum
712 1917 744 1974 et
775 1910 976 1995 regressum''
1008 1915 1251 1995 proposuerunt.
1283 1909 1366 1974 Nam
1390 1912 1422 1972 in
1446 1912 1584 1994 privatis
1607 1913 1728 1996 cogita

536 2018 676 2082 tionibus
707 2025 740 2081 et
770 2019 899 2082 omnino
922 2019 955 2080 in
979 2022 1066 2081 statu
1089 2019 1217 2102 privato
1242 2017 1301 2080 hoo
1325 2015 1430 2081 solnm
1453 2022 1503 2080 est
1524 2015 1727 2081 laudandum

535 2124 618 2208 quod
650 2123 766 2204 recredi
796 2123 906 2201 liceat;
941 2145 999 2189 vor
1018 2145 1212 2205 progressus,
1237 2126 1282 2187 sic
1304 2122 1389 2188 nude
1412 2125 1533 2207 posita,
1558 2144 1727 2208 nunqnam

534 2253 602 2295 rem
621 2229 813 2295 laudandam
834 2230 1047 2315 optandamve
1064 2229 1232 2315 significat.
1255 2228 1316 2293 Sed
1337 2229 1505 2314 Lipsiauae
1524 2232 1728 2294 coniecturae

533 2358 608 2402 cum
642 2339 755 2402 ceteris
789 2337 936 2400 omnibus
971 2356 1140 2402 commuue
1171 2335 1231 2400 boc
1263 2337 1382 2399 vitium
1413 2326 1461 2398 est
1491 2335 1576 2420 quod
1610 2344 1729 2420 ,prout

535 2443 638 2510 velint
661 2442 733 2528 plus
758 2443 927 2508 minusve”
951 2442 1237 2529 languidissimum
1261 2448 1310 2507 est
1334 2447 1367 2507 et
1384 2443 1542 2506 ubertatis
1562 2443 1597 2505 in
1617 2441 1728 2506 Tacito

536 2557 620 2616 certe
650 2572 710 2614 non
736 2549 926 2615 tolerandae.
950 2549 1151 2636 Quapropter
1174 2548 1278 2613 multo
1302 2548 1455 2613 leniorem
1479 2549 1559 2612 hanc
1584 2569 1728 2634 propono

536 2656 806 2732 emendationem,
840 2677 902 2741 qna
933 2659 1040 2721 omnia
1062 2659 1095 2720 in
1118 2655 1261 2720 ordinem
1285 2655 1457 2720 videantur
1480 2654 1602 2740 redigi:
1630 2663 1729 2720 trans

536 2767 640 2849 posita
663 2765 883 2829 coniunctione
907 2770 936 2826 et
958 2761 1123 2848 legamus:

581 2890 669 2946 „esse
693 2871 827 2954 privatis
847 2868 1096 2953 cogitationibus
1117 2888 1322 2952 progressum
1342 2873 1438 2952 prout
1458 2865 1577 2943 velint,
1598 2875 1634 2932 et
1656 2868 1727 2953 plus

533 2979 681 3041 minusve
703 2978 787 3040 sumi
806 2997 844 3039 ex
865 2976 1031 3040 fortuna'':
1053 2978 1180 3060 privato
1200 2975 1324 3038 bomini
1343 2970 1418 3037 licet
1438 2994 1498 3037 nou
1519 2970 1608 3038 ultra
1630 2995 1726 3059 quam

535 3085 603 3166 ipse
623 3082 704 3146 velit
721 3081 887 3166 progredi,
908 3090 939 3146 et
960 3089 1115 3166 quantum
1137 3079 1342 3144 commodum
1361 3086 1409 3145 est
1427 3099 1446 3143 a
1465 3079 1595 3143 fortuna
1616 3085 1727 3146 sumit

536 3186 582 3251 At
612 3189 668 3272 qui
691 3188 788 3252 semel
812 3187 851 3251 ad
873 3190 1047 3272 imperinm
1072 3190 1236 3271 pervenit,
1261 3188 1323 3250 nisi
1347 3206 1472 3270 semper
1494 3184 1570 3270 plus
1593 3187 1660 3251 sibi
1684 3208 1729 3252 ac·

536 3297 653 3378 quirit,
679 3302 763 3358 certa
787 3297 817 3358 ei
839 3297 938 3358 instat
963 3296 1127 3378 pernicies.

579 3505 622 3571 H.
654 3505 695 3577 ll.
726 3504 779 3570 76.
815 3505 849 3569 ln
885 3504 1095 3581 allocutione,
1127 3525 1190 3589 qua
1220 3503 1449 3588 Vespasianum
1481 3503 1520 3567 ad
1549 3508 1728 3590 imparium

534 3621 644 3688 vocat,
680 3612 847 3676 Mucianus
879 3612 916 3676 de
944 3611 1068 3676 Vitellio
1093 3633 1166 3675 cum
1192 3615 1332 3675 maximo
1357 3610 1503 3695 loquitur
1525 3619 1727 3700 contemptu.

537 3720 626 3797 „lam
652 3718 832 3783 Othonem'’
857 3721 902 3783 ait

582 3824 843 3901 „desiderabilem
880 3836 911 3889 et
946 3846 1103 3910 maguum
1139 3827 1316 3909 principem
1352 3824 1444 3901 fecit,
1480 3844 1555 3898 cum
1592 3827 1727 3890 iuterim

533 3936 655 4018 spargit
687 3932 846 4017 legiones,
879 3939 1021 3996 exarmat
1052 3933 1213 4007 cobortes,
1245 3950 1329 3995 nova
1352 3929 1466 3995 cotidie
1490 3928 1576 3994 bello
1603 3936 1728 3996 semina

536 4039 730 4104 ministrat.”

581 4148 691 4231 Apage
714 4147 851 4228 ineptias
875 4151 907 4208 et
931 4166 1003 4206 noco
1027 4142 1109 4230 lege.

582 4360 623 4425 Η.
649 4359 689 4438 Il,
715 4358 768 4423 82.
801 4357 847 4422 De
880 4356 962 4422 bello
991 4357 1075 4441 quod
1099 4378 1117 4421 a
1141 4355 1332 4440 Vespasiano
1356 4354 1572 4438 Mucianoque
1597 4363 1732 4440 paratur

537 4472 569 4531 et
592 4466 656 4531 alia
680 4473 711 4529 et
735 4465 811 4528 hacc
834 4463 991 4549 legimus:

579 4572 675 4657 ,Ipse
700 4571 910 4655 Vespasianus
934 4569 1019 4634 adire
1040 4570 1177 4645 hortari,
1201 4569 1296 4633 bonos
1316 4567 1424 4644 laude,
1445 4587 1559 4652 segnes
1580 4570 1731 4656 exemplo

536 4681 668 4743 incitare
701 4680 827 4761 saepius
859 4697 955 4760 quam
986 4680 1146 4754 coercere,
1179 4677 1260 4739 vitia
1293 4676 1396 4763 magis
1427 4675 1604 4738 amicorum
1630 4697 1730 4763 quam

536 4789 673 4850 virtutes
698 4783 933 4850 dissimulans.’'
