4525 5950
1162 710 1318 758 DONA'I'US.

892 909 918 972 d.
951 906 1122 972 Scholia
1154 929 1224 992 per
1251 908 1395 984 ‚,uam'’,
1422 910 1587 986 ‚,enim''.

690 1089 704 1153 1
732 1090 790 1152 1.1
818 1089 866 1167 (6)
889 1088 999 1154 Sosiae
1024 1110 1157 1174 persona
1180 1093 1335 1174 protatica
1358 1098 1405 1155 est
1429 1129 1471 1138 -
1496 1114 1553 1154 raon
1578 1092 1661 1154 enim
1685 1115 1783 1176 usqae
1808 1095 1847 1156 od

646 1197 732 1258 taem
755 1202 929 1276 perseverat
953 1231 995 1241 -
1020 1203 1057 1259 nt
1082 1201 1130 1259 est
1154 1194 1236 1258 Davi
1260 1198 1292 1258 in
1317 1195 1528 1273 Phormione,
1553 1199 1586 1261 in
1612 1197 1752 1284 Hecyra
1777 1198 1848 1262 Phi·

643 1298 753 1364 lotidis
777 1308 809 1363 et
833 1299 942 1385 Syrae.
1564 1379 1566 1383 Α

690 1405 791 1470 Verba
826 1425 844 1469 a
877 1403 1093 1469 Wcssnero
1128 1408 1195 1469 iam
1226 1405 1386 1471 inclinatis
1417 1406 1535 1472 litteris
1567 1429 1726 1493 expressa
1758 1413 1846 1494 quasi

644 1510 803 1597 glossema
825 1517 900 1575 sunt
924 1515 975 1574 τοῦ
1000 1508 1040 1575 Α.
1066 1509 1217 1575 Eiusdem
1243 1521 1338 1576 notae
1362 1521 1437 1577 sunt
1460 1534 1540 1597 quae
1563 1522 1774 1598 sequuntur:

690 1661 711 1725 2
743 1660 791 1743 (1)
827 1661 925 1725 Don:
959 1660 1169 1738 „adesdum’'‚
1205 1662 1322 1738 „ades”
1353 1666 1586 1748 imperativum
1621 1670 1693 1742 est,
1723 1665 1844 1743 „dum”

645 1770 806 1844 παρέλκον.
877 1768 933 1830 aa
955 1767 1032 1830 caim
1048 1768 1220 1850 productio.
1291 1768 1424 1834 Notavit
1448 1768 1498 1833 W.

692 1920 733 1983 13
756 1919 805 1997 (2)
830 1917 944 1994 „Haud
969 1924 1062 1981 muto
1086 1919 1230 1983 factum'’
1254 1917 1399 1983 Donatus
1419 1925 1504 1984 recte
1522 1919 1676 1985 adnotat:
1700 1930 1844 1988 vetusta:
1876 1892 1878 1899 ,

647 2047 708 2090 non
740 2046 790 2088 me
821 2027 972 2110 paenitet.
1079 2024 1196 2089 Noster
1219 2025 1298 2099 fuit,
1324 2027 1446 2111 opinor,
1471 2029 1526 2109 qui
1551 2026 1691 2091 adiecit:
1721 2033 1844 2094 namsi

644 2132 721 2217 qnid
744 2133 918 2216 paeniteret
942 2130 1097 2194 infectum
1121 2129 1206 2195 velle
1230 2130 1384 2195 dicebant.
1454 2131 1524 2196 Hoc
1548 2139 1663 2197 autem
1684 2134 1844 2199 derivasse

644 2238 772 2302 videtur
792 2259 829 2300 ex
850 2234 996 2319 exemplo
1016 2235 1130 2300 Donati
1152 2239 1186 2299 in
1207 2234 1254 2314 (7)
1277 2236 1417 2313 „nollem
1435 2237 1578 2302 factum’'
1591 2238 1671 2316 (Ad.
1684 2240 1719 2304 11
1736 2241 1768 2305 1.
1785 2243 1844 2319 11).

644 2343 759 2408 Eidem
782 2361 878 2425 supra
901 2347 944 2424 (p.
970 2339 1049 2413 288)
1073 2342 1174 2405 tribui
1198 2341 1296 2406 schol.
1319 2341 1367 2422 (8)
1391 2364 1447 2428 per
1470 2364 1578 2428 ergo.

690 2493 733 2557 30
771 2496 858 2568 „Aut
889 2491 928 2557 ad
958 2490 1203 2575 philosophos’':
1236 2495 1318 2557 mira
1350 2491 1488 2571 ἔλλειψις
1520 2502 1567 2559 est
1598 2503 1635 2560 et
1671 2497 1842 2564 familiaris

646 2598 805 2664 Terentio.
887 2596 939 2662 [iic
967 2596 1128 2674 Donatus,
1161 2598 1246 2663 unde
1276 2600 1322 2662 A:
1354 2621 1429 2664 nam
1461 2621 1636 2685 possumus
1666 2605 1843 2669 subaudire

647 2703 863 2783 „audiendos”
898 2705 966 2767 sivo
1002 2703 1219 2779 ,‚sectandos'’.
1300 2704 1389 2769 Haec
1424 2705 1653 2792 supplementa
1689 2718 1782 2776 recte
1815 2732 1842 2775 sc

645 2813 780 2887 habent,
811 2809 866 2874 sed
888 2809 1032 2874 Donatus
1056 2809 1134 2874 tatia
1158 2831 1316 2895 nusquam
1340 2811 1445 2887 addit,
1470 2815 1530 2877 nisi
1556 2813 1614 2877 ubi
1639 2836 1784 2899 prorsus
1806 2820 1841 2882 sit

643 2918 866 2983 necessarium.
1028 2901 1030 2905 ¹

688 3067 730 3132 42
768 3068 913 3145 „Interea
936 3066 1075 3131 muiicr''
1101 3088 1170 3151 eq.
1185 3089 1209 3131 s.
1241 3067 1338 3132 Don.:
1363 3069 1416 3132 hic
1441 3068 1595 3153 digressio
1622 3084 1674 3134 cst
1701 3075 1761 3152 (cf.
1786 3075 1842 3139 Eu·

642 3174 797 3259 graphius
821 3173 859 3237 ad
883 3174 914 3236 h.
928 3172 975 3253 1.),
998 3171 1119 3236 addidit
1138 3174 1182 3237 A:
1205 3194 1280 3237 narn
1301 3176 1467 3259 proposuit
1486 3177 1576 3259 gnati
1599 3179 1711 3242 vitam
1734 3180 1841 3246 dicere.

643 3278 690 3346 Of.
716 3301 795 3363 quae
819 3280 1046 3363 modoscripsi
1068 3279 1107 3342 ad
1131 3300 1177 3342 vs.
1203 3278 1256 3344 30.
1281 3279 1385 3364 Supra
1409 3280 1549 3344 vidimus
1568 3287 1615 3365 (p.
1637 3282 1728 3365 289)
1750 3291 1842 3352 stiam

641 3384 741 3451 schol.
765 3385 813 3464 (4)
838 3384 1010 3450 abeodem
1034 3390 1165 3449 auctum
1189 3406 1256 3450 csse
1280 3384 1483 3450 adnotatione
1506 3407 1561 3469 per
1584 3407 1706 3473 crgo.

690 3553 732 3617 93
768 3552 834 3629 „Ut
859 3551 940 3615 nihil
963 3553 1080 3635 supra”
1105 3553 1243 3630 ἔλλειψις
1269 3551 1469 3617 Terentiana.
1529 3555 1571 3616 A:
1598 3575 1677 3618 nam
1706 3581 1772 3624 non
1796 3580 1842 3624 nc

642 3680 726 3725 cesse
757 3666 806 3722 est
836 3659 1029 3742 subiungere
1062 3658 1141 3722 duos
1166 3679 1289 3723 versus.
1358 3658 1452 3723 Solus
1477 3660 1503 3723 Α
1527 3659 1627 3724 huius
1652 3665 1754 3729 modi
1777 3688 1843 3750 sup

643 3764 799 3850 piamenti
829 3762 966 3827 duorum
999 3783 1061 3827 vss.
1094 3783 1112 3827 a
1136 3764 1345 3848 quibusdam,
1370 3771 1407 3827 ut
1431 3764 1568 3839 videtur,
1595 3773 1764 3852 temptati
1786 3794 1844 3837 me

643 3872 780 3937 moriam
805 3870 894 3934 nobis
918 3871 1069 3934 servavit.
1094 3867 1142 3935 Of.
1167 3870 1369 3935 Hartman
1393 3870 1432 3935 de
1453 3869 1524 3934 Ter.
1549 3876 1582 3934 et
1603 3870 1691 3938 Don.
1716 3899 1749 3962 p.
1772 3878 1842 3943 131.

691 4036 756 4101 102
790 4035 847 4114 „ln
866 4038 975 4122 ignem
995 4037 1147 4121 imposita
1168 4036 1238 4101 est'’
1260 4036 1409 4114 ἔλλειψις.
1465 4039 1509 4101 A:
1533 4058 1598 4101 11οῠ
1619 4042 1716 4105 enim
1735 4066 1841 4130 (11180κ

692 4202 755 4267 119
793 4203 877 4278 „Pro
897 4224 995 4268 uxore
1014 4205 1129 4268 habere
1149 4205 1229 4268 hanc
1248 4202 1493 4289 peregrinam”:
1509 4201 1638 4269 utalibi
1650 4208 1730 4283 (ΙΙΙ.
1750 4213 1842 4290 1.11)

646 4309 786 4387 „adeone
816 4315 864 4372 est
890 4306 1039 4372 demens?
1070 4330 1109 4373 er
1142 4307 1354 4395 peregrinai’'
1412 4309 1465 4375 Sic
1494 4309 1587 4388 Don,
1613 4313 1671 4377 sed
1701 4318 1747 4381 A:
1773 4339 1840 4383 nam

644 4415 704 4479 hoc
736 4416 864 4478 nomine
895 4416 991 4478 etiam
1023 4416 1204 4479 meretrices
1238 4415 1494 4491 nominabantur,
1520 4418 1679 4501 -quod
1705 4427 1840 4509 sumpsit

644 4541 682 4584 ex
708 4518 825 4583 Donati
848 4520 1049 4583 adnotatione
1073 4519 1227 4603 ampliore
1251 4520 1289 4584 ad
1314 4518 1361 4584 ΙΙΙ
1388 4520 1484 4584 1.11.

690 4686 751 4749 121
792 4684 862 4761 „Ita
891 4690 963 4748 tum
996 4683 1160 4748 discedo'':
1194 4687 1336 4770 proprie,
1363 4721 1405 4731 —
1434 4706 1493 4749 non
1523 4686 1610 4750 enim
1648 4693 1777 4765 „abac”
1802 4731 1838 4743 ..

642 4791 728 4857 unde
751 4791 967 4855 discessio.
1037 4787 1249 4874 Interpolavit
1272 4792 1310 4853 A.
