4525 5950
982 703 1158 752 nrouneus.
1597 684 1663 752 359

467 874 571 936 trium
590 873 787 957 tragicorum
811 874 979 955 poetarum
1003 890 1098 955 opera
1122 870 1303 935 debeamus.
1332 869 1448 935 Docuit
1474 868 1665 935 Aristotelea

468 977 587 1043 Politic
612 975 648 1040 V.
674 975 705 1042 7.
721 975 780 1041 ll:
814 975 939 1052 βέλτιον
963 975 993 1039 δὲ
1019 977 1070 1039 καί
1095 976 1300 1053 βουλομένους
1326 977 1453 1040 κωλύειν
1476 984 1666 1053 λειτουργεῖν

469 1084 528 1153 τοῖς
561 1081 739 1161 δαπανηρὰς
772 1082 829 1157 μὲν
852 1082 903 1157 μῖι
928 1082 1158 1160 χρησίμους
1183 1082 1214 1144 δὲ
1237 1081 1451 1160 λειτουργίας,
1476 1075 1534 1144 οἷον
1557 1104 1668 1160 χοριι-

469 1189 514 1266 γί
523 1213 568 1258 ας
602 1188 654 1251 καί
687 1187 954 1268 λαμπαδαρχίας.
987 1188 1030 1251 At
1053 1188 1131 1272 quid
1155 1186 1327 1273 Lycurgus
1350 1184 1440 1271 ipsel
1465 1186 1543 1252 Vide
1567 1188 1664 1252 modo

469 1296 487 1378 ᾖ
511 1293 586 1370 100,
607 1293 664 1358 ubi
682 1292 872 1378 Euripidem
891 1292 1019 1370 laudat,
1041 1294 1098 1377 qui
1118 1295 1282 1377 putaverit
1302 1293 1450 1358 καλλιςον
1471 1290 1509 1356 ῖιν
1521 1294 1665 1369 γενέσθαι

468 1409 532 1470 τοῖς
565 1400 708 1470 πολίταις
742 1398 947 1475 παράδειγμα
978 1400 1037 1469 τοῖς
1070 1399 1215 1477 προέξεις,
1248 1399 1319 1478 πρὸς
1352 1395 1391 1469 οῖς
1421 1398 1663 1475 ἀποβλέποντας

469 1507 521 1571 καί
557 1508 738 1584 θεωροῦντας
775 1503 979 1585 συνεθίζεσθαι
1016 1514 1087 1574 ταῖς
1124 1509 1248 1586 ψυχαῖς
1284 1506 1339 1577 τῖιν
1374 1504 1510 1581 πατρίδα
1547 1511 1662 1583 Φιλεῖν.

470 1611 559 1676 Haec
590 1610 688 1675 verba
717 1631 793 1675 eum
824 1610 936 1675 decent
966 1612 1022 1695 qui
1051 1608 1159 1694 legem
1190 1608 1269 1674 tulit
1301 1630 1363 1695 qua
1397 1615 1529 1675 cautum
1554 1617 1602 1675 est
1626 1631 1665 1674 ne

469 1717 641 1781 histriones
664 1714 862 1780 immortalia
883 1736 978 1800 opera
996 1721 1116 1780 temere
1135 1712 1367 1799 interpolarent
1387 1722 1420 1778 et
1437 1718 1665 1796 incrustarent;

470 1820 529 1887 illa
554 1823 658 1886 nescio
683 1821 759 1906 quid
783 1819 942 1885 illiberale
965 1827 998 1885 et
1020 1817 1178 1897 βοίναυσον
1204 1820 1332 1884 habent.

516 1927 586 1991 Non
616 1929 720 2012 magis
751 1928 829 2011 reip.
854 1926 982 2011 prodest
1006 1928 1033 1989 si
1057 1928 1129 2011 qnia
1152 1927 1339 2002 ίπποτροΦεῖ
1361 1927 1494 2010 egitque
1518 1926 1584 2005 περί
1611 1934 1665 1999 τῆς

470 2033 678 2112 ἱπποτροφίας
715 2030 894 2117 Xenophon
929 2030 1042 2096 Oecon.
1078 2030 1109 2095 ll
1142 2030 1172 2108 6,
1208 2051 1307 2115 quem
1337 2029 1448 2095 locum
1484 2030 1666 2096 Boeclrhiua

469 2136 617 2202 laudavit
643 2138 707 2201 Oec.
737 2136 824 2200 ciat.
849 2136 865 2201 l
888 2158 918 2221 p.
942 2134 1025 2214 353;
1051 2136 1105 2200 sed
1131 2138 1166 2200 in
1187 2157 1269 2220 equo
1291 2135 1403 2201 alendo
1422 2157 1536 2222 parva,
1557 2137 1666 2215 crede,

470 2243 556 2327 apud
593 2240 751 2328 populum
785 2243 891 2327 gratia
924 2262 1026 2325 neque
1057 2262 1094 2306 ea
1124 2262 1175 2306 rea
1206 2262 1325 2327 magno
1358 2242 1540 2318 constabat,
1565 2264 1667 2327 quum

471 2350 660 2434 praesertim
690 2344 742 2410 illi
771 2348 827 2431 qui
855 2367 936 2431 equo
966 2347 1149 2423 merebant,
1174 2346 1316 2410 subsidio
1339 2367 1377 2410 ex
1402 2348 1523 2411 aerario
1546 2353 1668 2412 austen-

471 2454 631 2518 tabantnr.
656 2453 762 2517 Amici
781 2456 835 2515 τοῦ
854 2451 1005 2515 οίδυνοίτου
1026 2451 1110 2537 apud
1130 2451 1265 2537 Lysiam
1285 2472 1395 2516 omnes
1414 2473 1534 2536 equum
1554 2450 1664 2529 alunt;

472 2578 553 2622 num
587 2559 669 2623 forte
704 2579 756 2623 eos
791 2555 931 2643 populus
966 2562 1135 2642 propterea
1168 2556 1387 2621 admirabatur
1421 2564 1453 2621 et
1486 2556 1665 2642 diligebat?

471 2663 623 2747 Suspicor
654 2663 718 2728 fere
745 2661 843 2727 latere
866 2663 1001 2728 verbum
1025 2683 1064 2727 ex
1089 2661 1251 2726 Herodoto
1274 2665 1482 2726 notissimum
1506 2665 1666 2740 τεθριππο-

471 2777 606 2848 τροΦεῖν,
630 2769 684 2833 sed
708 2769 747 2833 de
766 2768 869 2833 forma
887 2769 1019 2854 perfecti
1038 2771 1120 2832 sitne
1140 2767 1343 2832 scribendum
1357 2769 1665 2847 τεθριπποτρίφνιιεν,

471 2875 807 2955 τεθριπποτετρθΦςιιεν
845 2895 885 2939 an
924 2875 1005 2939 forte
1043 2875 1377 2953 τετεθριπτοτρθφνκεν
1409 2873 1492 2938 nihil
1531 2874 1664 2952 defini0;

471 2981 547 3048 vide
578 2983 666 3046 enim
696 2980 820 3067 Hyper.
853 2980 1012 3066 Lycopbr.
1036 2982 1053 3064 ᾗ
1076 2978 1128 3045 16.
1162 2978 1418 3059 Τετριςροίρχςκα
1442 2978 1566 3067 legitur
1588 2980 1665 3067 Lys.

471 3086 575 3152 XXV.
601 3086 654 3150 12.
679 3083 728 3152 of.
752 3085 828 3171 Lyn.
854 3084 944 3149 XIX.
970 3084 1012 3149 63
1037 3091 1070 3149 et
1093 3085 1132 3150 de
1154 3106 1190 3150 eo
1213 3084 1283 3150 loco
1306 3084 1354 3150 off.
1378 3084 1666 3151 Rauchensteinins

471 3197 504 3256 et
528 3192 778 3278 Frohborgerus.

518 3406 535 3488 ᾗ
559 3403 634 3468 141.
658 3403 696 3468 ln
719 3423 813 3468 causa
835 3401 1025 3487 proditionis
1050 3402 1216 3489 oportebat
1238 3403 1346 3468 adesse
1369 3424 1485 3487 pueros
1502 3409 1534 3469 et
1553 3404 1668 3470 mulie·

473 3528 540 3585 res,
577 3502 657 3576 θτοις
799 3506 830 3569 θν
861 3504 1034 3584 ὀφθαλμοῖς
1068 3504 1151 3576 θντες
1184 3507 1235 3570 καί
1260 3507 1451 3584 θρώμενοι
1475 3508 1526 3570 ιοαί
1551 3510 1665 3584 ἀναμι-

474 3617 659 3688 μνήσκοντες
683 3606 727 3675 θτι
752 3616 804 3676 τοῦ
830 3614 924 3675 κοινοῦ
949 3611 1034 3690 παροδ
1060 3613 1154 3674 τοῖσιν
1181 3609 1265 3675 θλὲου
1289 3614 1342 3676 οὐκ
1366 3611 1543 3691 ἠξιώθησαν,
1568 3637 1668 3692 πικρο-

473 3718 564 3796 τίροις
599 3719 658 3787 τοῖς
694 3720 820 3794 γνώσεις
856 3717 941 3780 κοντοὶ
977 3721 1029 3780 τοῦ
1065 3717 1239 3787 ἀδικοῦντος
1277 3717 1560 3797 παρασκευάζωσιν.
1603 3718 1667 3783 Hic

473 3823 707 3889 Vandenessius
743 3824 920 3887 rectissime
954 3844 1017 3887 non
1052 3821 1131 3887 tulit
1165 3826 1372 3909 participium
1407 3826 1564 3904 θρθμενοι·
1613 3824 1669 3890 sed

472 3935 631 4015 quantum
663 3928 773 4005 rideo,
805 3928 985 3993 emendatio
1016 3930 1046 3992 ei
1078 3950 1140 3993 non
1172 3933 1335 3995 successit.
1366 3929 1551 4016 Reponam:
1584 3931 1670 3994 θεώ·

473 4059 603 4110 μενοι.

518 4141 644 4222 Quanto
674 4140 793 4207 melius
822 4139 1006 4206 consultum
1038 4140 1152 4205 luisset
1183 4140 1286 4206 famae
1317 4140 1479 4230 Lycurgi,
1511 4144 1539 4206 si
1568 4139 1669 4206 stulta

473 4249 575 4313 oratio
599 4249 756 4333 periisset.
