4525 5950
536 682 601 748 184
1066 699 1188 748 ursus.

537 887 602 927 νον
635 862 736 940 καιρὸς
765 863 917 938 ἐπιμελῶς
942 864 993 926 ὑπ’
1017 863 1112 927 αὑτοῦ
1138 864 1272 940 ἐτηρήθη.
1295 863 1345 929 Ita
1369 863 1409 940 X,
1433 864 1518 929 haud
1543 865 1642 929 dubie
1666 888 1731 951 per·

534 991 643 1047 verse,
675 990 749 1034 cum
781 989 884 1054 neque
915 967 1080 1045 λεγόμενος
1113 990 1216 1055 neque
1247 971 1358 1034 ἐκείνου
1389 973 1475 1054 (quis
1506 968 1618 1034 enim?
1647 980 1730 1037 certe

533 1098 594 1142 non
627 1064 858 1153 Theramenes,
889 1075 928 1140 de
957 1097 1020 1160 quo
1043 1078 1155 1140 statim
1181 1080 1252 1160 post
1276 1076 1328 1139 ὑπ’
1353 1077 1491 1156 αὐτοῦ)
1513 1077 1567 1141 hic
1590 1098 1731 1143 commo

533 1183 608 1247 dam
628 1183 764 1247 habeant
784 1181 1040 1266 explicationem.
1066 1181 1202 1267 Utrique
1218 1180 1305 1246 malo
1319 1181 1557 1266 medeaturqui
1569 1184 1730 1248 scribunt:

532 1289 546 1354 θ
578 1289 897 1364 ὡμολογημένος
930 1287 980 1351 ὑπ’
1011 1286 1143 1351 ἐκείνων
1175 1286 1293 1365 καιρὸς,
1325 1308 1462 1372 quorum
1493 1291 1729 1365 ιθμολογημένος

534 1386 795 1459 Westermannus
811 1395 995 1478 proposuit,
1015 1393 1132 1456 ἐκείνων
1143 1395 1209 1458 iam
1222 1391 1442 1458 Marklaudus.
1455 1392 1730 1480 interpretantur:

533 1500 610 1580 „der
640 1522 702 1565 von
734 1500 794 1564 den
824 1499 1097 1564 Lakeditmoniern
1130 1503 1193 1564 mit
1219 1500 1280 1565 den
1304 1499 1497 1587 Oligarchen
1521 1501 1588 1566 und
1614 1501 1730 1569 Thera·

532 1628 641 1673 menes
676 1607 876 1672 vereinbarte
907 1605 1113 1691 Zeitpunlrt.”
1147 1603 1333 1687 (Gebausr.)
1375 1605 1438 1671 Sed
1472 1628 1577 1672 nonus
1613 1610 1660 1672 sic
1700 1610 1728 1672 ἐν

532 1715 652 1783 ἐκείνοις
674 1714 797 1777 dictum
817 1709 1001 1797 oportebat?
1020 1711 1128 1777 Aliam
1147 1715 1233 1776 viam
1254 1711 1393 1777 ostendit
1412 1714 1446 1776 in
1466 1711 1631 1778 Addendis
1643 1715 1728 1780 idem

531 1818 735 1895 Gebauerus,
767 1825 806 1882 ut
836 1820 963 1883 inverso
995 1817 1089 1883 modo
1120 1818 1311 1883 scriberetur
1339 1818 1353 1882 θ
1383 1819 1618 1895 ὡμολογημένος
1655 1823 1729 1886 dart

533 1924 767 2001 Λυσάνδρου
799 1923 898 2000 καιρὸς
931 1930 963 1988 et
995 1922 1090 2009 paulo
1122 1930 1194 2008 post
1225 1924 1456 2000 μετεπέμψατο
1487 1925 1544 1999 μὲν
1572 1926 1633 1995 τὰς
1658 1934 1728 2002 μετ’

535 2032 693 2097 ἐκείνου
725 2034 796 2100 ναῦς
830 2030 864 2093 ἐκ
889 2029 1016 2108 Σοίρου,
1041 2029 1126 2115 quod
1149 2028 1189 2094 ad
1212 2032 1404 2095 sententiam
1429 2051 1503 2095 saue
1526 2032 1731 2099 commodius

538 2141 637 2213 esset,
669 2136 724 2200 sad
749 2134 873 2200 nullam
896 2135 991 2200 habet
1015 2156 1033 2200 a
1057 2142 1147 2220 parte
1171 2134 1437 2221 palaeographica
1459 2136 1730 2221 probabilitatem.

535 2241 621 2307 Mihi
640 2240 759 2307 arridet
779 2240 862 2326 quod
882 2240 1090 2326 simplicitate
1110 2248 1195 2305 certe
1215 2261 1248 2305 se
1267 2241 1487 2306 commendat:
1508 2237 1562 2314 ἕως
1582 2245 1730 2315 θ<ἐν->

537 2347 638 2425 λεγθ
646 2370 765 2423 μενος
797 2347 848 2410 ὑπ’
872 2348 1004 2410 ἐκείνων
1029 2348 1081 2428 (ab
1104 2347 1298 2433 oligarchiae
1322 2347 1517 2429 fautoribus)
1541 2349 1644 2428 καιρὸς
1671 2353 1733 2417 ἐπν-

538 2459 641 2529 μελοῑς
665 2454 718 2519 ὑπ’
742 2454 838 2518 αὑτοῦ
863 2454 998 2533 ἐτηρήθη.

585 2670 638 2737 Or.
667 2671 731 2737 XII
754 2669 846 2756 §99:
877 2671 982 2736 Ἀλλοὶ
1014 2671 1079 2750 γὰρ
1109 2673 1143 2735 οὐ
1174 2671 1217 2737 τὰ
1245 2671 1404 2746 μέλλοντα
1428 2669 1550 2736 ίοεοθαν
1573 2673 1731 2751 βούλομαι

542 2778 658 2856 λέγειν,
689 2780 731 2842 τοὶ
763 2779 945 2857 πραχθέντα
979 2778 1036 2842 ὑπὸ
1068 2778 1182 2843 τούτων
1213 2779 1245 2841 οὗ
1277 2777 1441 2853 θυνοίμενος
1466 2779 1572 2844 εἰπεῖν.
1598 2779 1732 2847 Dixerat

538 2890 644 2950 tamen
663 2891 712 2949 sat
732 2882 845 2949 multa.
867 2881 1065 2968 Quapropter
1077 2882 1321 2961 Herwerdenus,
1338 2883 1525 2971 „flagitante
1538 2887 1731 2963 sententia’',

539 3000 571 3057 et
604 2990 683 3056 olim
715 2996 747 3055 et
770 3012 855 3055 nunc
877 2993 1014 3055 inseruit
1038 2990 1133 3053 εἰπεῖν
1160 2987 1363 3068 <dasanek
1394 3013 1451 3057 nec
1474 2990 1618 3057 multum
1643 2993 1735 3060 aliter

538 3096 726 3162 Weidnerus
756 3097 913 3170 <οοθντ’>
938 3097 1043 3161 εἰπεῖν.
1076 3094 1113 3159 Iu
1144 3096 1278 3161 eandem
1306 3100 1499 3163 sententiam
1528 3101 1600 3183 ipse
1632 3103 1733 3185 suspi-

540 3224 602 3280 cor,
627 3203 759 3268 fortasse
784 3201 997 3287 probabilius:
1024 3203 1064 3265 τὰ
1090 3203 1271 3281 πραχθέντα
1296 3203 1354 3268 ὑπὸ
1377 3203 1490 3267 τούτων
1511 3204 1544 3268 οὔ
1563 3209 1731 3278 (advo)

540 3309 703 3384 δυνάμενος
735 3310 844 3373 εἰπεῖν.
877 3307 960 3387 Quid
990 3310 1143 3373 usitatius
1173 3329 1269 3393 quam
1300 3310 1382 3373 πθνν
1413 3309 1603 3375 adiunctum
1628 3315 1733 3377 verbis

540 3413 686 3481 dicendi?
717 3415 760 3480 Et
792 3433 958 3480 versamur
989 3414 1047 3479 hac
1078 3417 1230 3479 orationis
1258 3420 1347 3499 parte
1370 3418 1403 3479 iu
1426 3414 1652 3482 lacunularum
1676 3418 1733 3483 fre

539 3525 677 3608 quentia.
712 3520 810 3586 Velut
841 3523 950 3588 statim
983 3524 1072 3605 post:
1105 3516 1184 3593 ὅμως
1218 3521 1248 3584 u
1272 3529 1329 3593 της
1353 3521 1430 3595 ἔνθα
1454 3523 1623 3599 προθυμίας
1649 3525 1733 3588 ἐλλέ-

538 3644 678 3693 λειπται.
702 3627 806 3692 lmmo
830 3648 905 3691 voro
930 3626 1073 3699 <οὖδέν>
1101 3625 1322 3704 ἐλλέλειπται,
1345 3634 1383 3693 ut
1407 3627 1496 3693 videt
1519 3625 1687 3695 canorus.

582 3846 670 3912 Haec
701 3846 800 3910 habui
830 3846 868 3911 ad
901 3846 1145 3910 Eratosthenem
1168 3846 1302 3911 alteram
1325 3868 1406 3932 quae
1430 3848 1625 3927 conferrem,
1650 3871 1732 3935 quae

537 3955 637 4018 oratio
669 3973 743 4037 prae
774 3951 905 4037 reliquis
936 3955 970 4016 in
1002 3951 1148 4016 Palatino
1179 3951 1287 4037 paullo
1310 3952 1508 4018 emendatior
1532 3954 1650 4020 tradita
1673 3963 1731 4021 ast.

539 4057 673 4137 Cetera,
693 4079 733 4122 ne
751 4060 957 4143 Μοοονοοροιοο
975 4057 1149 4123 lectoribus
1167 4056 1323 4123 molestus
1343 4061 1422 4136 sim,
1443 4061 1476 4123 in
1496 4058 1586 4124 aliud
1606 4068 1736 4147 tempus

538 4164 654 4231 differo.
