4525 5950
649 712 716 779 212
1168 730 1323 780 nonanus.

648 898 790 962 diversae
812 899 946 982 originis
969 899 1036 962 sive
1059 897 1098 961 ab
1122 899 1200 983 ipsis
1224 899 1458 983 excerptoribus
1472 897 1498 979 ¹)
1522 902 1590 964 sive
1613 900 1655 965 ab
1678 899 1755 966 aliis
1780 901 1843 966 adi-

647 1009 803 1069 cerentur.
839 1001 922 1067 Tum
956 1009 1045 1068 sexto
1076 1003 1201 1068 saeculo
1232 1006 1336 1069 nescio
1369 1007 1439 1090 quis
1471 1004 1534 1070 dno
1564 1004 1621 1071 illa
1645 1005 1842 1073 scholiorum

647 1131 777 1195 corpora
801 1109 973 1174 admodum
998 1116 1091 1174 aucta
1113 1112 1148 1174 in
1170 1131 1272 1174 uuum
1296 1132 1408 1197 cogere
1430 1111 1556 1176 studuit
1580 1120 1678 1197 atque
1704 1135 1777 1178 rem
1801 1116 1844 1179 ita

646 1219 807 1294 instituit,
831 1224 869 1281 ut
891 1219 1034 1303 primum
1053 1215 1201 1302 singulos
1221 1217 1415 1282 scholiorum
1435 1219 1561 1284 ordines
1579 1220 1662 1284 binis
1680 1219 1845 1285 columnis

645 1327 737 1389 iuxta
766 1326 878 1409 positis
909 1344 947 1388 ex
971 1323 1132 1388 codicibus
1156 1325 1411 1403 transscriberet,
1436 1324 1547 1390 deinde
1571 1324 1845 1392 Terentiauorum

645 1452 798 1496 vemuum
828 1429 972 1495 ordinem
1003 1435 1130 1495 secutus
1161 1430 1383 1509 confunderet3
1408 1431 1441 1495 id
1466 1432 1548 1517 quod
1572 1435 1601 1496 ei
1625 1455 1691 1498 non
1720 1456 1846 1521 semper

645 1539 783 1623 contigit
817 1537 869 1616 (cf.
900 1536 998 1621 prael.
1023 1557 1054 1621 p.
1079 1554 1170 1600 xuvu
1192 1537 1309 1617 infer).
1344 1536 1451 1602 Simul
1481 1541 1715 1604 commissuras
1750 1562 1846 1626 quam

536 1650 541 1658 '
644 1647 784 1708 maxime
819 1642 976 1708 occultare
1011 1649 1144 1707 conatus
1178 1651 1243 1720 est,
1280 1650 1318 1709 nt
1354 1647 1448 1709 unius
1479 1651 1512 1709 et
1543 1645 1708 1731 simplicis
1743 1651 1848 1733 operis

644 1753 780 1836 speciem
811 1748 961 1827 efficeret;
996 1749 1126 1813 fortasse
1158 1752 1256 1814 etiam
1288 1749 1352 1814 alia
1382 1749 1535 1815 nonnulla
1559 1751 1597 1815 de
1622 1773 1683 1816 suo
1710 1753 1845 1819 addidit.

644 1853 841 1940 Gompilator
864 1876 937 1920 vero
962 1876 1058 1932 „cum
1082 1877 1139 1941 per
1158 1862 1310 1940 quattuor
1329 1855 1397 1938 [vel
1417 1859 1573 1942 quinque,
1595 1857 1728 1924 scilicet
1749 1861 1846 1926 Andr.

643 1962 726 2027 Eun.
751 1962 868 2028 Heaut.
892 1961 951 2026 Ad.
976 1961 1072 2040 Hec.;
1097 1962 1137 2026 cl.
1163 1983 1259 2047 supra
1284 1961 1347 2047 55,
1373 1963 1406 2045 l]
1432 1962 1556 2028 fabulas
1578 1963 1612 2027 id
1637 1967 1788 2050 egisset,
1813 1978 1847 2032 nt

643 2070 723 2134 dnos
752 2071 999 2134 commentarios
1030 2071 1063 2132 in
1094 2089 1197 2133 unum
1228 2072 1429 2134 concinnaret
1461 2077 1493 2135 et
1524 2074 1787 2153 contaminaret,
1817 2077 1847 2139 in

644 2175 848 2241 Phormiouis
882 2173 913 2239 ll
945 2173 965 2239 3
996 2175 1119 2240 abiecta
1146 2176 1253 2240 subito
1276 2176 1435 2241 industria
1458 2179 1602 2262 integros
1628 2183 1767 2263 posuit,
1790 2184 1848 2268 pri·

643 2303 735 2346 mum
767 2281 905 2347 alterum
937 2302 955 2346 a
986 2302 1032 2345 vs.
1060 2279 1079 2344 7
1109 2287 1197 2361 (uam
1228 2282 1290 2345 huc
1322 2302 1422 2368 usque
1453 2285 1661 2347 contaminati
1691 2294 1789 2366 suut)
1811 2287 1846 2352 ad

642 2409 689 2454 vs.
715 2386 768 2466 93,
801 2386 912 2453 deiude
942 2386 1079 2452 alterum
1104 2408 1122 2452 a
1147 2409 1193 2453 vs.
1220 2388 1239 2451 5
1264 2387 1302 2452 ad
1326 2410 1373 2477 vs.
1400 2387 1460 2465 93;
1484 2388 1597 2454 dehinc
1622 2399 1744 2457 autem
1770 2415 1845 2479 quaa

642 2499 820 2578 sequuntur
854 2493 975 2559 scholia
1009 2515 1110 2579 usqne
1141 2493 1181 2557 ad
1212 2493 1307 2558 tinem
1335 2492 1477 2572 fabulae,
1509 2516 1545 2559 ea
1574 2497 1623 2560 ita
1655 2508 1845 2585 comparata

641 2608 730 2677 sunt,
756 2609 792 2665 ut
816 2621 918 2665 uuum
938 2604 1208 2665 commentarium
1227 2600 1372 2666 adhiberi
1391 2601 1564 2687 intelligas.
1584 2600 1699 2680 Quare
1720 2614 1844 2672 certum

641 2716 689 2773 est
713 2707 917 2772 Phormionis
940 2718 1159 2772 commentum
1184 2708 1282 2772 fuisse
1305 2707 1478 2785 ultimum,
1503 2707 1541 2772 ad
1565 2708 1649 2793 quod
1678 2732 1762 2777 cum
1784 2736 1844 2800 per

640 2815 780 2878 venisset
814 2812 1013 2898 compilator,
1049 2813 1178 2878 fastidio
1208 2822 1357 2898 concepto
1390 2813 1572 2879 destituerit
1602 2835 1710 2899 quam
1745 2840 1844 2906 usqua

640 2919 770 2986 dederat
800 2940 927 3005 operam
964 2918 1153 2998 (Rabbow
1185 2941 1216 3005 p.
1250 2918 1314 2986 331
1340 2925 1441 3001 cett).
1474 2919 1557 2986 Hinc
1585 2923 1698 3007 igitur
1735 2947 1842 2993 nume·

640 3029 821 3092 rosiesimae
843 3025 918 3092 illae
937 3029 1158 3112 repetitiones,
1179 3028 1252 3092 hinc
1272 3049 1500 3113 saepenumero
1520 3029 1738 3113 perturbatus
1758 3033 1841 3099 scho

638 3132 757 3198 liorum
789 3134 882 3211 ordo,
914 3133 987 3198 hinc
1017 3155 1111 3218 porro
1140 3136 1222 3198 mira
1252 3133 1308 3199 illa
1338 3134 1377 3199 ad
1402 3134 1531 3200 Phorm.
1556 3133 1586 3198 II
1611 3133 1631 3198 3
1658 3142 1840 3205 commenti
1883 3171 1884 3206 ς

636 3240 757 3317 forma,
781 3241 855 3304 hinc
878 3239 1012 3325 denique
1036 3242 1225 3305 rarescentia
1250 3241 1288 3305 ad
1312 3241 1444 3305 Phorm.
1469 3239 1589 3305 lIl-V
1612 3242 1743 3311 scholia
1754 3244 1786 3309 l''
1883 3227 1884 3232 ἵ

683 3346 730 3412 De
753 3355 912 3433 postrema
935 3344 1151 3424 conclusione,
1177 3368 1274 3434 quam
1300 3347 1544 3412 Wessnerns
1567 3348 1712 3432 protulit
1732 3373 1839 3418 secun·

638 3454 716 3518 dnm
747 3452 1007 3519 Rabbovium
1041 3453 1100 3518 hoc
1132 3455 1284 3531 observo,
1309 3454 1467 3518 diversam
1492 3458 1671 3520 commenti
1698 3458 1837 3524 formam
1883 3541 1884 3546 ἵ

636 3560 710 3625 iude
741 3583 759 3625 a
793 3560 920 3625 Phorm.
946 3559 1019 3625 113
1045 3563 1143 3625 etiam
1168 3564 1212 3625 sic
1237 3563 1312 3625 oriri
1336 3565 1496 3647 potuisse,
1528 3567 1565 3625 ut
1590 3560 1655 3626 dno
1683 3565 1837 3652 compila

637 3674 721 3732 tores
751 3668 887 3744 fuerint,
917 3688 1054 3752 quorum
1087 3666 1169 3732 alter
1191 3666 1414 3753 compilaverit
1437 3676 1659 3733 commentum
1686 3684 1836 3737 nostrum

636 3774 676 3838 ab
699 3776 792 3838 initio
815 3773 952 3838 Andriae
976 3774 1015 3839 ad
1038 3774 1169 3838 Phorm.
1193 3772 1275 3852 113,
1297 3775 1343 3838 ibi
1363 3794 1563 3859 quacumque
1584 3773 1622 3838 de
1642 3797 1747 3843 causa
1768 3780 1837 3844 snb

635 3882 767 3956 sistens,
791 3878 887 3964 idque
910 3879 1019 3945 fecerit
1041 3901 1081 3945 ex
1103 3879 1175 3945 aliis
1193 3881 1351 3957 fontibus,
1373 3902 1470 3966 quam
1489 3902 1567 3966 quos
1586 3880 1638 3945 W.
1662 3884 1836 3973 descripsit

636 3986 727 4064 (duas
757 3985 910 4051 editiones
939 3984 1143 4051 Terentianae
1167 3986 1295 4051 scholiis
1318 3990 1483 4066 munitas),
1512 3985 1593 4052 alter
1616 4010 1700 4056 vero
1725 4002 1837 4078 postea

636 4113 672 4157 ea
703 4095 824 4157 ratione
854 4095 957 4176 iisque
989 4114 1027 4157 ex
1058 4093 1198 4158 fontibus
1230 4114 1310 4178 quos
1337 4092 1493 4159 indicavit
1515 4092 1576 4169 W,
1606 4109 1838 4165 commentum

636 4198 675 4263 ad
707 4197 801 4262 tinem
831 4199 1025 4284 perduxerit.
1058 4198 1119 4263 Sed
1143 4198 1231 4263 aliud
1256 4208 1321 4275 est,
1347 4199 1431 4283 quod
1454 4201 1614 4284 imprimis
1639 4222 1837 4289 cognoscere

635 4325 719 4368 nunc
743 4304 855 4380 refert,
876 4306 934 4369 hoc
954 4304 1090 4369 scilicet:
1111 4303 1224 4368 Sintne
1244 4307 1278 4368 in
1297 4304 1426 4369 scholiis
1445 4304 1484 4369 ad
1504 4305 1744 4374 Phormionem
1762 4311 1795 4376 ll
1808 4310 1836 4386 3,

635 4431 716 4494 quae
745 4410 907 4497 adsignari
937 4409 1130 4494 Philosopho
1163 4409 1299 4475 debeant
1323 4419 1354 4474 et
1376 4413 1620 4476 invenianturne
1647 4435 1689 4479 ea
1713 4420 1750 4481 in
1777 4440 1837 4484 uno

635 4524 762 4582 tantum
786 4516 895 4583 ordine
919 4538 960 4582 an
979 4520 1012 4581 in
1033 4526 1177 4602 utroque.
1203 4515 1286 4584 Cum
1305 4518 1364 4583 hac
1384 4523 1491 4583 mente
1510 4518 1632 4584 scholia
1654 4519 1837 4592 lustrarem

669 4783 695 4845 l)
719 4781 781 4831 Hine
804 4783 879 4845 igitur
901 4780 936 4830 bia
959 4782 984 4830 in
1002 4785 1135 4831 commento
1154 4780 1307 4841 laborarunt,
1325 4789 1394 4832 autea
1410 4798 1464 4831 cum
1482 4782 1659 4844 transferrent,
1681 4800 1768 4854 poaaaa
1786 4807 1838 4841 m

636 4863 793 4929 supplerent?
