4525 5950
535 701 605 767 260
1072 716 1183 766 sonos.

530 881 676 968 posuit'’.
703 918 743 929 -
775 880 823 945 En
847 901 961 946 rerum
983 879 1163 967 repertuml
1189 883 1251 946 nisi
1274 880 1357 966 quod
1379 901 1438 946 sna
1461 883 1574 946 vineta
1596 880 1723 946 caedere

535 989 618 1053 mihi
646 986 773 1052 ridetur
804 989 859 1071 qui
890 986 948 1052 hoc
976 989 1083 1072 potius
1111 993 1265 1072 proponat
1287 1008 1383 1072 qnam
1408 986 1504 1059 letale
1529 982 1576 1064 εὖ,
1600 993 1724 1052 servato

533 1095 708 1161 verborum
741 1092 851 1158 ordine
882 1094 1009 1158 tradito.
1042 1093 1146 1175 Quam
1170 1095 1350 1178 frequenter
1372 1095 1457 1158 inter
1481 1114 1517 1157 se
1540 1098 1727 1179 permutan-

531 1204 590 1264 tur
621 1198 747 1264 litterae
779 1207 929 1263 tio-&c
959 1220 1052 1264 nemo
1083 1201 1184 1264 nescit
1192 1220 1200 1276 ;
1231 1198 1265 1263 id
1295 1198 1379 1284 quod
1410 1199 1470 1263 hoc
1500 1220 1637 1285 quoqne
1659 1198 1727 1264 loco

536 1306 689 1371 obtinuit:
716 1313 785 1368 elo
809 1307 840 1368 in
869 1314 931 1370 ele
955 1306 1051 1381 abiit,
1075 1304 1171 1370 Solon
1196 1311 1305 1369 autem
1328 1307 1516 1389 scripserat:

756 1410 851 1483 δεινὴν
877 1406 921 1473 rl'
945 1412 1070 1475 αὐτοῦ
1094 1410 1185 1487 δόξαν
1208 1409 1339 1483 ἕκαστος
1364 1410 1448 1489 ἔχει,

531 1518 657 1604 quilibet
677 1517 735 1581 ribi
754 1519 907 1581 adracdcm
919 1519 1055 1600 prudens
1074 1519 1202 1595 uidetur,
1226 1517 1316 1589 δεινὸς
1334 1519 1375 1588 εἰς
1395 1518 1437 1580 τόν
1459 1516 1571 1581 πάντα
1595 1515 1729 1590 ἕκαστος

533 1621 609 1688 εἶναι
634 1626 716 1689 δοκεῖ
737 1626 846 1704 ἑαυτῷ.
1464 1663 1467 1669 ·

578 1730 736 1809 Quartum
765 1750 891 1815 quoque
914 1750 1042 1795 versum
1066 1733 1186 1796 vitium
1208 1732 1400 1795 contraxisse
1422 1750 1485 1794 non
1510 1730 1714 1796 contendam
1726 1755 1733 1810 ;

534 1839 676 1922 suspicor
706 1841 814 1901 tamen
845 1857 956 1902 verum
986 1835 1084 1902 latere
1110 1838 1145 1900 in
1168 1835 1301 1902 lectione
1324 1835 1442 1901 altera:
1475 1838 1615 1914 τρεφό
1625 1861 1653 1911 μ
1668 1841 1733 1901 eta

532 1964 589 2029 pro
613 1942 802 2022 τερτόμεόα,
827 1945 1148 2028 interpretamentum
1171 1945 1257 2009 enim
1280 1942 1313 2007 id
1335 1962 1403 2008 esse
1426 1943 1517 2007 verbi
1543 1947 1714 2028 genuini:

757 2048 929 2130 χάσκοντες
953 2049 1084 2131 κούφαις
1109 2051 1212 2115 ε’λτόσι
1235 2049 1485 2127 βοσκόμεθα.

983 2288 1025 2336 ΔΙ)
1049 2288 1271 2336 rauranum.

580 2389 668 2458 Caes.
701 2390 743 2457 38
778 2390 897 2472 (Sint).
931 2390 979 2457 De
1013 2399 1089 2457 nota
1121 2391 1178 2457 illa
1212 2391 1355 2459 Caesaris
1389 2394 1627 2480 navigatione,
1668 2417 1725 2482 qua

536 2481 743 2549 Brundisium
763 2483 884 2548 rediens
904 2504 999 2548 nares
1016 2482 1090 2549 inde
1108 2490 1176 2548 erat
1194 2486 1417 2561 arcessimus,
1438 2494 1471 2549 et
1489 2485 1557 2550 alia
1568 2486 1730 2574 leguntur

535 2585 569 2641 et
590 2577 682 2641 haec:
714 2579 752 2645 ὡς
777 2576 807 2639 δὲ
833 2571 865 2647 ἦν
890 2574 1007 2653 ἄστρα,
1032 2571 1196 2649 δεξόμενος
1222 2578 1339 2647 πολλὴν
1363 2577 1527 2640 όόλατταν
1554 2582 1613 2642 καὶ
1641 2581 1730 2645 ursin

537 2669 647 2737 νεύσας
673 2671 702 2730 ε’ν
727 2668 768 2744 τῷ
792 2667 926 2739 στόματι
947 2669 1135 2745 συνεχώρησε
1157 2667 1250 2739 μάλα
1270 2665 1351 2730 ἄκων
1372 2670 1412 2744 τῷ
1433 2668 1613 2749 κυβερνήτῃ
1637 2697 1730 2741 μετα·

536 2757 660 2835 βαλεῖν.
684 2757 866 2842 Utcumque
888 2755 1029 2844 intelligi
1051 2763 1183 2842 poeeunt
1207 2756 1301 2833 haec,
1325 2760 1353 2822 ei
1376 2760 1478 2832 στόμα
1501 2759 1638 2825 dictum
1660 2765 1731 2827 acci·

536 2851 644 2934 pimus
663 2848 701 2913 de
720 2848 863 2913 fluminis
882 2850 984 2929 (Anii)
1003 2850 1100 2926 ostio;
1121 2847 1175 2912 scd
1195 2847 1248 2913 rel
1266 2850 1311 2912 sic
1329 2851 1437 2934 inepte
1449 2849 1555 2915 denuo
1567 2854 1731 2918 indicatur

536 2940 643 3016 locus,
674 2939 730 3004 ubi
763 2939 899 3006 inantea
922 2960 1001 3026 quae
1025 2939 1077 3004 hic
1101 2945 1277 3015 narrantur,
1302 2942 1358 3023 qui
1381 2939 1476 3027 paulo
1502 2950 1581 3007 ante
1608 2965 1730 3011 accnra

536 3035 660 3097 tissime
683 3037 731 3095 est
751 3031 936 3116 descriptus.
958 3032 1139 3108 Praeterea,
1160 3051 1233 3095 cum
1255 3038 1338 3095 recte
1358 3030 1482 3096 dicatur
1502 3034 1597 3097 ασσίσ
1618 3042 1729 3100 eduar-

536 3147 594 3186 ταν
624 3124 780 3201 δέχεσθαι,
811 3122 849 3187 de
879 3126 949 3207 ipso
981 3120 1113 3189 Caesare
1143 3120 1227 3186 illud
1250 3124 1295 3186 sic
1319 3122 1402 3186 nude
1426 3122 1488 3187 dici
1513 3130 1646 3209 nequit.
1672 3127 1728 3192 &d

538 3212 702 3280 lenissima
732 3216 978 3299 transpositione
1009 3217 1116 3278 omnia
1140 3216 1355 3277 restituuntur
1376 3217 1409 3278 in
1433 3217 1619 3301 integrum.
1646 3218 1728 3304 liego

538 3309 624 3371 anim
647 3305 811 3381 δεξόμενος
836 3309 952 3379 πολλὴν
977 3305 1141 3367 όόλατταν
1165 3306 1194 3366 ἐν
1215 3307 1259 3382 ’τῷ
1283 3306 1418 3379 στόματι
1442 3308 1493 3366 καὶ
1516 3307 1727 3372 κινδυνεύσαι.

538 3396 658 3481 Magno
678 3394 778 3460 fluctu
797 3402 964 3482 superante
984 3397 1074 3459 navis
1092 3394 1206 3468 latera,
1228 3401 1354 3459 tantum
1373 3416 1471 3479 aquae
1491 3418 1547 3462 ore
1559 3407 1730 3485 exceperat

539 3485 655 3554 Caesar
672 3497 709 3550 ut
727 3508 841 3572 parum
859 3487 982 3551 abesset
994 3489 1071 3570 quin
1082 3483 1348 3550 intercluderetur
1359 3489 1502 3572 spiritus.
1550 3486 1583 3553 J.
1597 3489 1630 3555 J.
1645 3490 1688 3555 Η.

850 3702 892 3748 no
916 3701 1052 3748 mnorn.
1077 3701 1173 3747 nnis.
1199 3702 1232 3748 rr
1255 3700 1282 3747 o.
1310 3682 1371 3776 tit
1389 3684 1418 3747 1.

585 3808 650 3871 ἐπεὶ
676 3807 706 3871 tl
732 3807 830 3884 ἡμέρα
852 3801 885 3876 ἦν
904 3804 1013 3883 tytii,
1035 3808 1086 3869 τὸν
1107 3806 1162 3879 μὶν
1183 3804 1322 3880 ἡγεμόνα
1342 3804 1529 3883 παραδίδωσι
1545 3812 1730 3892 Χειρισόφῳ,

540 3899 608 3968 τοὺς
635 3897 666 3961 δὲ
688 3899 807 3965 οἰκέτας
832 3898 1016 3960 καταλείπει
1042 3898 1081 3976 τῷ
1106 3898 1267 3972 neuim.

585 3988 687 4053 Verba
709 3991 750 4065 τῷ
776 3991 925 4066 condem
950 3993 1173 4072 praeterquam
1197 3985 1280 4069 quod
1304 3985 1474 4062 abundant,
1496 4007 1536 4050 ne
1557 3996 1651 4055 recta
1670 3993 1734 4077 qui

541 4079 614 4144 dem
645 4100 678 4144 se
709 4078 837 4143 habent.
868 4076 952 4142 Nam
975 4080 1052 4163 pagi
1075 4076 1271 4161 praefectum
1295 4076 1422 4141 abducit
1444 4076 1650 4162 Xenophon,
1675 4102 1733 4145 non

541 4172 571 4234 ai
600 4172 704 4254 igitur
735 4189 808 4233 snos
839 4165 1009 4253 relinquit,
1034 4166 1088 4232 sed
1112 4167 1176 4229 ειάσ
1198 4167 1286 4230 domi.
1311 4166 1371 4232 Sed
1395 4168 1570 4232 obscurum
1597 4193 1665 4236 non
1688 4179 1732 4237 eet

541 4281 577 4325 ea
612 4260 706 4324 rerba
741 4258 898 4343 quomodo
932 4260 1126 4341 irrepserint.
1161 4256 1246 4321 Nam
1277 4260 1333 4342 qui
1361 4260 1495 4322 inseruit
1527 4280 1595 4323 non
1630 4266 1734 4327 tenuit

542 4352 681 4425 ἡγεμόνα
700 4349 927 4434 praedicative,
948 4348 1031 4432 quod
1053 4348 1178 4424 dicunt,
1199 4351 1381 4434 appositum
1401 4369 1482 4424 esse,
1503 4350 1607 4415 verba
1625 4343 1733 4418 autem

541 4442 591 4503 τὸν
624 4442 679 4512 μὲν
713 4461 769 4525 per
797 4460 830 4504 se
854 4439 995 4503 sufficere
1018 4438 1057 4502 ad
1080 4460 1155 4502 eum
1179 4439 1420 4523 significandum
1445 4440 1558 4523 quiin
1585 4448 1734 4526 proxima

542 4532 758 4616 superioribus
788 4537 827 4611 (c.
853 4530 871 4593 5
896 4529 983 4614 536)
1013 4530 1137 4614 aliquae
1161 4539 1264 4615 partes
1288 4532 1415 4615 egisset.
1439 4528 1497 4594 Vel
1521 4537 1637 4615 potius
1663 4557 1734 4600 eum

541 4621 628 4708 fugit
659 4622 763 4686 verbis
793 4623 843 4684 τὸν
873 4622 929 4695 μέν
953 4624 1029 4705 pagi
1051 4621 1246 4707 praefectum
1271 4623 1421 4704 spectari,
1450 4635 1654 4708 quapropter
1676 4648 1735 4691 non

542 4712 702 4777 dubitavit
734 4715 809 4796 quin
840 4713 915 4775 huic
937 4732 1012 4775 suos
1035 4710 1172 4795 relinqui
1196 4720 1336 4775 narraret
1360 4710 1538 4794 Xenophon
1561 4714 1666 4801 idque
1689 4718 1737 4782 de

539 4803 672 4867 siderari
695 4806 827 4867 censuit.
1573 4805 1626 4871 M.
1653 4807 1690 4874 V.

1028 4892 1221 4902 ——-—-
