4525 5950
1069 723 1210 773 ramme.
1663 704 1728 773 335

535 891 743 967 matrimonia)
763 887 981 976 significetur?
1001 888 1071 954 Hoc
1088 882 1186 955 aulici
1206 892 1262 956 isti
1282 889 1409 956 volunt:
1433 893 1482 969 „si
1500 890 1540 955 ad
1555 893 1730 976 imperium

535 999 682 1075 veneris,
707 995 982 1061 nobilissimarum
1006 994 1198 1074 mulierum,
1223 1016 1445 1082 quamcunque
1468 996 1573 1074 voles,
1597 1017 1729 1061 uxorem

537 1105 656 1169 habere
681 1103 833 1189 poteris.'’

582 1211 698 1276 Minus
721 1213 820 1275 etiam
843 1209 1010 1275 serendum
1033 1208 1117 1295 quod
1142 1207 1241 1274 altero
1265 1208 1334 1274 loco
1357 1208 1478 1294 legitur
1500 1207 1554 1285 IV,
1576 1207 1637 1273 55:

585 1317 763 1395 „Sabinum
787 1338 882 1402 super
905 1319 1035 1381 insitam
1059 1318 1236 1381 vanitatem
1260 1314 1357 1381 falsae
1380 1318 1489 1401 stirpis
1508 1314 1611 1402 gloria
1628 1318 1732 1380 incen-

537 1424 650 1500 debat,
682 1426 846 1509 proaviam
878 1443 970 1488 suam
1001 1422 1075 1488 divo
1107 1421 1190 1488 lulio
1221 1444 1276 1508 per
1303 1420 1426 1488 Galliae
1449 1420 1582 1487 bellanti
1605 1441 1732 1507 corpore

536 1537 635 1616 atque
661 1528 818 1594 adulterio
842 1527 1032 1614 placuisse.'’

584 1635 771 1701 Admodum
799 1634 995 1700 delectatum
1018 1656 1086 1700 esse
1109 1634 1258 1700 Tacitum
1282 1634 1413 1701 flosculo
1435 1637 1499 1700 isto
1522 1655 1644 1717 corpore
1660 1632 1733 1715 plc-

536 1743 634 1807 cuicac
657 1745 779 1826 opinor,
804 1740 858 1805 sed
882 1740 1033 1826 spoliavit
1056 1762 1131 1805 eum
1155 1744 1286 1828 egregio
1307 1746 1511 1820 ornamento,
1531 1743 1588 1827 qui
1608 1742 1732 1826 primus

534 1847 695 1914 insulsam
717 1849 955 1913 annotationem
977 1853 1065 1932 ctqree
1088 1847 1238 1911 adulterio
1262 1850 1296 1912 in
1320 1853 1445 1913 textum
1469 1849 1597 1932 recepit.

584 1957 623 2018 A.
655 1952 741 2031 XVI,
767 1952 798 2018 2.
832 1952 879 2018 De
911 1954 1059 2018 thesauro
1091 1973 1110 2017 a
1140 1974 1173 2018 ee
1197 1955 1328 2020 invento
1352 1954 1448 2019 homo
1473 1952 1603 2039 quidam
1628 1973 1729 2018 ranas

536 2059 699 2125 Neronem
722 2059 850 2125 edocet:

585 2165 714 2252 „Igitur
744 2165 842 2242 Nero,
880 2186 941 2230 non
976 2167 1133 2242 auctoris,
1169 2185 1231 2229 non
1267 2168 1369 2251 ipsius
1404 2168 1527 2252 negotii
1556 2165 1617 2232 fide
1648 2168 1726 2231 eatis

535 2278 697 2359 spectata,
730 2293 787 2337 nec
818 2274 942 2351 missis,
974 2293 1030 2357 per
1062 2292 1140 2355 quoe
1170 2279 1330 2349 nosceret,
1361 2292 1402 2338 an
1432 2294 1509 2339 vera
1531 2273 1726 2351 afferrentur,

537 2383 642 2467 auget
665 2377 750 2443 ultro
774 2375 971 2442 rumorem.’'

585 2484 650 2549 Hic
672 2483 890 2570 magistellos,
915 2488 953 2548 ut
975 2489 1173 2549 structuram
1196 2484 1295 2549 misae
1315 2507 1371 2568 per
1392 2508 1463 2572 quoe
1487 2483 1653 2570 discipulis
1678 2506 1730 2549 ex-

538 2591 693 2677 plicaret,
718 2589 893 2655 absurdum
916 2594 948 2654 et
971 2610 990 2655 a
1013 2611 1046 2655 se
1070 2592 1240 2657 inventum
1264 2592 1504 2657 substantivum
1527 2591 1673 2655 risoribus
1695 2593 1730 2655 in

537 2700 688 2784 margine
717 2696 900 2783 adscripsit,
932 2696 1017 2782 quod
1049 2704 1158 2783 postea
1180 2701 1213 2763 in
1238 2703 1364 2764 textum
1387 2703 1552 2783 receptum
1576 2699 1731 2762 sermonis

536 2805 683 2869 barbarie
706 2805 804 2868 etiam
827 2801 932 2888 prodit
956 2801 1102 2868 sciolum.
1127 2802 1246 2883 Quodsi
1269 2825 1355 2869 nunc
1374 2803 1459 2890 apud
1478 2803 1626 2868 Tacitum
1647 2802 1732 2889 lege

536 2916 630 2977 retur
655 2911 782 2987 ,missis
802 2909 1037 2993 exploratoribca
1059 2912 1115 2997 qui
1139 2910 1325 2978 noscerent'’
1347 2909 1400 2977 rel
1419 2910 1578 2977 eiusmodi
1597 2908 1729 2996 aliquid,

538 3040 601 3083 non
633 3016 777 3082 deessent
808 3020 871 3083 viri
903 3017 1004 3091 docti,
1036 3020 1092 3101 qui
1122 3020 1215 3082 anxie
1244 3019 1422 3095 obstarent,
1447 3020 1619 3103 quominus
1641 3016 1730 3081 istud

536 3123 776 3208 exploratoribus
799 3144 816 3188 e
838 3128 930 3188 textu
954 3126 1179 3190 eximeremus.
1674 3207 1676 3212 ,

585 3229 629 3295 H.
655 3228 680 3307 I,
704 3228 758 3295 27.
792 3229 924 3310 „(Otbo)
956 3230 1015 3294 sub
1040 3229 1152 3295 aedem
1176 3229 1306 3295 Saturni
1331 3232 1448 3317 pergit.
1471 3229 1520 3295 lbi
1543 3235 1607 3296 tres
1628 3236 1671 3313 et
1685 3231 1730 3294 ri·

534 3340 622 3426 giuti
654 3336 865 3422 speculatores
896 3335 1131 3402 consalutatum
1154 3340 1381 3422 imperatorem
1405 3358 1440 3402 ac
1463 3340 1624 3423 paucitate
1648 3335 1730 3401 salu-

535 3447 679 3511 tantium
711 3443 889 3529 trepidum,
922 3441 1018 3507 sellae
1034 3440 1057 3523 ¹)
1088 3443 1274 3508 festinanter
1303 3446 1495 3528 impositum
1519 3444 1638 3509 strictis
1661 3463 1729 3506 mu·

536 3551 688 3617 cronibus
711 3552 856 3635 rapiunt:
881 3548 1014 3614 totidem
1040 3549 1140 3614 ferme
1163 3548 1285 3615 milites
1307 3552 1341 3614 in
1363 3552 1478 3615 itinere
1502 3548 1729 3636 adgregantur,

537 3658 597 3724 alii
620 3658 829 3734 conscientia,
853 3654 996 3741 plerique
1018 3655 1189 3735 miraculo,
1215 3677 1288 3742 pars
1311 3655 1448 3723 clamore
1468 3663 1496 3720 et
1511 3655 1637 3738 pladite,
1657 3676 1730 3740 pars

537 3763 703 3831 silentio.''

584 3870 716 3935 Frustra
748 3868 942 3934 desudarunt
972 3869 1092 3945 critici,
1124 3870 1181 3953 qui
1211 3889 1268 3953 pro
1298 3876 1327 3932 ct
1346 3869 1462 3949 pladite
1485 3870 1675 3934 coniecerint
1699 3875 1728 3932 et

528 3976 660 4061 paudite
688 3974 740 4041 vel
771 3983 800 4039 ct
826 3976 949 4057 perodio.
981 3973 1040 4039 Est
1063 3976 1150 4039 enim
1169 3975 1286 4057 pladite
1309 3978 1471 4041 annotatio
1496 3974 1654 4060 adscripta
1676 3995 1729 4040 vo·

531 4081 651 4151 cabulo
686 4082 887 4161 meander,
924 4101 1002 4167 quae
1037 4083 1072 4144 in
1103 4080 1242 4146 alienam
1275 4081 1433 4146 aberravit
1464 4081 1587 4159 sedem,
1619 4081 1727 4166 ibique

530 4192 759 4259 coniunctione
783 4196 811 4252 et
832 4187 1094 4273 praecedentibus
1117 4187 1224 4253 verbis
1247 4194 1295 4253 est
1317 4186 1531 4274 agglutinata.

582 4295 625 4361 H.
650 4293 707 4371 111,
734 4293 785 4360 19.
809 4295 871 4359 Per
891 4293 1035 4360 tenebras
1054 4296 1156 4358 noctis
1176 4294 1289 4359 urbem
1310 4292 1499 4361 Cremonam
1517 4294 1727 4379 diripiendam

529 4426 605 4472 esse
635 4403 755 4468 milites
785 4401 916 4487 quidam
939 4423 977 4468 ex
1001 4386 1318 4467 Flavianoclamant
1341 4406 1500 4480 exercitu,
1525 4407 1558 4467 et
1580 4401 1652 4467 aliis
1676 4405 1727 4467 usi

529 4512 737 4597 argumentis
761 4515 794 4574 et
815 4509 893 4574 hoc:

569 4774 595 4834 1)
611 4775 673 4822 Ante
688 4773 761 4821 celtae
777 4771 802 4820 in
818 4770 897 4822 codice
913 4769 1001 4838 legitur
1016 4770 1152 4820 coniunctio
1164 4774 1201 4829 et,
1218 4781 1303 4835 qoam,
1322 4774 1350 4821 nt
1366 4769 1441 4820 totins
1456 4769 1501 4819 loci
1514 4773 1633 4820 concinet
1647 4770 1718 4829 ratio,

532 4872 585 4925 ego
601 4869 686 4906 exemi.
