4525 5950
960 679 1114 728 oonnros.
1570 663 1635 728 297

488 841 530 905 60
555 841 602 921 (6)
634 843 700 919 „Te
723 845 779 908 isti
806 847 913 909 virum
938 845 977 909 do
1001 849 1143 910 amicum
1168 851 1308 910 tutorem
1334 846 1480 930 patrem’'
1506 854 1637 931 apparet

435 946 522 1026 (scil.
548 968 620 1012 eam
642 948 827 1015 solemniter
852 950 950 1028 dare),
976 950 1060 1035 quod
1079 954 1217 1037 iungens
1237 951 1382 1015 dexteras
1402 953 1480 1016 haec
1502 951 1635 1016 dicebat.

487 1051 534 1117 A:
559 1052 630 1119 ideo
655 1061 687 1119 et
709 1076 806 1140 supra
831 1077 908 1142 „per
932 1058 1014 1121 hanc
1038 1056 1202 1121 dexteram
1227 1056 1389 1121 obtestor''
1414 1064 1475 1136 (vs.
1501 1057 1567 1135 54).

487 1219 517 1284 II
543 1221 628 1284 1.10
663 1222 794 1287 Praeter
824 1222 1107 1308 interpolationem
1140 1244 1237 1306 supra
1267 1231 1311 1307 (p.
1338 1222 1419 1301 290)
1442 1223 1636 1299 indicatam,

438 1326 505 1391 duo
540 1326 621 1392 aliae
652 1331 751 1393 etiam
781 1329 821 1393 ad
852 1331 1048 1415 magistrum
1080 1330 1109 1393 A
1140 1328 1334 1394 revocandae
1365 1329 1525 1405 videntur,
1558 1350 1637 1413 quas

439 1435 569 1497 notavit
593 1432 648 1497 W:

490 1538 538 1618 (2)
563 1540 640 1603 Pro:
664 1547 753 1625 atque
776 1563 871 1604 eccum
894 1541 1093 1621 Pamphilam,
1118 1547 1151 1604 et
1175 1540 1266 1604 dein:
1291 1546 1325 1602 ut
1342 1540 1371 1602 ai
1389 1540 1493 1603 dicas:
1513 1540 1634 1621 rupiana

438 1646 497 1707 aed
518 1643 623 1709 miser:
646 1647 700 1708 hoc
723 1647 798 1709 enim
822 1646 1013 1710 decreticum
1035 1645 1103 1710 crit.

487 1808 520 1873 ΙΙ
547 1810 631 1874 1.15
657 1811 715 1889 (3).
746 1811 780 1877 Si
813 1811 966 1897 „quidni”
1000 1811 1136 1897 legeris,
1161 1811 1416 1876 subaudiendum
1443 1811 1588 1889 „adeas’'.

440 1917 490 1978 A:
517 1923 554 1978 ut
576 1918 636 1993 sit,
662 1917 795 2001 „quidni
820 1917 930 1994 adeas,
955 1918 1014 1982 nt’'
1039 1939 1148 2003 e.q.s.

490 2082 531 2145 31
565 2083 613 2161 (5)
641 2082 699 2160 „Id
722 2088 845 2170 gratiae
869 2087 944 2170 poni
967 2092 1055 2169 (proz
1081 2087 1211 2170 apponi)
1234 2084 1317 2149 sibi''
1343 2084 1416 2148 addi
1439 2086 1635 2170 ingratiam

439 2209 545 2252 suam.
623 2188 713 2267 Quod
744 2191 772 2254 A
803 2190 1005 2276 adscripsisse
1036 2191 1181 2256 videtur:
1219 2191 1273 2267 „id
1304 2205 1368 2255 est:
1401 2191 1462 2254 sibi
1494 2193 1633 2275 gratiam

439 2295 580 2358 moreri''
606 2331 649 2343 -
673 2297 789 2359 nititur
812 2295 890 2361 falsa
912 2295 1049 2362 lectione
1074 2296 1203 2381 ,‚poni''.

489 2461 532 2524 32
568 2462 706 2546 Nuptias
730 2462 868 2548 effugere
892 2483 959 2548 ego·
973 2465 1052 2527 istas
1077 2462 1162 2527 malo
1186 2483 1282 2546 quam
1307 2470 1343 2526 tu
1367 2460 1533 2547 adipiscier

488 2566 586 2632 Dom:
620 2567 811 2653 Interposita
834 2568 1039 2633 distinctions
1063 2567 1212 2633 vultuose
1235 2569 1294 2632 hoo
1318 2567 1445 2632 dicitur.
1515 2568 1561 2631 A:
1582 2569 1635 2630 loc

440 2681 487 2736 cet
512 2697 574 2735 mem
595 2681 693 2755 pcata.
762 2672 897 2738 Notavit
922 2673 970 2738 W.

487 2824 518 2887 Il
542 2823 607 2890 3.7
639 2822 688 2904 (7)
721 2824 874 2901 „Dictum
906 2847 941 2890 ac
965 2824 1125 2888 factum'':
1151 2825 1360 2909 proverbium
1383 2823 1566 2888 celeritatis.

441 2933 491 2995 A:
516 2930 547 2995 id
571 2936 619 2997 est
642 2933 718 2996 cito.

489 3082 531 3146 24
566 3085 614 3149 Nc
638 3086 787 3149 resciscat
810 3089 857 3149 mi
879 3106 948 3150 esse
972 3105 1010 3149 ex
1034 3083 1093 3149 illa
1117 3085 1255 3149 cautiost

488 3188 586 3253 Don.:
611 3192 757 3255 cautione
781 3212 861 3275 opus
884 3197 942 3255 est.
1012 3192 1057 3254 A:
1082 3190 1141 3254 hoc
1165 3196 1232 3266 est,
1256 3189 1433 3253 cavendum
1457 3196 1515 3254 est.

486 3294 593 3380 Igitur
616 3297 649 3358 in
674 3296 860 3361 huiusmodi
884 3295 1014 3362 scholiis
1034 3294 1134 3360 altera
1154 3295 1317 3360 adnotatio
1339 3317 1400 3359 non
1420 3302 1468 3359 est
1487 3297 1634 3380 repetitio

438 3400 556 3464 scholii
580 3400 750 3466 Donatiani
774 3424 830 3467 nec
854 3402 986 3468 debetur
1009 3404 1188 3486 excerptori
1208 3399 1319 3478 alteri,
1340 3400 1393 3465 sed
1412 3404 1634 3486 interpretatio

438 3512 490 3570 eet
514 3505 613 3571 illius.

487 3659 518 3723 ll
550 3658 616 3726 47
649 3660 697 3740 (3)
729 3667 762 3727 et
793 3661 858 3740 (4);
898 3660 1208 3737 „Oommrrtaturum
1241 3665 1367 3745 petrem
1405 3672 1528 3739 <unum
1566 3682 1634 3726 esse

438 3767 626 3834 verbum>''
658 3769 804 3853 iurgium
838 3767 1043 3843 habiturum,
1069 3804 1111 3813 -
1136 3769 1256 3830 doceat
1279 3768 1355 3830 caim
1382 3768 1490 3843 „cerba
1513 3790 1635 3831 emama-

440 3871 528 3934 tore''
556 3910 598 3919 -
616 3873 639 3951 ¹)
661 3871 907 3951 altercatorum
941 3875 974 3936 in
1006 3873 1201 3938 Phormione
1232 3875 1277 3936 sic
1309 3872 1365 3952 (IV
1397 3872 1427 3937 3.
1442 3873 1516 3949 33);
1550 3877 1634 3949 „tria

440 3999 504 4041 non
535 3978 777 4042 commutabitis
809 3979 906 4042 verba
937 3978 1030 4042 hodie
1054 3981 1140 4043 inter
1165 3978 1242 4042 vos’'
1270 4014 1313 4025 -
1337 3977 1421 4062 quod
1444 3990 1493 4042 est
1516 3978 1633 4044 dabitis

441 4090 538 4167 atque
562 4085 744 4168 accipietis,
768 4084 801 4147 id
825 4090 890 4160 est,
913 4084 1097 4169 iurgabitis.

489 4188 537 4254 W.
570 4191 636 4253 iam
660 4189 806 4254 distinxit
831 4193 864 4253 in
882 4190 1111 4275 erpoletionem
1136 4192 1293 4275 priorem,
1319 4210 1380 4275 ego
1404 4189 1510 4254 addidi
1531 4196 1633 4275 poste-

439 4298 569 4370 riorem,
595 4315 657 4360 non
681 4298 790 4360 minus
814 4303 933 4362 certam
958 4317 1013 4381 per
1036 4296 1144 4381 quod
1168 4304 1241 4360 est.

486 4460 518 4525 Il
550 4460 580 4526 6.
595 4461 625 4526 4.
663 4463 739 4528 Post
771 4464 818 4543 (l)
850 4472 881 4528 et
911 4464 970 4542 (2),
1004 4485 1085 4550 quae
1115 4466 1318 4529 constituunt
1347 4463 1504 4529 scholium
1529 4486 1631 4529 unum

477 4691 503 4751 1)
521 4690 616 4738 Exclusi
636 4690 722 4738 lemma
741 4690 1042 4739 ‚commutaturum”.
1062 4691 1096 4739 Ad
1116 4691 1213 4740 Phorm.
1229 4690 1263 4741 ll.
1281 4690 1344 4740 Don.
1359 4690 1483 4740 similiter:
1501 4691 1631 4757 proprie

447 4789 486 4821 tv.
505 4776 542 4820 c.”
560 4776 606 4821 eat
624 4773 703 4836 quod
721 4772 875 4822 altercari
893 4773 1032 4821 dicimus.
