4525 5950
903 705 1143 753 nanosnnnuns.
1573 687 1615 753 35

477 869 563 953 §56
595 893 625 956 p.
661 868 764 934 1316:
798 876 854 934 τῶν
887 869 1174 949 ἀποψηφισαμένων
1205 872 1502 954 [Ἁλιμουσίων]
1532 871 1617 948 ἐμοῦ.

431 975 556 1041 Nomen
581 979 746 1063 proprium
769 979 802 1041 in
826 978 1006 1062 marginem
1029 975 1129 1041 abeat.

478 1199 495 1282 ᾖ
518 1195 560 1261 63
584 1219 615 1281 p.
642 1195 746 1261 1318:
773 1199 856 1261 τοῦτ’
876 1194 938 1274 ἔχει
964 1195 1112 1261 δεικνύναι
1137 1200 1296 1273 τεκμήριον
1321 1201 1361 1269 ὥς
1384 1196 1619 1270 σννίτνσαν.

429 1303 537 1390 Lege:
563 1300 814 1384 συνέτασαν,
834 1303 873 1367 cf.
898 1301 972 1386 §59
995 1310 1027 1367 ct
1052 1302 1095 1367 60
1119 1325 1150 1389 p.
1178 1301 1275 1369 1317.

830 1530 945 1586 ΚΑΤΑ
972 1530 1230 1587 ΘΕΟΚΡΙΝΟΤ.

480 1706 498 1789 ᾖ
521 1702 564 1768 22
589 1725 620 1788 p.
648 1701 754 1767 1328:
780 1704 811 1767 οὐ
836 1705 898 1783 γάρ
923 1703 957 1777 δὴ
981 1702 1149 1780 προσδοκᾶν
1173 1728 1212 1781 γε
1236 1704 1283 1768 δεῖ
1300 1706 1456 1780 Θεοκρίνην
1476 1707 1625 1784 θρκολογιί-

432 1836 497 1875 σειν
519 1811 653 1887 ὀφείλειν
673 1809 725 1873 καί
739 1810 857 1882 δικαίως
873 1810 1059 1892 ἐνδεδεῖχθαι
1080 1816 1237 1890 φήσειν.
1258 1811 1420 1877 Ultimum
1433 1813 1622 1879 vocabulum

430 1915 664 2003 interpolatum
688 1923 745 1981 est.

481 2134 565 2220 §22
597 2159 627 2221 p.
656 2134 760 2200 1328:
795 2137 880 2211 ε’ρεῖν.
1009 2137 1046 2204 ὥς
1079 2136 1390 2217 καταστασιάζεται,
1420 2139 1466 2206 ὥς
1492 2135 1542 2200 διά
1566 2137 1623 2208 τὰς

433 2250 495 2307 τῶν
521 2243 704 2318 παρανόμων
729 2245 858 2319 γραφάς
884 2242 925 2310 εῖτ
950 2243 1037 2305 ταῦθ’
1062 2239 1136 2316 ἥκει.
1160 2241 1265 2329 Lege:
1287 2244 1352 2308 καί
1374 2243 1424 2307 διά
1442 2243 1511 2313 τάς.
1535 2242 1625 2322 Quod

438 2370 534 2434 saepe
559 2348 718 2426 vidimus,
745 2347 896 2413 solemnis
918 2355 966 2413 est
988 2346 1117 2413 illarum
1142 2349 1374 2435 particularum
1396 2349 1546 2414 confusio.

483 2566 566 2652 §24
601 2590 631 2654 p.
661 2565 764 2632 1329:
795 2568 893 2632 άκοθοι
1032 2569 1069 2638 ὠς
1100 2567 1161 2645 άρα
1193 2570 1338 2648 προσιῖκθν
1371 2569 1432 2636 ε’ςιν
1462 2566 1538 2641 άλως
1569 2572 1625 2645 μὲν

434 2676 541 2750 μηδενὶ
574 2674 730 2750 μηδεμίαν
764 2677 951 2751 συγγνώμην
983 2674 1134 2754 ὑπάρχειν
1158 2674 1382 2754 παραβαίνοντι
1406 2675 1474 2747 τοὺς
1499 2677 1605 2748 νόμους
1616 2724 1624 2753 ,

439 2784 464 2844 εί
499 2782 529 2844 δὲ
560 2779 619 2856 άρα
646 2780 707 2843 δεῖ
729 2782 773 2856 μὴ
797 2789 860 2852 τοῖς
886 2784 1020 2859 συνεχῶς
1045 2777 1108 2846 οὖσι
1135 2789 1286 2860 πονηροῖς,
1312 2783 1375 2848 κτέ.
1406 2783 1626 2849 Necessarium

436 2909 505 2953 esse
529 2887 654 2953 iudico:
679 2888 703 2951 εί
727 2888 753 2951 δ’
777 2887 857 2966 άρα,
881 2888 974 2951 δεῖν.

481 3113 499 3195 §
519 3109 562 3174 29
587 3132 616 3195 p.
646 3106 749 3173 1331:
775 3109 1032 3185 προσκαλεῖσθαι,
1057 3104 1123 3178 ἕως
1151 3107 1322 3173 διελύσατο.
1347 3109 1445 3189 Ecce,
1470 3111 1521 3176 hic
1540 3111 1625 3177 Blas-

435 3221 502 3283 sius
535 3226 619 3281 recta
648 3218 790 3281 servavit
821 3211 891 3291 ἕως,
924 3216 1054 3279 etiamsi
1085 3214 1304 3301 diphthongus
1336 3217 1518 3301 praecedat,
1551 3239 1624 3283 cnm

433 3324 511 3390 alibi
535 3322 620 3388 haud
643 3344 713 3387 raro
738 3324 819 3385 miro
844 3320 956 3385 iudicii
975 3342 1078 3386 errore
1096 3343 1153 3406 pro
1173 3318 1225 3391 ἕως
1247 3322 1332 3387 ultro
1352 3324 1425 3393 τίων
1445 3327 1477 3388 in
1499 3332 1625 3389 textum

433 3429 593 3506 intulerit,
628 3450 658 3492 v.
684 3450 709 3492 o.
741 3426 874 3514 Olynth.
908 3425 1030 3511 l§20
1054 3449 1085 3511 p.
1114 3427 1165 3504 15,
1198 3426 1330 3514 Olynth.
1355 3428 1386 3492 11
1409 3431 1426 3513 §
1447 3429 1486 3494 21
1514 3452 1544 3515 p.
1570 3430 1623 3507 24,

435 3536 580 3621 Philipp.
614 3534 655 3599 lv
687 3533 769 3619 §74
802 3556 833 3619 p.
861 3533 936 3610 151,
969 3533 1130 3619 Symmor.
1163 3534 1243 3618 §36
1275 3557 1305 3620 p.
1333 3535 1406 3613 188,
1437 3536 1521 3601 Fals.
1546 3537 1623 3623 Leg.

435 3646 453 3729 ξ
475 3642 541 3708 326
565 3665 596 3727 p.
622 3640 697 3720 445;
733 3640 824 3725 Lept.
849 3641 866 3723 ᾖ
889 3640 929 3705 91
956 3662 986 3725 p.
1012 3639 1088 3716 484,
1121 3639 1220 3725 Spud.
1243 3643 1260 3724 ᾗ
1282 3641 1301 3705 5
1326 3664 1356 3727 p.
1384 3642 1470 3707 1029
1496 3651 1528 3708 st
1551 3643 1625 3708 Dio-

434 3749 548 3836 nysod.
581 3747 665 3833 §14
696 3769 726 3831 p.
754 3743 852 3810 1287.
885 3745 986 3810 Miror
1009 3745 1138 3811 doctum
1163 3746 1315 3812 editorem
1338 3751 1372 3812 in
1396 3756 1461 3813 tam
1485 3749 1623 3834 simplici

434 3878 469 3921 re
492 3855 631 3919 titubare
654 3856 806 3938 potuisse.
836 3852 1004 3918 Exclamat
1028 3859 1133 3918 orator
1155 3857 1187 3918 in
1211 3857 1314 3939 prima
1338 3855 1546 3941 Olynthiaca:
1571 3855 1623 3928 ἕως

436 3963 480 4029 ε’ςῖ
515 3961 632 4040 καιρός,
666 3959 873 4036 ἀντιλάβεσθε
906 3967 963 4023 τῶν
996 3959 1202 4036 πραγμάτων.
1234 3960 1376 4026 Blassius
1407 3964 1480 4033 τέως
1507 3963 1623 4028 edidit:

436 4092 493 4136 our
523 4064 674 4133 tandem?
706 4064 822 4131 Omnes
852 4064 929 4130 libri
962 4061 1014 4135 ἕως
1045 4065 1181 4144 habent,
1205 4066 1259 4131 sed
1284 4071 1544 4153 „compositionis
1567 4091 1625 4135 nu-

435 4195 664 4259 merorumqus
698 4176 779 4238 ratio
814 4173 888 4244 τέως
920 4171 1065 4257 flagitare
1089 4171 1307 4238 videbanturss’
1344 4172 1522 4241 Credideris
1553 4197 1623 4241 eam

437 4282 700 4368 „compositionis
725 4299 995 4362 numerorumque
1014 4277 1191 4343 rationem''
1213 4300 1275 4345 non
1294 4282 1402 4345 minus
1420 4301 1486 4347 esse
1505 4287 1624 4347 certam

434 4410 531 4475 qnam
568 4390 653 4472 ipsae
687 4394 762 4450 sunt
799 4384 837 4450 de
868 4406 902 4449 ra
933 4386 1067 4449 metrica
1096 4384 1184 4471 leges
1215 4385 1299 4471 apud
1330 4384 1459 4471 poetas?
1494 4396 1527 4452 at
1557 4391 1624 4473 ipse

435 4496 579 4560 Blassius
603 4494 641 4558 ad
664 4493 749 4557 hunc
773 4512 874 4576 usquo
897 4491 982 4555 diem
1007 4511 1131 4575 sempor
1154 4495 1261 4578 pergit
1280 4493 1406 4557 easdem
1426 4497 1624 4578 quaestiones

434 4606 571 4667 tractare
606 4606 638 4664 et
672 4619 752 4684 quas
784 4599 880 4664 modo
912 4600 1063 4662 tractavit
1093 4603 1244 4663 retractat
1275 4607 1307 4664 et
1337 4620 1416 4684 quae
1440 4604 1624 4666 retractavit

433 4707 584 4775 emendat
616 4713 648 4771 et
679 4726 759 4790 quaa
791 4703 975 4770 emendavit
1005 4706 1140 4780 avertit,
1172 4711 1210 4769 ut
1240 4704 1321 4768 nihil
1351 4709 1384 4770 in
1415 4727 1451 4771 ea
1482 4707 1623 4773 doctrina

430 4818 512 4882 satis
545 4812 659 4878 stabile
693 4815 735 4877 sit
765 4819 797 4877 et
828 4815 1065 4896 praeposterum
1096 4809 1243 4875 videatur
1271 4821 1338 4876 tam
1366 4810 1432 4878 levi
1465 4814 1502 4878 de
1531 4834 1624 4879 causa
