4525 5950
654 674 719 742 414
1180 696 1319 744 orantus.

786 858 965 943 Nostraque
989 857 1094 923 fallaci
1119 865 1292 925 veneratus
1316 863 1450 927 numina
1472 861 1570 927 vultu

789 964 1054 1042 „Mnemonides”
1078 972 1233 1046 (comat
1257 966 1349 1047 enim)
1374 968 1583 1045 „consistite”
1609 969 1698 1035 dixit

788 1070 875 1147 „Neo
898 1072 1061 1149 dubitate,
1085 1093 1206 1157 precor,
1232 1078 1315 1138 tecto
1338 1094 1439 1159 grave
1463 1074 1552 1139 sidus
1578 1081 1612 1140 et
1632 1077 1796 1142 imbrem''

786 1177 996 1256 (Intererat)
1023 1180 1147 1255 „vitare
1171 1179 1279 1245 meo'’.

696 1282 748 1360 VI,
773 1282 896 1369 358sq.
929 1286 1081 1371 Agrestes
1110 1285 1228 1371 Lycios
1259 1291 1291 1349 et
1322 1285 1395 1350 aliis
1427 1287 1533 1351 verbis
1557 1287 1708 1353 obsecrat
1732 1289 1846 1354 latona

649 1396 687 1453 ut
709 1391 761 1454 sui
784 1392 976 1455 misereatur
1000 1395 1033 1456 et
1055 1390 1161 1455 hisce:

786 1495 853 1572 „Hi
876 1516 1002 1580 quoque
1025 1516 1082 1561 vos
1106 1502 1273 1572 moveant,
1298 1497 1354 1581 qui
1377 1502 1486 1561 nostro
1511 1497 1664 1563 bracchia
1688 1499 1824 1565 tendunt

784 1602 890 1667 Parva
913 1601 1008 1666 sinu’'
1032 1608 1074 1682 (et
1097 1624 1169 1665 casu
1191 1603 1350 1665 tendebam
1373 1603 1512 1665 bracchia
1535 1603 1630 1684 eati).

694 1705 935 1794 v11‚217sqq.
968 1709 996 1772 A
1028 1707 1089 1772 diis
1120 1707 1303 1792 deabusque
1334 1710 1401 1773 suis
1432 1707 1547 1774 Medea
1570 1730 1702 1774 venena
1726 1713 1846 1797 magice

649 1815 748 1898 petit:
771 1834 879 1899 preces
903 1819 1012 1879 autem
1036 1833 1110 1878 suas
1132 1813 1185 1877 his
1210 1814 1355 1878 versibus
1378 1812 1558 1879 concludit:

783 1920 827 1984 Ilt
849 1917 982 1985 dabitis!
1007 1940 1109 2005 neque
1132 1921 1219 1984 enim
1242 1922 1427 1985 micuerunt
1449 1919 1553 1984 sidera
1576 1920 1715 1998 trustra,

783 2025 850 2091 Nec
873 2025 991 2090 frustra
1014 2022 1183 2089 volucrum
1208 2028 1329 2090 tractus
1353 2027 1475 2090 cervice
1498 2024 1679 2091 draconum

784 2128 906 2197 Currus
929 2131 1028 2196 adest.

646 2235 746 2301 Addit
768 2242 878 2321 poeta:
903 2237 1009 2300 aderat
1031 2235 1176 2300 demieaue
1200 2237 1236 2299 ab
1260 2237 1377 2300 aethere
1400 2258 1515 2301 currem

692 2341 837 2428 Denique
856 2362 1032 2428 proponam
1051 2341 1161 2407 locum
1180 2344 1236 2427 qui
1256 2345 1361 2427 primo
1380 2340 1431 2407 illi
1450 2349 1518 2407 tam
1538 2341 1662 2407 similis
1683 2350 1734 2409 est
1751 2363 1842 2429 quam

646 2469 747 2513 ovum
770 2454 819 2513 est
843 2467 920 2513 ovo:

691 2552 761 2631 VII,
786 2552 829 2618 83
860 2552 1001 2632 (Medea)
1024 2557 1062 2616 ut
1085 2552 1169 2618 vidit
1193 2555 1362 2629 iuvenem,
1388 2555 1493 2638 specis
1516 2556 1701 2639 praesentis
1724 2556 1840 2619 inarsit

781 2659 823 2722 dt
846 2680 917 2722 earu
939 2656 1034 2723 solito
1058 2657 1226 2723 formosior
1249 2659 1372 2723 Assone
1395 2664 1490 2723 natus

781 2763 843 2828 Illa
865 2761 936 2828 luce
954 2764 1029 2849 suit
1044 2763 1078 2843 ¹).

688 2984 822 3069 Saepius
852 3004 970 3048 novam
1001 2981 1146 3047 fabulam
1176 2984 1223 3046 ita
1254 2982 1422 3047 exorditur
1451 2988 1545 3068 poeta
1576 2989 1615 3047 ut
1641 2983 1731 3049 dicat
1754 2983 1838 3048 illins

643 3090 800 3166 hominis,
822 3089 942 3174 dequo
963 3088 1059 3152 modo
1078 3090 1271 3164 narraverit,
1293 3091 1419 3152 tristem
1439 3087 1570 3172 quidem
1591 3094 1716 3154 sortem
1736 3089 1838 3162 fuisse,

642 3193 735 3258 illam
766 3202 875 3258 autem
906 3192 1020 3259 solatio
1052 3194 1191 3279 quodam
1222 3193 1363 3258 levatam
1395 3214 1479 3270 ease,
1505 3214 1593 3259 nunc
1616 3216 1697 3260 vero
1721 3216 1787 3260 rem
1810 3215 1838 3258 se

577 3302 584 3321 '
643 3305 849 3365 narraturum
879 3299 985 3365 multo
1016 3300 1219 3385 praecedenti
1249 3302 1432 3366 tristiorem.
1465 3298 1629 3365 Solemnis
1664 3307 1716 3366 est
1737 3305 1773 3366 in
1795 3302 1839 3366 his

643 3406 803 3491 particula
827 3414 933 3470 tamea.
1066 3494 1068 3498 ¹

688 3511 746 3589 IX,
772 3511 815 3577 98
827 3534 893 3597 sqq.
925 3511 973 3576 De
1005 3510 1161 3588 Acheloo,
1194 3514 1250 3597 qui
1281 3514 1314 3575 iu
1338 3513 1512 3576 certamine
1536 3532 1613 3576 cum
1638 3512 1784 3579 Hercule
1806 3514 1839 3577 de

643 3602 794 3683 Deianira
821 3624 967 3702 suscepto
992 3616 1130 3682 alterum
1154 3638 1253 3681 cornu
1277 3620 1402 3694 amisit,
1426 3617 1516 3682 finita
1539 3623 1590 3682 ost
1612 3622 1770 3685 narratio.
1793 3618 1838 3683 Sic

643 3731 737 3808 poeta
760 3726 886 3809 pergit:

779 3828 876 3893 Hunc
899 3836 996 3892 tamen
1019 3828 1120 3894 ablati
1144 3829 1272 3893 domuit
1295 3831 1419 3893 iactura
1441 3828 1580 3906 decoris,

778 3932 893 4000 Cetera
916 3956 1023 4019 sospes
1047 3934 1162 4011 habet;
1187 3937 1301 4020 capitis
1324 3955 1452 4019 quoque
1474 3935 1585 3999 fronde
1609 3936 1742 4023 saligna

779 4041 846 4104 Aut
869 4043 1139 4126 superimposita
1163 4039 1285 4105 celatur
1308 4040 1463 4105 arundine
1486 4038 1656 4106 damnum.

781 4149 824 4209 At
847 4151 896 4222 te,
920 4146 1019 4211 Nesse
1043 4147 1148 4224 ferox,
1173 4144 1317 4211 eiusdem
1342 4148 1479 4233 virginis
1502 4145 1597 4211 ardor

654 4314 658 4325 ,
782 4251 978 4316 Perdiderat.

681 4472 705 4533 l)
729 4470 789 4518 Cum
813 4484 899 4531 magno
916 4483 1030 4532 cognosco
1047 4467 1134 4531 gaudio
1153 4468 1249 4516 undem
1266 4466 1394 4520 alienando
1412 4482 1488 4517 meam
1505 4482 1588 4516 versus
1607 4468 1637 4527 V,
1658 4470 1708 4522 11'1
1726 4471 1835 4534 interpre-

644 4553 759 4601 tationem
776 4549 871 4599 admitti
889 4550 914 4598 in
932 4550 1120 4599 commentarios.
1138 4549 1264 4598 Ehwaldus
1278 4550 1342 4599 euim
1356 4551 1381 4599 iu
1396 4549 1600 4615 praestantissima
1608 4549 1732 4602 librorum
1746 4549 1834 4600 1-v11

642 4634 759 4691 editione,
776 4647 836 4696 qnae
853 4631 961 4696 proximo
979 4646 1041 4679 anno
1060 4630 1084 4679 iu
1100 4629 1177 4680 lucem
1192 4630 1295 4696 prodiit,
1309 4630 1377 4680 illam
1392 4630 1417 4680 iu
1432 4630 1587 4680 annuntient
1601 4646 1645 4680 sua
1660 4633 1756 4697 posuit,
1769 4633 1833 4698 idque

641 4717 699 4780 ipsis
716 4715 766 4765 illie
782 4715 928 4763 adstructam
947 4713 1174 4777 Metamorphossou
1193 4712 1264 4772 locis,
1281 4728 1341 4776 quos
1359 4728 1402 4775 ego
1420 4712 1458 4761 hic
1474 4712 1565 4777 primos
1582 4713 1670 4764 attuliz
1689 4715 1711 4773 1,
1730 4716 1778 4768 tut
1786 4729 1831 4778 sqq.

643 4798 677 4857 11,
695 4798 743 4847 2³2
757 4813 808 4860 sqq.
