4525 5950
650 665 715 730 402
1178 681 1317 729 ovmrus.

649 846 713 910 Hic
737 845 823 910 haud
846 845 942 909 dubie
966 867 985 910 a
1008 852 1120 930 poeta,
1144 851 1302 911 sermonis
1324 867 1420 910 usum
1442 866 1560 931 parum
1581 849 1738 921 curante,
1758 846 1848 909 omis·

649 973 723 1017 sum
746 958 795 1017 est
818 953 1027 1036 participium
1050 951 1317 1029 accommodius
1336 951 1485 1038 zephyris
1503 973 1560 1036 per
1578 972 1703 1036 aequor
1721 950 1847 1016 Ionium

650 1063 775 1135 vectus)
807 1057 893 1142 quod
921 1078 984 1122 non
1016 1059 1126 1121 minus
1156 1057 1276 1122 durum
1305 1062 1355 1122 est
1385 1076 1482 1143 quam
1509 1057 1621 1121 certior
1642 1055 1747 1136 (XIV,
1771 1055 1848 1135 290)

649 1185 707 1248 pro
730 1163 839 1226 certior
852 1164 966 1248 saeuae
988 1165 1144 1247 positum.

697 1267 764 1334 740
797 1267 908 1333 Insula
931 1267 1057 1334 'liberis
1079 1271 1124 1333 sic
1149 1268 1358 1334 describitur:

786 1373 950 1440 Scinditur
970 1377 1005 1437 in
1029 1377 1178 1459 geminas
1201 1379 1309 1458 partes
1331 1373 1539 1438 circumfluus
1560 1375 1689 1450 amnis,

786 1479 895 1544 Insula
918 1501 1036 1544 nomen
1058 1480 1173 1556 habet,
1197 1479 1401 1564 laterumque
1424 1500 1443 1544 a
1464 1486 1554 1565 parte
1577 1479 1725 1544 duomm

787 1586 931 1671 Porrigit
953 1584 1102 1670 aequales
1125 1583 1232 1650 media
1257 1583 1372 1649 tellure
1394 1582 1541 1649 lacertos.

651 1691 735 1773 Quid
769 1693 830 1756 sibi
864 1694 928 1756 isto
962 1692 1088 1755 hurum
1123 1714 1144 1752 o
1176 1698 1266 1772 porte
1294 1692 1420 1755 duorum
1448 1690 1549 1756 vellet
1579 1694 1694 1775 ipsum
1728 1697 1853 1777 poetam

650 1801 814 1884 ignorasse
837 1798 984 1862 arbitror.

699 1902 764 1970 792
799 1903 941 1968 Instante
965 1900 1042 1967 Iulii
1065 1899 1210 1968 Caesaris
1234 1901 1329 1967 caede
1352 1907 1385 1967 ct
1408 1899 1471 1967 alia
1493 1901 1577 1966 fiunt
1601 1908 1758 1987 portenta
1780 1909 1813 1969 et

788 2009 906 2073 'Pristis
930 2006 1020 2072 mille
1042 2006 1120 2072 locis
1144 2006 1283 2093 Stygius
1306 2006 1395 2072 dedit
1416 2009 1525 2072 omina
1540 2005 1563 2085 ¹)
1587 2008 1690 2085 bubo,

788 2113 884 2178 Mille
905 2112 985 2179 locis
1008 2113 1193 2178 lacrimavit
1215 2115 1296 2179 ebur
1318 2118 1495 2198 cantusque
1517 2113 1671 2178 feruutur

790 2218 903 2283 Auditi
926 2223 1043 2284 sanctis
1067 2227 1100 2284 et
1123 2219 1222 2284 verba
1242 2221 1401 2284 minantia
1422 2218 1515 2284 lucis.

654 2325 724 2412 Ipse
747 2323 879 2390 consilio
899 2345 956 2389 suo
977 2326 1104 2390 obstitit
1123 2330 1233 2410 poeta,
1252 2347 1328 2390 cum
1346 2346 1458 2391 versus
1477 2323 1631 2410 explendi
1650 2346 1755 2392 causa
1772 2327 1853 2392 istud

647 2432 799 2518 suuntur
829 2434 979 2515 poneret,
1010 2451 1086 2495 nam
1117 2452 1202 2495 nune
1236 2429 1337 2496 videri
1368 2438 1453 2496 certe
1475 2430 1666 2516 legentibus
1692 2439 1800 2518 potest
1820 2433 1854 2497 de

652 2538 789 2601 veritate
819 2540 1042 2620 portentorum
1070 2534 1205 2602 illorum
1228 2537 1368 2600 debitore
1389 2539 1464 2620 spec.
1489 2537 1601 2617 Quod,
1625 2545 1667 2603 ut
1692 2542 1817 2625 opinor,
1838 2559 1853 2602 e

652 2645 814 2728 proposito
837 2645 907 2707 eius
931 2662 1029 2726 quam
1052 2645 1195 2707 maxime
1218 2651 1267 2708 est
1291 2642 1445 2708 alienum.

700 2746 765 2813 817
786 2769 852 2833 sqq.
885 2746 1057 2824 Venerem,
1089 2749 1128 2813 ob
1160 2749 1288 2814 caedem
1319 2747 1397 2813 Iulii
1428 2747 1571 2815 Caesaris
1603 2749 1783 2829 afflictam,
1812 2753 1850 2814 sic

653 2853 835 2920 consolatur
865 2854 989 2940 Iupiter
1016 2862 1054 2919 nt
1084 2856 1115 2920 ei
1146 2862 1253 2920 narret
1283 2876 1364 2940 quae
1394 2857 1428 2918 in
1451 2854 1628 2920 Parcarum
1659 2855 1758 2922 libris
1780 2857 1849 2923 ohn

653 2959 770 3048 legerit
793 2962 878 3046 ipse:

789 3065 852 3129 Hic
876 3086 934 3130 sua
956 3064 1150 3150 complevit,
1175 3087 1232 3150 pro
1256 3088 1335 3151 quo,
1360 3064 1539 3153 Cytherea,
1563 3065 1718 3148 laboras,

789 3169 962 3255 Tempora,
987 3171 1153 3255 perfectis,
1178 3192 1257 3255 quos
1281 3178 1383 3236 terrae
1406 3170 1534 3248 debuit,
1559 3175 1667 3237 annis.

790 3276 834 3341 Ut
858 3276 936 3340 deus
959 3274 1085 3341 accedat
1108 3275 1194 3341 caelo
1218 3275 1411 3361 templisque
1435 3275 1570 3352 colatur,

790 3381 840 3447 'Iu
864 3382 959 3446 facies
983 3387 1140 3466 natusque
1164 3402 1259 3446 suus:
1284 3384 1340 3467 qui
1364 3383 1502 3446 nominis
1526 3382 1620 3446 heres

789 3487 985 3572 Impositum
1005 3487 1086 3552 feret
1110 3507 1195 3551 nnus
1219 3508 1299 3552 onus
1322 3489 1468 3571 caesique
1492 3489 1637 3570 parentis

789 3591 855 3657 Nos
878 3594 910 3656 in
936 3590 1019 3657 bella
1043 3613 1118 3656 suos
1142 3592 1339 3656 fortissimus
1363 3589 1451 3655 ultor
1474 3591 1615 3655 habebit.

653 3697 778 3763 Ultima
797 3702 852 3764 vix
871 3706 1004 3784 possunt
1023 3696 1185 3783 intelligi,
1207 3703 1296 3762 tauto
1315 3705 1391 3761 suut
1409 3699 1495 3762 iuter
1514 3717 1547 3761 se
1566 3700 1677 3781 spatio
1698 3698 1846 3783 dirempta

654 3804 735 3866 altor
758 3811 790 3868 et
812 3806 978 3890 genitivus
1001 3803 1075 3867 iude
1100 3802 1238 3887 pendens
1262 3804 1341 3865 cccci
1358 3803 1508 3883 parentio.

703 3907 768 3972 823
1044 3907 1211 3974 Pharsalia
1235 3910 1351 3972 sentiet
1374 3906 1472 3972 illum
1495 3915 1551 3987 (sc.
1576 3908 1808 3990 Octavianum)

791 4013 1004 4098 Emathiaque
1027 4017 1148 4078 iterum
1172 4013 1343 4078 madefient
1366 4013 1460 4078 caede
1482 4010 1639 4098 Philippi.

655 4121 780 4185 Mirum
810 4122 844 4183 in
875 4120 1007 4184 modum
1038 4120 1090 4185 hic
1119 4118 1294 4184 Pharsalus
1326 4126 1358 4184 et
1388 4118 1532 4204 Philippi
1555 4121 1642 4184 inter
1666 4141 1702 4187 se
1727 4121 1845 4186 confun

655 4226 785 4302 duntur,
817 4231 849 4289 et
881 4224 1036 4293 uocabula
1067 4226 1210 4288 Emathia
1233 4227 1322 4288 ccede
1344 4227 1379 4288 in
1402 4226 1591 4309 nescioquos
1614 4245 1743 4292 errores
1765 4225 1845 4291 indu·

656 4339 732 4397 cunt
755 4331 928 4418 legentem.

701 4436 767 4502 829
802 4436 850 4502 De
879 4436 989 4501 futuro
1017 4436 1161 4522 Augusti
1183 4438 1322 4520 imperio
1346 4442 1378 4500 et
1401 4434 1466 4501 alia
1487 4434 1649 4502 declamat
1673 4438 1798 4525 Iupiter
1817 4441 1844 4501 et

654 4543 750 4609 haec:

658 4696 852 4705 ——n

691 4786 718 4848 l)
737 4785 808 4850 Quod
826 4784 850 4832 in
868 4783 972 4832 editions
992 4784 1113 4833 Koruisna
1130 4784 1171 4833 bic
1187 4784 1265 4835 onnia
1281 4784 1371 4848 legitur
1387 4800 1469 4834 errore
1488 4785 1580 4850 opificis
1595 4786 1689 4837 Mun
1705 4786 1811 4837 confido.
