4525 5950
537 647 599 711 1913
1060 666 1201 712 rxcrrcs.

581 829 733 904 „Falanio
757 829 913 893 obiciebat
932 834 1103 905 accusator,
1125 829 1209 913 quod
1228 832 1312 894 inter
1330 829 1468 895 cultores
1489 831 1651 916 Augusti,
1673 834 1722 915 qui

532 957 588 1017 per
621 956 731 1000 omnes
762 935 873 999 domos
895 937 929 998 in
950 934 1082 999 modum
1106 933 1320 1021 collegiorum
1344 936 1554 1015 habebantur,
1580 934 1723 1003 Cassium

533 1042 690 1126 quendam
712 1044 849 1105 mimum
870 1062 1000 1125 corpore
1021 1040 1176 1105 infamem
1197 1041 1401 1118 adscivisset,
1423 1042 1574 1127 quodque
1588 1042 1723 1106 venditis

532 1148 634 1211 hortis
666 1155 804 1211 statuam
836 1148 977 1232 Augusti
1009 1146 1108 1211 simul
1130 1150 1352 1233 mancipasset.
1377 1148 1499 1213 Rubrio
1522 1151 1654 1212 crimini
1677 1148 1723 1212 da

533 1254 626 1317 batur
651 1251 808 1316 violatum
833 1256 972 1338 periurio
995 1274 1115 1317 numen
1140 1252 1315 1338 Augusti.''

578 1358 672 1422 Vides
700 1358 784 1443 quod
808 1361 850 1422 sit
873 1380 994 1422 novum
1017 1358 1100 1423 illud
1124 1380 1244 1444 genus;
1269 1359 1428 1424 famosum
1452 1358 1535 1423 illud
1558 1359 1724 1423 maiestatis

533 1467 653 1530 crimen
687 1472 762 1529 tunc
791 1468 824 1528 in
856 1465 1089 1548 rempublicam
1120 1466 1321 1530 introducere
1346 1465 1478 1549 quidam
1502 1469 1611 1530 conati
1635 1473 1724 1541 eunt,

533 1573 616 1656 quod
649 1577 757 1656 postea
789 1577 836 1634 tot
866 1573 1022 1648 insontes,
1047 1570 1169 1636 nobiles
1193 1577 1289 1656 atque
1311 1571 1471 1656 ignobiles
1496 1571 1725 1657 pessumdedit.

531 1677 614 1756 Quid
649 1698 722 1741 vero
753 1677 916 1754 Tiberius,
949 1680 1079 1761 cognita
1110 1697 1193 1741 nova
1224 1676 1424 1751 adulatione,
1456 1697 1520 1762 qua
1542 1676 1654 1742 callidi
1677 1678 1726 1742 ho

532 1786 635 1847 mines
659 1788 830 1866 quaestum
856 1783 916 1846 sibi
939 1785 1108 1847 instituere
1128 1785 1234 1847 conati
1254 1780 1350 1847 sunt?
1370 1782 1507 1868 Scripsit
1525 1782 1724 1848 consulibus:

581 1889 670 1965 „Non
702 1889 772 1953 ideo
805 1889 967 1953 decretum
998 1892 1082 1972 patri
1113 1910 1172 1953 suo
1203 1889 1344 1965 caelum,
1369 1892 1463 1953 utin
1487 1892 1665 1974 perniciem
1688 1891 1726 1954 ci·

532 1998 622 2059 vium
641 1998 669 2058 is
690 1995 789 2059 honor
809 2000 996 2060 verteretur.
1019 1992 1166 2060 (laseium
1187 1996 1374 2060 histrionem
1395 1994 1531 2060 solitum
1550 1998 1638 2060 inter
1650 1995 1725 2060 ahos

532 2103 674 2168 eiusdem
710 2105 787 2166 artis
822 2103 974 2166 interesse
1006 2101 1108 2178 ludis,
1143 2123 1222 2187 quos
1253 2110 1356 2165 mater
1387 2122 1444 2165 sua
1474 2104 1508 2164 in
1532 2105 1726 2167 memoriam

532 2211 673 2294 Augusti
697 2215 867 2282 sacrasset;
892 2228 948 2271 nec
968 2217 1079 2272 contra
1097 2205 1271 2293 religiones
1290 2207 1375 2283 fieri,
1397 2207 1480 2292 quod
1497 2207 1623 2294 effigies
1643 2211 1726 2284 eius,

533 2323 569 2379 ut
589 2314 651 2378 alia
670 2316 841 2377 numinum
863 2312 1051 2388 simulacra,
1074 2314 1311 2378 venditionibus
1330 2314 1496 2378 hortorum
1516 2321 1549 2379 et
1571 2314 1727 2379 domuum

531 2420 688 2486 accedant.
725 2419 951 2484 Iusiurandum
985 2419 1113 2503 perinde
1144 2418 1395 2497 aestimandum,
1429 2440 1526 2505 quam
1558 2423 1587 2484 si
1618 2419 1727 2484 lovem

535 2525 716 2590 fefellisset:
742 2525 873 2589 deorum
898 2527 1032 2589 iniurias
1056 2523 1104 2588 dis
1128 2525 1255 2589 curae.'’

579 2633 731 2697 Potuitne
754 2631 929 2716 quidquam
949 2630 1001 2695 vel
1024 2633 1147 2714 optimo
1167 2633 1357 2716 imperatore
1377 2630 1507 2717 dignius
1526 2631 1727 2716 responderi,

536 2738 709 2823 quidquam
734 2740 926 2821 sapientius,
951 2735 1156 2812 clernentiuS,
1181 2739 1312 2811 mitius,
1332 2736 1509 2821 quidquam
1528 2739 1728 2800 constantius

533 2843 685 2908 adversus
718 2841 790 2906 illos
824 2845 969 2905 omnium
1005 2845 1237 2925 imperantium
1270 2863 1360 2906 veros
1390 2844 1554 2918 inimicos,
1587 2844 1644 2926 qui
1677 2862 1728 2906 eos

533 2950 664 3014 abiectis
689 2947 941 3024 adulationibus,
967 2946 1044 3011 dum
1069 2946 1216 3012 attollere
1239 2947 1398 3025 videntur,
1419 2946 1505 3013 ultro
1524 2950 1558 3012 in
1579 2968 1728 3033 praeceps

534 3052 682 3139 rapiunt?
701 3054 819 3133 Quodsi
839 3059 906 3118 tota
925 3054 1002 3118 haec
1023 3053 1158 3139 epistola
1178 3054 1400 3119 tantummodo
1420 3055 1614 3119 documento
1631 3063 1727 3131 esset,

533 3168 652 3246 quanta
671 3160 790 3224 ‘liberii
811 3160 946 3225 vixdum
966 3162 1141 3243 imperium
1160 3160 1267 3245 adepti
1289 3161 1400 3224 fuisset
1419 3160 1601 3245 prudentia,
1618 3181 1729 3245 quam-

533 3288 594 3351 que
619 3268 776 3350 sagaciter
799 3265 876 3349 quid
899 3265 958 3328 sibi
984 3265 1154 3329 vitandum
1178 3274 1259 3329 esset
1283 3268 1513 3351 perspexisset,
1543 3272 1655 3331 tamen
1679 3265 1727 3331 vel

532 3373 592 3436 hoc
624 3374 751 3436 nomine
783 3391 975 3454 magnopere
1008 3378 1090 3434 esset
1117 3369 1284 3435 laudanda.
1310 3370 1393 3450 Quid
1419 3392 1492 3435 vero
1517 3369 1672 3436 Tacitus?
1694 3371 1727 3436 si

534 3477 611 3541 haec
636 3478 867 3560 praemisisset:
892 3476 951 3540 hoc
974 3479 1164 3540 narrationis
1187 3496 1262 3540 suae
1285 3497 1351 3541 esse
1374 3474 1544 3541 consilium

581 3587 639 3657 „ut
671 3581 786 3665 quibus
816 3582 918 3644 initiis
950 3583 1181 3665 gravissimum
1214 3583 1350 3645 exitium
1378 3583 1561 3666 irrepserit,
1588 3581 1662 3646 dein
1685 3603 1727 3647 re

533 3706 679 3770 pressum
704 3688 763 3761 sit,
789 3690 949 3769 postremo
973 3689 1085 3750 arserit
1109 3690 1285 3771 cunctaque
1309 3688 1499 3769 corripuerit
1522 3687 1694 3751 noscatur’'

534 3794 700 3875 aptissimo
733 3812 802 3855 eam
834 3798 1016 3854 exornasset
1047 3793 1216 3875 prooemio.
1251 3792 1343 3856 Nunc
1375 3812 1534 3856 veronen
1559 3792 1725 3858 haecsola

535 3900 680 3980 scripsit,
714 3896 767 3960 sed
800 3903 871 3980 post
901 3896 1002 3958 initiis
1032 3899 1169 3960 inseruit
1193 3899 1291 3961 etiam
1315 3904 1428 3982 quanta
1454 3896 1566 3959 litati
1588 3906 1673 3976 arte,
1696 3906 1725 3962 et

536 4005 580 4066 sic
605 4004 747 4085 primum
770 4004 838 4084 ipse
862 4002 922 4064 sibi
946 4000 1140 4085 obloquitur,
1166 4023 1240 4065 nam
1263 4000 1353 4066 nullo
1377 4002 1472 4066 modo
1496 4003 1594 4067 verba
1616 4027 1725 4086 repres-

535 4131 598 4171 ccm
616 4108 658 4170 eit
677 4115 709 4171 et
728 4113 843 4192 quanto
868 4107 978 4169 Tiberii
997 4113 1062 4169 crte
1081 4109 1165 4170 iuter
1185 4128 1218 4173 se
1238 4108 1400 4172 conciliari
1417 4114 1569 4192 possunt:
1586 4110 1724 4191 repressit

535 4213 620 4278 haud
645 4214 739 4277 dubie
762 4216 796 4276 in
821 4216 998 4297 praesentia
1022 4212 1185 4276 exitiabile
1209 4212 1289 4276 illud
1313 4213 1435 4277 malum
1456 4211 1622 4289 Tiberius,
1644 4213 1723 4298 quod

535 4342 596 4384 non
630 4320 707 4381 artic
738 4321 820 4397 (ie.
854 4319 975 4382 fraudis
1006 4328 1101 4403 atque
1134 4317 1291 4397 fallaciae)
1315 4324 1381 4395 est,
1401 4318 1455 4383 sed
1479 4322 1631 4405 egregiae
1655 4341 1722 4404 pru·

535 4426 658 4488 dentiae
684 4445 839 4509 magnum
864 4445 882 4487 a
905 4422 1067 4509 republica
1090 4428 1262 4487 avertentis
1284 4423 1473 4507 periculum.
1499 4423 1621 4489 Deinde
1643 4428 1724 4509 cupi-

535 4531 704 4594 dissimum
728 4552 760 4593 se
785 4529 937 4594 adversus
960 4529 1123 4593 Tiberium
1149 4531 1294 4613 praebet,
1320 4532 1374 4614 qui
1395 4550 1432 4593 ex
1455 4533 1588 4616 egregio
1607 4529 1723 4595 Tiberii

534 4657 682 4721 responso
716 4638 926 4720 suspicionem
959 4643 1046 4718 petat
1076 4634 1293 4699 simulationis
1326 4651 1390 4699 tam
1424 4635 1561 4721 perfidae
1585 4643 1654 4700 tam
1677 4637 1724 4700 ab

532 4742 720 4807 ominandae
745 4750 782 4805 ut
807 4744 860 4806 vix
885 4744 918 4804 in
943 4762 1136 4825 quemquam
1161 4740 1347 4805 mortalium
1371 4743 1540 4806 convenire
1565 4741 1721 4806 videatur.
