4525 5950
962 699 1104 749 1161166.
1580 681 1623 748 59

436 883 539 948 nego,
565 862 606 926 ad
627 864 841 948 Agrippinam
863 863 1088 929 confutandam
1111 866 1245 930 minime
1268 872 1343 951 apta
1365 865 1421 930 illa
1439 872 1535 946 esset)
1555 866 1626 932 sed:

438 973 518 1054 „qui
549 978 638 1054 potes
670 975 724 1048 tu,
757 990 837 1055 quae
867 991 930 1035 nou
954 970 1082 1035 domina
1104 992 1155 1048 es,
1180 972 1235 1036 sed
1259 974 1339 1037 civis
1361 971 1464 1037 alieno
1486 974 1629 1039 subiecta

437 1080 592 1161 imperi0‚
624 1079 775 1141 iniuriam
802 1085 833 1141 te
856 1079 996 1162 accipere
1021 1076 1123 1142 ullam
1147 1075 1303 1162 putare?”
1328 1076 1466 1144 Graecus
1491 1082 1628 1145 versicu-

435 1184 507 1261 lus,
533 1204 596 1269 quo
620 1204 697 1248 usus
721 1182 957 1260 esthhberius,
980 1186 1093 1269 periit,
1118 1184 1173 1249 sed
1197 1185 1260 1249 fuit
1283 1185 1518 1251 huiuscemodi:

689 1290 715 1354 el
740 1293 784 1365 μὴ
809 1299 981 1369 τυραννεῖς,
1006 1290 1126 1354 ἀδικίαν
1152 1294 1254 1369 λέγεις
1279 1294 1367 1367 τίνας

485 1505 523 1567 Α.
549 1493 602 1579 IV,
629 1502 681 1567 58.
708 1503 927 1569 proficiscente
951 1507 984 1567 iu
1008 1502 1218 1589 Campaniam
1240 1503 1385 1581 Tiberio,
1409 1505 1630 1571 mathematici

435 1631 603 1696 nunquam
634 1631 708 1675 eum
741 1611 921 1675 rediturum
946 1611 1211 1676 vaticinabantur.
1235 1609 1311 1675 Inde
1334 1632 1410 1676 mox
1434 1614 1632 1677 moriturum

436 1739 514 1782 eum
546 1716 678 1802 quidam
710 1720 788 1782 artis
817 1720 961 1802 imperiti
991 1717 1159 1782 credebant
1189 1724 1222 1783 et
1250 1717 1483 1782 contendebant
1511 1720 1628 1795 etiam,

437 1844 519 1908 quae
550 1845 599 1888 res
631 1826 708 1908 ipsis
740 1824 803 1888 suit
835 1826 943 1888 exitio.
977 1822 1040 1888 Hic
1063 1821 1250 1888 facultatem
1273 1826 1467 1889 nanciscitur
1491 1823 1529 1889 de
1553 1823 1632 1888 divi·

437 1931 567 1994 natione
599 1929 783 2014 disputandi
806 1928 935 1994 Tacitus
942 1950 951 2008 ;
985 1949 1065 2014 quae
1089 1935 1198 1994 autem
1222 1929 1300 1995 dicit
1322 1930 1385 1995 huc
1408 1930 1473 1995 fere
1497 1929 1631 1995 redeunt

437 2043 477 2098 ut
510 2036 639 2099 omniuo
670 2037 731 2099 arti
761 2033 811 2099 illi
842 2056 875 2100 se
899 2035 994 2100 fidem
1018 2034 1133 2100 habere
1158 2035 1312 2114 declaret;
1338 2035 1523 2121 portendere
1542 2038 1627 2101 enim

436 2141 596 2226 quaedam
617 2141 691 2206 deos
712 2144 806 2206 certis
827 2141 1026 2218 hominibus,
1047 2141 1230 2207 caelestium
1249 2142 1448 2228 aliorumque
1460 2146 1628 2229 signorum

437 2250 567 2333 peritis;
600 2246 654 2312 sed
685 2246 723 2312 de
754 2269 811 2312 suo
835 2247 983 2332 affingere
1008 2249 1113 2313 multa
1137 2248 1256 2334 vulgus
1280 2252 1504 2334 imperitorum
1528 2259 1559 2315 et
1583 2253 1627 2315 sic

437 2362 541 2419 totam
573 2364 675 2420 artem
705 2362 887 2440 suspectam
919 2354 1049 2421 reddere
1081 2355 1250 2441 plerisque.
1282 2355 1351 2421 lam
1373 2360 1442 2442 ipsa
1465 2356 1568 2423 Taciti
1591 2356 1629 2423 de

438 2464 599 2546 praesenti
622 2465 753 2547 negotio
777 2462 874 2526 verba
896 2462 1149 2528 consideremus:

488 2567 586 2644 „Mox
619 2571 724 2652 patuit
755 2567 851 2632 breve
882 2568 1055 2632 confinium
1087 2571 1166 2633 artis
1196 2575 1229 2633 et
1259 2568 1348 2646 falsi,
1373 2590 1510 2654 veraque
1533 2591 1630 2655 quam

440 2676 585 2740 obscuris
609 2682 803 2759 tegerentur.
828 2674 911 2738 Nam
935 2677 968 2737 in
988 2674 1100 2739 urbem
1121 2697 1183 2740 non
1204 2697 1425 2760 regressurum
1445 2676 1530 2741 haud
1550 2674 1639 2742 forte

439 2783 581 2847 dictum:
605 2789 784 2846 ceterorum
808 2783 905 2845 nescii
928 2801 1039 2867 egere,
1065 2802 1140 2845 eum
1159 2785 1340 2869 propinquo
1364 2804 1436 2847 rure
1459 2789 1515 2848 aut
1536 2782 1631 2849 litore

438 2899 472 2954 et
504 2909 596 2974 saepe
628 2890 752 2953 moenia
786 2886 873 2951 urbis
907 2885 1052 2951 adsidens
1086 2895 1264 2952 extremam
1298 2897 1456 2954 senectam
1493 2889 1654 2976 comple·

439 2996 558 3063 verit.'’

485 3102 522 3167 In
557 3103 669 3167 urbem
704 3101 767 3166 nou
802 3122 1023 3187 regressurum
1057 3100 1224 3167 Tiberium
1259 3102 1404 3167 dixerant
1554 3101 1627 3190 quil

438 3209 682 3285 Mathematici,
714 3217 751 3272 ut
774 3211 894 3292 opinor,
919 3217 951 3273 et
975 3228 1101 3273 veraces
1124 3229 1176 3273 eos
1199 3229 1265 3274 esse
1289 3211 1453 3294 apparuit:
1476 3217 1628 3275 eventum

438 3320 528 3383 enim
550 3315 637 3380 istud
660 3317 851 3380 vaticinium
870 3314 983 3379 habuit
1002 3314 1101 3395 (haud
1120 3316 1200 3380 forte
1220 3316 1366 3396 dictum).
1388 3315 1451 3381 Sed
1470 3325 1632 3403 praeterea

437 3422 523 3488 nihil
544 3421 796 3488 declaraverunt:
818 3429 976 3485 6616661661
995 3442 1071 3508 ergo
1091 3422 1185 3485 666611
1206 3430 1289 3487 16616
1308 3421 1371 3487 dici
1393 3443 1455 3509 non
1478 3430 1630 3508 possunt:

439 3531 588 3596 vaticinii
622 3530 674 3593 sui
708 3536 888 3593 accuratam
924 3530 1219 3613 interpretationem
1255 3549 1317 3592 nou
1352 3528 1519 3606 dederant,
1555 3549 1631 3614 ergo

440 3655 644 3720 nequaquam
675 3634 839 3699 constabat
865 3640 977 3698 utrum
1009 3635 1072 3718 ipsi
1095 3654 1206 3697 veram
1229 3636 1298 3697 eius
1321 3634 1391 3698 vim
1415 3632 1634 3720 intelligerent

440 3762 558 3815 necue,
590 3762 691 3827 neque
721 3741 886 3805 referebat.
921 3742 962 3803 At
992 3738 1047 3804 alii
1079 3738 1117 3803 de
1142 3760 1199 3804 suo
1223 3741 1519 3825 interpretationem
1542 3747 1632 3806 erant

439 3850 635 3923 commenti,
661 3850 730 3912 veri
753 3847 882 3932 quidem
908 3845 1050 3910 similem
1075 3848 1161 3931 (quis
1185 3850 1272 3911 enim
1295 3846 1483 3930 providebat
1506 3869 1561 3932 per
1584 3855 1633 3912 tot

440 3975 542 4021 annos
571 3952 734 4017 Tiberium
767 3960 857 4017 extra
889 3953 999 4016 urbem
1031 3950 1267 4026 moraturuml)
1291 3951 1345 4017 sed
1367 3958 1474 4018 tamen
1498 3952 1630 4018 falsam:

439 4067 487 4127 611·
519 4063 625 4146 patuit
655 4060 738 4123 11666
769 4059 927 4141 confinium
955 4058 1032 4121 artie
1061 4065 1089 4120 61
1111 4058 1210 4143 falsi.
1246 4057 1332 4144 Ergo
1365 4079 1413 4122 res
1444 4059 1506 4123 huc
1530 4059 1629 4124 redit:

440 4168 528 4254 quod
560 4165 645 4231 effati
676 4174 765 4229 eraut
795 4166 1015 4230 mathematici
1045 4185 1158 4228 verum
1182 4164 1245 4228 fuit
1268 4171 1477 4230 stercutum
1499 4164 1630 4242 habuit,

441 4274 531 4361 quod
562 4273 619 4336 alii
648 4271 838 4336 addiderunt
868 4272 1013 4336 homines
1037 4292 1076 4335 61
1098 4270 1209 4335 fraude
1233 4270 1285 4334 vel
1307 4292 1346 4335 61
1369 4273 1495 4335 inscitia
1519 4278 1631 4336 natum

440 4389 522 4446 erat.
556 4378 666 4463 Itaque
697 4399 759 4443 non
790 4385 949 4440 ceterorum
973 4376 1026 4441 sed
1051 4377 1141 4439 ceteri
1164 4375 1354 4460 legendum:
1378 4380 1412 4440 in
1436 4378 1548 4442 urbem
1571 4398 1635 4442 non

440 4507 667 4569 regressurum
698 4483 784 4548 haud
816 4484 896 4548 forte
927 4483 1051 4547 dictum
1078 4485 1154 4558 (1.6.
1181 4504 1254 4547 vera
1277 4491 1367 4548 erant
1389 4483 1490 4548 locuti
1515 4484 1635 4549 mathe

439 4596 577 4670 matici),
601 4594 698 4658 ceteri
721 4594 820 4656 nescii
839 4612 932 4677 egere
952 4596 998 4670 (et
1017 4589 1178 4653 finxerunt
1195 4611 1276 4675 quae
1299 4594 1378 4656 scire
1398 4612 1460 4655 non
1480 4598 1632 4677 possent).

445 4701 554 4776 Haec,
578 4710 615 4764 111
638 4702 761 4785 opinor,
786 4707 869 4764 recte
892 4700 975 4763 inter
999 4719 1031 4762 se
1055 4705 1268 4782 opponuntur.
