4525 5950
779 685 988 733 norrenses
1011 686 1093 734 arun
1117 684 1285 733 uomnun.
1558 667 1621 733 161

443 847 583 914 voluerit
624 851 739 915 artifex
779 871 886 914 necne.
932 849 993 915 Sed
1035 851 1083 915 fac
1124 856 1267 915 extrema
1309 848 1483 935 Mycenaea
1521 854 1625 915 aetate

442 957 608 1041 cognitum
632 959 696 1020 iam
720 956 816 1020 fuisse
840 976 935 1020 usum
959 957 1125 1021 thoracum
1146 961 1308 1033 cenorum,
1328 954 1401 1020 inde
1421 952 1511 1020 nullo
1530 954 1624 1020 modo

441 1064 587 1146 sequitur
618 1069 655 1125 ut
686 1083 749 1126 non
780 1060 875 1147 clipei
905 1068 936 1126 et
968 1060 1095 1128 scutula
1126 1065 1249 1128 minora
1273 1065 1371 1127 etiam
1394 1067 1486 1127 antea
1506 1063 1625 1126 usitata

441 1167 579 1244 fuerint,
603 1188 704 1252 neque
726 1168 786 1233 hoc
809 1189 845 1232 eo
871 1167 1074 1254 redarguitur
1097 1168 1181 1254 quod
1204 1171 1237 1233 in
1262 1168 1492 1233 vetustioribus
1515 1187 1626 1232 monu-

440 1277 559 1338 mentis
589 1274 772 1360 Mycenaeis
803 1272 896 1359 clipei
927 1281 1022 1360 atque
1051 1281 1141 1341 scuta
1165 1277 1288 1339 minora
1310 1296 1372 1339 uon
1396 1274 1624 1360 depinguntur,

441 1381 475 1444 id
506 1383 592 1446 enim
619 1384 654 1445 in
676 1384 836 1466 paucitate
859 1386 1140 1447 monumentorum
1164 1384 1252 1446 casui
1275 1383 1374 1446 tribui
1398 1385 1503 1466 potest
1510 1401 1518 1457 ;
1543 1381 1625 1444 veri·

442 1485 548 1551 simile
578 1472 686 1552 autem
716 1492 764 1552 est
787 1490 875 1573 prius
898 1490 1040 1552 extitisse
1064 1509 1160 1552 usum
1183 1486 1385 1553 scutulorum
1408 1489 1568 1552 minorum
1593 1491 1625 1550 et

441 1591 620 1676 clipeorum
654 1613 758 1684 quam,
787 1593 953 1658 thoracum
987 1598 1176 1670 etneorum,
1209 1615 1271 1658 non
1303 1595 1506 1659 contrarium.
1538 1591 1624 1657 Fieri

441 1718 518 1784 ergo
549 1703 652 1784 potest
675 1705 711 1763 ut
734 1700 932 1776 cantoribus,
956 1702 1053 1765 etium
1078 1702 1134 1785 qui
1156 1699 1300 1765 florerent
1323 1707 1426 1765 aetate
1450 1699 1625 1786 Mycenaea

439 1813 600 1882 extrema,
633 1827 707 1871 cum
739 1828 801 1871 non
831 1809 881 1870 sui
912 1806 964 1872 sed
989 1809 1173 1872 vetustioris
1197 1810 1350 1892 temporis
1373 1807 1538 1883 habitum,
1562 1827 1624 1891 quo

440 1912 585 1976 thoraces
626 1915 715 1977 aenei
755 1915 858 1998 ignoti
900 1919 1019 1989 essent,
1055 1917 1089 1978 in
1123 1914 1317 1979 carminibus
1353 1934 1526 1998 proponere
1560 1910 1624 1977 rel·

439 2016 524 2094 lent,
559 2025 665 2083 temen
694 2017 822 2083 licuerit
851 2026 1030 2085 constanter
1052 2020 1114 2085 sibi
1136 2019 1257 2085 milites
1280 2018 1347 2085 illis
1371 2019 1481 2105 clipeis
1503 2011 1536 2084 et
1557 2040 1624 2084 scu-

441 2124 518 2190 tulis
553 2132 692 2190 armatos
726 2125 854 2211 fingere.
892 2127 996 2209 Atque
1030 2127 1159 2190 etiamsi
1190 2128 1261 2211 quis
1293 2125 1352 2192 hoc
1383 2148 1444 2192 nou
1474 2125 1624 2190 admittat

439 2239 626 2316 censeatque
656 2232 773 2316 clipeos
804 2237 836 2296 et
866 2238 956 2296 scuta
985 2235 1124 2308 minora,
1157 2235 1307 2318 quoniam
1338 2235 1371 2297 in
1408 2233 1624 2298 monumentis

441 2338 672 2404 vetustioribus
698 2338 883 2425 Mycenaeis
905 2360 968 2403 non
992 2345 1175 2416 occurrant,
1200 2338 1234 2402 id
1257 2341 1410 2424 temporis
1433 2359 1472 2403 ne
1496 2340 1624 2424 cognita

440 2443 572 2529 quidem
614 2444 728 2521 fuisse,
764 2447 872 2529 itaque
901 2449 1009 2529 poetas
1041 2447 1097 2530 qui
1127 2443 1275 2509 florerent
1312 2444 1486 2531 Mycenaea
1520 2448 1623 2509 aetate

439 2557 600 2626 extrema,
633 2553 660 2614 si
686 2550 807 2614 milites
828 2548 896 2614 illis
918 2555 1057 2614 armatos
1080 2549 1253 2636 fingerent,
1276 2572 1338 2616 non
1361 2551 1544 2615 vetustioris
1567 2548 1622 2615 sed

438 2659 491 2720 sui
513 2659 666 2741 temporis
688 2656 835 2721 habitum
860 2657 1009 2722 tribuisse
1029 2655 1238 2723 bellatoribus
1256 2678 1335 2742 quos
1354 2655 1563 2732 celebrarent,
1582 2676 1621 2721 ne

438 2766 485 2828 sic
509 2769 616 2827 tamen
638 2766 782 2848 sequitur
806 2770 842 2827 ut
864 2764 917 2828 hic
940 2764 1163 2844 ἄναχρονισμὸς
1189 2767 1286 2829 etiam
1308 2763 1406 2829 latius
1429 2765 1568 2849 patuerit
1590 2769 1622 2827 et

437 2869 478 2934 ud
502 2867 639 2934 aliorum
662 2890 824 2934 armorum
848 2872 1006 2955 picturam
1029 2873 1230 2955 pertinuerit.
1258 2872 1392 2935 Prorsus
1415 2873 1502 2934 enim
1525 2869 1622 2933 credi·

439 2975 504 3041 bile
532 2984 596 3052 est,
630 2981 737 3062 potitae
767 2998 844 3061 quos
876 2977 1002 3062 fugeret
1024 2980 1143 3062 priscos
1166 2978 1275 3043 heroes
1299 2977 1440 3043 nondum
1463 2976 1621 3042 eiusmodi

438 3102 515 3146 usos
544 3102 611 3146 esse
641 3080 750 3166 clipeis
781 3090 813 3146 et
843 3081 976 3146 scutulis
1007 3081 1157 3168 qualibus
1188 3086 1238 3147 sui
1268 3087 1435 3148 uterentur
1458 3080 1620 3167 aequales,

436 3193 547 3253 tamen
570 3189 667 3272 probe
690 3190 827 3253 tenuisse
850 3188 923 3253 illos
945 3209 1006 3254 uon
1029 3189 1159 3254 indutos
1181 3188 1279 3254 luisse
1299 3189 1480 3254 thoracibus
1500 3190 1619 3264 aeneis,

435 3302 469 3360 et
495 3296 628 3359 minime
652 3296 795 3358 animum
819 3294 983 3360 induxisse
1006 3295 1057 3360 his
1080 3316 1135 3361 eos
1157 3298 1274 3360 cinctos
1297 3294 1427 3381 fingere.
1539 3300 1542 3308 '

984 3531 1002 3615 q
1022 3529 1074 3595 ro.

436 3735 597 3798 ‚consentire
611 3735 660 3799 qur
670 3735 802 3798 ⁸¹1¹t1¹0¹¹
811 3747 870 3786 ⁶⁸⁸⁶
880 3748 930 3786 0¹11
1010 3734 1198 3820 Ubicunque
1212 3732 1384 3810 ἐυκνήμιδες
1397 3740 1549 3799 vocentur
1560 3737 1619 3799 mi-

474 3823 564 3873 ⁰¹d⁸¹¹²
582 3822 718 3873 ΨΜ
735 3822 897 3873 mm·
964 3839 1038 3906 lites
1069 3840 1187 3906 Robert
1217 3846 1323 3905 censet
1350 3840 1419 3905 fieri
1442 3862 1501 3906 nou
1527 3862 1619 3926 posse

433 3950 515 4034 quin
538 3951 728 4034 spectaverit
751 3953 845 4033 potita
863 3967 968 4012 ocreas
987 3952 1114 4023 aeneas,
1136 3947 1193 4011 has
1213 3953 1321 4011 autem
1341 3948 1433 4011 unice
1453 3949 1619 4012 convenire

433 4054 478 4120 ad
501 4054 644 4119 thoraces
666 4054 846 4139 clipeosque
869 4057 979 4118 atneos
993 4049 1029 4134 ¹).
1061 4052 1132 4118 Hoc
1154 4073 1215 4117 non
1239 4052 1394 4127 diiudico,
1418 4051 1499 4116 illud
1525 4074 1617 4139 nego.

433 4157 682 4225 concedendum
705 4166 752 4224 est
775 4160 832 4223 ubi
854 4157 975 4223 milites
998 4164 1214 4243 proponantur
1231 4160 1346 4222 armati
1365 4158 1492 4223 thorace
1510 4164 1617 4236 aeneo,

431 4264 555 4350 clipeo,
588 4266 704 4338 ocreis,
730 4266 784 4329 rix
808 4264 941 4329 dubium
967 4284 1034 4329 esse
1057 4266 1136 4349 quin
1158 4262 1305 4350 intellegi
1328 4269 1438 4349 poetae
1457 4263 1618 4330 voluerint

430 4391 540 4438 ocreas
565 4376 684 4436 aeneas.
713 4370 775 4436 Sed
798 4390 904 4436 coreas
927 4376 1062 4435 scorteae
1086 4390 1212 4455 quoque
1234 4372 1275 4434 iis
1298 4375 1387 4435 notas
1408 4372 1521 4447 fuisse,
1545 4370 1618 4435 inde

431 4481 584 4562 apparet,
612 4475 695 4561 quod
720 4475 849 4541 Latrtes
873 4500 894 4538 o
914 4473 980 4540 228
1005 4474 1164 4539 eiusmodi
1187 4495 1292 4539 ocreas
1310 4474 1425 4539 induit.
1450 4472 1618 4540 Eiusmodi

431 4603 541 4649 ocreas
575 4583 642 4647 sine
672 4583 857 4648 necessitate
880 4581 1000 4646 Rcbert
1021 4580 1139 4646 infitias
1160 4583 1187 4645 it
1211 4580 1249 4645 ad
1274 4602 1369 4646 usum
1392 4580 1543 4647 bellicum
1567 4581 1619 4647 ad·

436 4736 632 4746 ‘—

468 4810 493 4870 1)
510 4807 536 4858 ll.
554 4824 577 4873 p.
594 4810 683 4871 urqq.
