4525 5950
653 677 697 743 96
1169 695 1311 744 necrus.

696 860 849 926 Inductus
873 861 979 926 verbis
1001 862 1117 925 vitiose
1141 861 1269 953 traditis
1292 868 1363 946 post
1383 862 1528 938 „aciem”
1547 861 1705 928 excidisse
1725 881 1843 947 ,quam

651 967 783 1053 pacem”
815 967 984 1053 putabam,
1008 968 1152 1033 nondum
1175 971 1304 1054 cognita
1327 971 1447 1034 eximia
1469 968 1715 1056 Bersenbargeri
1739 991 1843 1036 eman-

651 1073 792 1140 datione:
817 1074 1058 1160 expeditionum
1076 1074 1229 1139 feracium
1241 1075 1399 1157 praemia,
1419 1099 1506 1161 paam
1524 1077 1680 1160 stipendia
1699 1077 1841 1156 malebat,

650 1202 730 1266 quae
754 1184 943 1268 quantocius
968 1181 1147 1267 recipienda
1170 1182 1309 1247 videtur.

695 1400 727 1466 II
752 1400 804 1477 13,
819 1397 849 1466 7.
881 1402 976 1465 Aacit
996 1400 1143 1464 invidiam
1159 1401 1321 1484 praeclaro
1341 1403 1472 1484 erernplo
1485 1402 1610 1488 semina
1628 1402 1742 1485 Dipsas,
1768 1425 1842 1489 qnae

652 1507 716 1570 ntia
739 1508 840 1571 addito
850 1556 857 1585 ,
878 1530 941 1571 cnm
958 1507 1050 1571 simrd
1061 1508 1222 1590 pecaniam
1241 1508 1387 1571 occultari
1406 1508 1517 1571 milites
1535 1509 1735 1572 credidissent
1754 1531 1842 1594 eoque

644 1636 704 1696 per
732 1614 882 1677 cruciatus
903 1615 1139 1695 interroparent,
1163 1615 1214 1677 soi
1228 1615 1334 1698 fidiam
1358 1615 1519 1692 occuleret,
1543 1622 1660 1678 dmm
1683 1617 1842 1679 ostendens

652 1719 745 1795 <ibi>
770 1719 865 1783 intere
885 1720 1050 1803 respondit.
1263 1702 1268 1711 ’

695 1825 742 1892 De
771 1825 900 1890 Ernesti
927 1830 1106 1892 coniectura
1137 1826 1323 1913 suppletum
1354 1834 1404 1893 est
1429 1827 1527 1904 „ibi'’.
1550 1830 1594 1891 st
1617 1826 1750 1892 facilius
1774 1835 1843 1912 post

649 1934 812 1998 ostendens
834 1932 917 1998 elabi
940 1937 1047 2018 potuit
1073 1937 1126 2011 ,iu
1150 1934 1217 2012 se”,
1241 1934 1327 2019 quod
1350 1955 1449 2020 neque
1471 1941 1585 2020 aptum
1606 1942 1666 2000 est.

694 2137 725 2202 II
749 2136 792 2202 38
816 2145 896 2203 extr.
920 2161 999 2201 nmsc
1021 2141 1181 2202 adrerum
1204 2136 1338 2203 ordinem
1360 2143 1465 2205 venio.

695 2244 876 2310 Sententiae
902 2244 1065 2310 consuluit
1088 2245 1233 2310 Heraens
1258 2250 1440 2312 coniectura
1462 2267 1521 2312 sua
1545 2245 1693 2323 „redeo”,
1721 2247 1778 2312 sed
1801 2247 1843 2311 fs·

648 2349 738 2417 cilior
762 2354 912 2416 munatio
935 2351 1063 2417 ridetur
1083 2354 1316 2431 „<ro>venio'’,
1336 2375 1398 2439 quo
1415 2354 1512 2419 verbo
1530 2356 1608 2418 satis
1627 2356 1755 2419 usitato
1774 2357 1841 2440 ipse

649 2456 778 2522 Tacitus
802 2479 879 2523 usus
901 2463 950 2522 est
972 2459 1055 2523 Anu.
1080 2457 1111 2522 11
1136 2457 1188 2523 24.

692 2677 750 2755 III,
775 2676 829 2754 68,
842 2676 896 2742 23.
928 2677 1021 2741 Nihil
1049 2677 1111 2741 tate
1141 2686 1198 2755 (sc.
1222 2676 1315 2762 quale
1339 2699 1423 2743 nnnc
1445 2680 1480 2742 in
1502 2677 1647 2759 Vitellio)
1680 2681 1838 2756 videam,

647 2785 729 2848 nihil
761 2785 938 2849 audierant:
972 2785 1130 2867 repentina
1160 2785 1207 2847 nis
1237 2785 1412 2849 dictatorem
1445 2787 1597 2850 &maren
1628 2795 1837 2869 oppresserat,

648 2891 780 2954 occultae
812 2891 918 2954 Gaium
948 2891 1097 2968 incidiae,
1128 2913 1184 2954 non
1218 2898 1246 2954 et
1276 2891 1408 2972 ipnotnm
1430 2915 1482 2955 ras
1494 2893 1610 2978 sapam
1632 2893 1771 2957 Neronis
1794 2894 1838 2956 ad

646 3000 844 3073 scanderent5
868 2999 939 3061 Piso
962 3006 991 3061 et
1017 2998 1114 3061 Galba
1139 3006 1286 3083 tamqnam
1309 3000 1343 3062 in
1365 3000 1430 3063 acie
1452 3000 1592 3064 cecidere.

692 3103 740 3169 Da
770 3103 894 3169 Othone
917 3112 950 3169 et
971 3107 1041 3190 ipso
1066 3109 1254 3190 „tamquam
1278 3109 1311 3169 in
1335 3108 1400 3171 acia
1423 3105 1534 3171 oaeso”
1554 3106 1607 3185 (ef.
1632 3105 1664 3170 11
1688 3106 1734 3171 46
1747 3114 1833 3193 sqq.),

646 3213 799 3296 quisvis
823 3211 916 3276 silere
940 3214 1045 3296 potuit
1069 3209 1216 3288 Tacitus,
1241 3215 1377 3277 conieci:

692 3317 763 3381 Piso
787 3325 815 3381 et
841 3318 937 3382 Galba
961 3325 1018 3389 <et
1041 3315 1149 3391 Otho>
1174 3325 1321 3404 tamquam
1344 3319 1377 3382 in
1401 3320 1465 3382 acie
1488 3319 1627 3382 cecidme.

690 3536 736 3602 ΠΙ
760 3534 880 3615 7215.
912 3537 982 3619 Ipse
1012 3538 1144 3600 tauream
1166 3545 1267 3619 posiae
1284 3560 1428 3620 prospere
1450 3538 1495 3600 rei
1517 3539 1559 3600 ad
1572 3538 1714 3622 fratrem
1738 3539 1827 3612 mint,

643 3651 850 3725 percontatae,
874 3645 976 3708 statim
998 3645 1116 3725 repredi
1138 3667 1170 3708 se
1193 3668 1233 3708 on
1249 3646 1473 3727 perdomandae
1498 3646 1678 3726 Campaniae
1697 3647 1828 3709 insistere

644 3750 766 3815 inderet.
813 3751 899 3833 Quod
937 3750 1072 3813 scintme
1101 3773 1161 3814 non
1191 3752 1274 3815 modo
1299 3752 1441 3832 partitus
1478 3750 1674 3833 Vespasiani,
1708 3754 1763 3816 sed
1790 3749 1828 3813 rei

639 3858 781 3940 paddicoe
797 3858 881 3944 fait.

690 3963 860 4029 Manifesta
880 3969 952 4048 post
970 3964 1105 4028 verbum
1124 3963 1237 4027 iuberet
1256 3963 1374 4028 excidit
1392 3964 1426 4028 id
1444 3966 1569 4049 ipsum,
1590 3962 1676 4048 quod
1697 3964 1828 4029 salutare

644 4070 743 4135 fnisse
773 4070 855 4134 dixit
886 4069 1033 4144 Tacitus,
1066 4068 1187 4134 scilicet
1219 4069 1311 4146 „Hoc
1341 4069 1452 4135 iubst’'
1484 4073 1505 4135 i.
1526 4090 1553 4134 e.
1579 4068 1828 4155 „perdomandae

644 4174 837 4262 Campaniae
867 4176 1045 4241 insistere”.
1079 4175 1157 4241 Vide
1189 4179 1363 4261 sequentia.
1403 4174 1555 4241 Damstio
1588 4176 1722 4241 forsitan
1754 4185 1829 4242 recta

645 4283 787 4348 sufficere
810 4282 938 4347 videtur
962 4281 1100 4359 (Iubet)
1124 4285 1204 4368 qaod
1225 4289 1285 4348 etc.

689 4486 717 4550 V
741 4484 771 4564 7,
785 4484 838 4552 27.
865 4484 910 4551 De
934 4484 1082 4552 Sodomis
1104 4488 1240 4551 interitu
1262 4484 1391 4551 Tacitus
1414 4486 1491 4550 haec
1511 4485 1639 4550 scribit:
1660 4485 1727 4566 Epo
1746 4483 1830 4549 sirati

644 4593 774 4657 inchctaa
809 4595 955 4678 qnondam
988 4595 1073 4657 nrbes
1107 4593 1176 4675 ipne
1211 4593 1331 4656 caelesti
1357 4594 1509 4676 flaprasse
1545 4594 1754 4671 concesserim,
1790 4593 1830 4654 ita

642 4700 746 4764 tabita
779 4700 862 4762 inmas
892 4699 977 4782 infici
1009 4707 1135 4776 teram,
1167 4700 1315 4782 corrumpi
1345 4699 1539 4783 superfusam
1569 4698 1725 4780 spiritam,
1750 4719 1831 4784 eopse

636 4807 728 4892 fetas
750 4813 878 4887 repetam
901 4813 929 4871 et
952 4807 1086 4870 automni
1104 4814 1276 4888 putrescere
1294 4829 1370 4884 reor,
1394 4806 1456 4870 soie
1474 4805 1612 4891 caeloque
1631 4804 1722 4870 insta
1737 4804 1828 4888 proni.
