4525 5950
649 713 715 786 226
1166 736 1322 790 boninus.

646 904 763 970 Donati
800 908 1077 991 interpretationes
1117 927 1209 972 sanas
1251 914 1283 973 et
1322 907 1420 973 utiles
1457 907 1648 994 interpolat,
1685 909 1844 996 corrigit,

647 1014 780 1088 evertit,
806 1012 883 1077 dum
908 1019 1013 1079 totum
1037 1021 1256 1080 commentum
1279 1014 1564 1101 philosophematis
1587 1018 1657 1081 suis
1677 1027 1794 1082 onerat
1814 1025 1846 1083 at

648 1118 810 1206 depravat.

690 1293 776 1360 Prol.
801 1294 854 1359 22.
879 1294 1001 1362 Dehinc
1024 1302 1062 1360 nt
1085 1299 1250 1381 quiescant
1272 1318 1367 1383 porro
1390 1319 1514 1364 moneo.

689 1401 789 1467 Dan:
821 1424 932 1469 moneo
962 1401 1150 1468 terribiliter
1180 1403 1273 1468 dixit.
1308 1402 1419 1472 Oicero
1453 1409 1486 1470 in
1519 1403 1670 1470 Verrem:
1709 1427 1847 1483 moneo,

645 1510 809 1594 praedico,
840 1517 914 1575 ante
944 1509 1096 1576 denuntio
1126 1508 1155 1590 (l
1181 1510 1209 1576 1.
1224 1510 1291 1590 36).
1380 1512 1466 1592 Quae
1496 1519 1607 1578 autem
1638 1520 1849 1598 sequuntur:

646 1615 821 1693 „liberatus
851 1614 945 1701 culpa
975 1619 1073 1683 etiam
1104 1624 1202 1682 terret
1234 1617 1311 1684 alibi
1340 1623 1568 1686 criminaturus
1603 1619 1848 1696 adversarios”,

645 1723 723 1788 haec
751 1722 837 1788 haud
866 1727 932 1789 scio
962 1744 1001 1789 an
1026 1723 1150 1790 Donato
1173 1723 1241 1789 dari
1264 1728 1363 1791 etiarn
1387 1730 1508 1813 possint
1531 1748 1587 1812 pro
1611 1726 1848 1814 supplemento

646 1829 861 1915 praecedentis
885 1830 1010 1896 scholii:

691 1998 707 2063 l
731 1998 760 2063 l.
775 1997 805 2063 3.
832 1998 934 2075 „dra”
960 1998 1022 2062 rixi
1046 2007 1102 2074 τῆς
1126 2002 1238 2080 ἀρετῆς
1261 2000 1346 2066 dicta
1369 2009 1418 2066 est
1442 2022 1499 2087 par
1522 2002 1700 2078 σνγκοπήν.

691 2105 743 2172 Sic
761 2105 907 2171 Donatus
927 2107 1072 2185 docebat,
1093 2114 1174 2172 teste
1193 2107 1307 2173 Servio
1324 2111 1359 2172 in
1378 2114 1447 2173 arte
1464 2107 1545 2173 Don.
1560 2106 1605 2171 IV
1619 2107 1703 2187 405,
1726 2107 1846 2175 Isidoro

646 2210 736 2299 Orig.
756 2212 772 2277 l
793 2211 822 2276 1.
847 2211 1063 2297 Philosophus
1086 2213 1147 2277 hoc
1170 2215 1216 2278 ita
1240 2213 1362 2300 explet:
1388 2216 1481 2294 ἀρετή
1507 2221 1618 2279 autem
1643 2218 1760 2280 virtus
1785 2224 1844 2291 est;

648 2321 778 2383 virtutis
801 2339 877 2384 vero
901 2324 1054 2403 quattuor
1074 2318 1239 2406 generales
1262 2329 1338 2385 sunt
1361 2323 1497 2405 species:
1521 2320 1701 2405 prudentia
1721 2323 1845 2387 iustitia

645 2427 801 2511 patientia
823 2425 994 2505 fortitudo;
1019 2425 1074 2490 sed
1098 2425 1267 2511 prudentia
1289 2429 1322 2490 in
1347 2425 1461 2491 multis
1485 2426 1579 2491 rebus
1604 2424 1791 2493 descendit.

690 2606 779 2674 Idem
810 2608 851 2674 ad
881 2631 928 2674 vs.
955 2608 975 2673 6
1005 2611 1082 2675 haec
1111 2593 1260 2674 adnotat:
1286 2612 1354 2694 ipsa
1378 2610 1431 2674 hic
1454 2611 1679 2695 signatissime
1706 2611 1842 2677 ostendit

645 2714 766 2780 multas
798 2718 965 2800 variasque
997 2722 1082 2781 artes
1113 2736 1198 2794 esse,
1228 2715 1262 2779 id
1293 2722 1341 2780 est
1370 2717 1501 2793 riparia,
1525 2736 1606 2799 quae
1630 2718 1780 2783 virtutes
1803 2721 1842 2782 in·

645 2821 852 2909 telliguntur.

692 3007 745 3073 10.
777 3006 913 3073 Dulcem
942 3007 1125 3073 libertatem
1153 3007 1228 3071 fecit
1251 3007 1433 3092 operatione
1456 3011 1488 3071 at
1511 3008 1709 3071 tractatione
1734 3007 1840 3072 verbo·

645 3138 719 3181 rum
751 3116 898 3181 dicendo:
932 3137 992 3191 „ax
1020 3135 1111 3180 servo
1142 3113 1334 3192 libertum”;
1360 3115 1533 3179 nonenim
1558 3120 1687 3177 tantam
1712 3115 1838 3179 haberet

645 3227 801 3311 gratiam,
835 3226 862 3288 si
894 3223 1026 3287 dixisset
1051 3222 1132 3299 „feci
1155 3220 1291 3286 libertus
1315 3226 1354 3285 nt
1375 3220 1492 3297 ceses''‚
1515 3218 1569 3285 sed
1595 3240 1657 3298 „ex
1684 3242 1782 3286 servo
1807 3226 1839 3284 ut

643 3352 726 3397 esses
748 3328 917 3405 libertus’',
942 3350 978 3394 ac
1001 3332 1028 3393 si
1051 3331 1123 3413 quis
1148 3328 1231 3394 dicat
1255 3328 1336 3405 „feci
1360 3335 1396 3392 ut
1420 3348 1504 3392 asses
1527 3327 1660 3402 sanus'’,
1687 3350 1753 3393 non
1779 3336 1840 3393 tan-

644 3445 712 3503 tam
742 3436 873 3501 haberet
904 3438 1061 3521 gratiam,
1092 3456 1190 3520 quam
1221 3437 1249 3499 si
1280 3435 1365 3499 dicat
1388 3433 1470 3511 „ieci
1494 3440 1531 3498 ut
1554 3454 1592 3497 ex
1618 3453 1722 3520 aegro
1748 3455 1839 3500 saum

645 3542 761 3608 esses”.

690 3710 792 3776 Paulo
813 3716 885 3795 post
905 3713 1064 3795 sequitur:
1085 3715 1141 3774 aut
1160 3708 1231 3773 ideo
1246 3707 1369 3783 „mihi”
1383 3707 1545 3785 additum,
1560 3710 1635 3792 quia
1649 3707 1795 3777 libertus
1807 3710 1841 3776 ad

645 3818 767 3903 aliquid
787 3817 915 3881 dicitur.
983 3815 1073 3881 Sitne
1092 3816 1152 3881 hoc
1171 3821 1279 3881 nostro
1298 3836 1337 3879 an
1357 3813 1414 3879 alii
1434 3817 1589 3900 magistro
1609 3816 1840 3892 tribuendum,

645 3947 708 3989 non
732 3924 883 3988 discerno.
909 3921 1024 3988 Simile
1046 3922 1169 4007 legitur
1192 3921 1231 3987 ad
1255 3920 1301 3986 III
1329 3919 1565 3985 1.18:n0m0n
1585 3927 1634 3985 est
1655 3923 1699 3987 ad
1719 3923 1841 4010 aliquid

645 4029 838 4117 discipulus,
872 4037 910 4094 ut
943 4032 1107 4116 magister.
1142 4027 1190 4093 De
1224 4029 1282 4092 hoc
1317 4028 1467 4113 dogmate
1498 4027 1603 4092 confer
1635 4028 1843 4096 Priscianum

644 4138 660 4202 1
685 4138 737 4215 60,
762 4138 793 4202 11
818 4136 899 4202 218:
925 4137 963 4202 ad
988 4136 1109 4221 aliquid
1129 4134 1253 4200 dictum
1273 4139 1337 4210 est,
1358 4133 1442 4219 quod
1461 4136 1528 4199 sine
1547 4132 1723 4201 intellectu
1744 4138 1842 4212 illius,

645 4244 684 4309 ad
704 4244 788 4330 quod
808 4244 1014 4318 dictumest,
1035 4241 1170 4328 proferri
1188 4262 1250 4306 non
1269 4246 1389 4326 potest,
1409 4247 1445 4303 ut
1464 4239 1568 4315 filius,
1589 4260 1726 4320 serviis,
1741 4265 1842 4330 e.q.s

691 4428 862 4513 Propterea
886 4425 968 4512 quod
993 4426 1134 4490 servibas
1156 4422 1332 4488 liberaliter

691 4533 739 4613 (1)
764 4530 1069 4610 „Liberaliter”
1094 4531 1211 4606 bene,
1236 4532 1312 4614 quia
1336 4529 1571 4593 omnebonum
1595 4526 1703 4596 libero
1727 4541 1841 4619 aptum

647 4647 711 4719 est,
736 4639 860 4704 malum
885 4660 986 4703 servo.
1012 4636 1121 4701 Idem
1145 4634 1251 4701 alibi
1274 4634 1347 4712 (Ad.
1372 4634 1415 4699 IV
1440 4631 1652 4714 5.28-30):
1680 4636 1842 4704 factum

648 4754 711 4812 est
741 4769 759 4812 a
790 4747 907 4810 nobis
1048 4739 1377 4806 inliberaliter¹’.
1414 4740 1462 4818 (2)
1492 4739 1541 4804 ut
1574 4741 1681 4806 bene
1714 4745 1842 4809 admo

648 4857 756 4929 nuit,
777 4873 848 4916 cur
868 4850 1031 4916 dederit
1049 4847 1321 4923 beneficium,
1343 4846 1481 4912 eadem
1502 4852 1541 4910 at
1558 4867 1670 4913 nnnc
1691 4850 1843 4916 officia
