4525 5950
973 691 1113 740 3333333.
1591 676 1633 743 77

439 863 476 924 in
500 858 584 923 iliud
608 863 737 942 tempus
759 857 919 920 dubitandi
942 858 1076 922 verbum
1100 879 1163 922 nou
1187 861 1354 934 convenit,
1379 880 1481 944 neque
1502 862 1632 926 omuino

439 965 567 1042 ullum,
600 985 663 1050 quo
680 964 790 1048 socero
813 963 935 1049 aliquid
959 963 1134 1029 Scaevinus
1157 964 1365 1051 significetur.
1397 965 1440 1030 Ut
1464 969 1530 1032 iam
1554 967 1635 1033 dice·

438 1073 535 1147 bam,
559 1073 736 1156 requiritur
762 1070 893 1135 verbum
912 1077 1022 1134 coaeum
1041 1070 1294 1156 condicionemque
1314 1070 1460 1136 Scaevini
1479 1072 1633 1140 iudicans.

438 1177 631 1264 Legeudum
663 1198 730 1242 esse
762 1180 921 1262 suspicor:
955 1176 1054 1254 „dum
1079 1176 1195 1242 dubius
1218 1176 1433 1243 Scaevinus'':
1458 1179 1535 1245 dum
1560 1203 1635 1247 uon·

439 1286 521 1350 dum
553 1292 677 1350 certum
702 1290 771 1349 erat
793 1281 921 1368 qualem
943 1304 976 1348 se
999 1282 1203 1369 praebiturus
1226 1290 1308 1349 esset
1331 1284 1521 1365 Scaevinus,
1545 1288 1635 1353 forti·

438 1398 532 1457 terne
555 1392 821 1477 interrogationes
845 1396 940 1475 atque
963 1391 1062 1454 etiam
1086 1394 1246 1455 tormenta
1269 1390 1479 1472 toleraturus,
1504 1413 1544 1458 an
1564 1415 1634 1460 con·

437 1502 582 1569 fossurus
606 1518 873 1584 communemque
898 1497 1083 1583 proditurus
1106 1518 1246 1563 oausam.

486 1718 523 1781 A.
548 1714 618 1792 XV,
644 1713 696 1780 63.
723 1712 769 1779 De
791 1711 927 1778 Senecae
951 1716 1054 1777 morte
1078 1716 1111 1776 et
1135 1709 1253 1776 aliast
1275 1711 1352 1776 baec
1375 1710 1532 1798 legimus:

488 1823 693 1901 „Novissimo
722 1841 848 1906 quoque
879 1825 1043 1884 momento
1071 1816 1294 1903 suppeditante
1316 1816 1514 1904 eloquentia,
1539 1821 1631 1887 advo

436 1932 519 1995 catis
548 1927 759 2014 scriptoribus
790 1925 941 2012 pleraque
973 1923 1121 2002 tradidit,
1147 1926 1283 2009 quae-iu
1308 1923 1429 2011 vulgus
1453 1927 1538 1992 edita
1561 1932 1631 1994 eius

436 2036 544 2100 verbis
567 2037 728 2099 invertere
752 2031 972 2119 supersedeo.''

486 2141 576 2206 Istud
597 2142 660 2204 eiua
681 2139 776 2204 verbis
795 2160 870 2203 cum
889 2137 972 2202 edita
991 2136 1194 2224 iungendum
1206 2157 1273 2202 esse
1286 2142 1394 2203 monet
1406 2138 1628 2226 Nipperdeiue,

437 2256 472 2315 et
504 2269 614 2314 revera
644 2268 683 2312 ne
714 2252 819 2332 potest
850 2245 980 2331 quidem
1012 2266 1086 2310 cum
1118 2243 1185 2309 ullo
1209 2243 1273 2309 alio
1295 2247 1389 2331 iungi
1412 2246 1526 2325 verbo,
1551 2251 1629 2333 quin

437 2354 534 2441 plane
564 2357 606 2420 sit
628 2353 802 2419 absurdum
827 2358 859 2417 et
883 2358 997 2417 ennete
1019 2351 1194 2436 perturbet.
1219 2348 1339 2415 Verum
1362 2351 1440 2436 quid
1463 2353 1525 2418 sibi
1548 2354 1631 2434 vult,

437 2465 466 2526 si
499 2464 565 2526 iarn
596 2482 670 2526 cum
702 2461 784 2525 odito
813 2462 961 2524 iunctum
991 2456 1060 2524 est?
1091 2458 1191 2523 Plane
1221 2478 1457 2543 supervacuum
1487 2461 1625 2529 videtur.

437 2569 554 2632 Annon
585 2588 635 2632 res
658 2568 728 2652 ipsa
750 2566 902 2652 loquitur,
928 2586 1009 2650 quae
1033 2585 1051 2629 3
1075 2563 1327 2649 „scriptoribus”
1352 2586 1390 2629 ex
1415 2586 1469 2632 ore
1492 2565 1628 2635 Senecae

440 2677 507 2739 sint
538 2681 685 2759 excepta,
715 2674 840 2737 Seoecoe
869 2671 965 2736 verbio
988 2675 1023 2736 in
1046 2669 1167 2757 vulgus
1190 2670 1276 2735 edita
1299 2669 1389 2736 esse?
1412 2672 1531 2752 Quodsi
1556 2679 1628 2762 quis

436 2788 547 2845 tamen
578 2779 757 2844 addendum
788 2778 948 2844 eiusmodi
978 2777 1100 2862 aliquid
1123 2776 1223 2841 fuisse
1245 2782 1355 2862 putat,
1379 2783 1417 2842 ut
1439 2787 1522 2845 esset
1544 2783 1629 2867 quod

436 2889 480 2965 τῷ
506 2887 652 2950 invertere
674 2892 886 2972 opponeretur
910 2923 953 2933 -
977 2904 1079 2949 noune
1103 2883 1155 2948 bic
1175 2882 1344 2948 dicendum
1365 2886 1630 2969 33331ρεὶ33333-

435 2997 499 3072 613,
523 2994 619 3080 idque
643 3000 716 3059 aute
739 2995 821 3058 edito
845 2989 1049 3079 ponendum?
1072 2990 1135 3056 His
1159 2994 1323 3077 perpensis
1346 2993 1428 3058 mihi
1452 3015 1491 3060 ne
1514 2997 1629 3063 umbra

435 3100 567 3187 quidem
600 3106 699 3166 restat
721 3100 928 3166 dubitationis
951 3101 1027 3185 quin
1051 3096 1227 3185 legendum
1251 3101 1311 3163 sit:
1339 3100 1429 3174 „nmis
1453 3103 1558 3168 verbis
1582 3106 1630 3168 in-

434 3214 561 3274 vertere
584 3205 804 3292 supersedeo.''
830 3204 879 3272 Of.
904 3204 987 3291 quod
1009 3226 1036 3269 c.
1062 3202 1122 3269 67:
1147 3203 1255 3269 Subrii
1274 3203 1380 3269 Flavii
1400 3227 1549 3292 responso
1569 3216 1629 3275 tra·

435 3316 505 3379 dito
524 3314 668 3378 additur:
691 3316 781 3398 „ipsa
800 3310 912 3378 rettuli
934 3312 1045 3388 verba,
1068 3313 1144 3397 quia
1164 3332 1244 3389 pou,
1265 3318 1302 3375 ut
1321 3309 1475 3392 Senecae,
1492 3314 1629 3404 vulgata

437 3428 546 3497 erant,
574 3441 631 3485 uec
661 3422 768 3485 minus
792 3422 878 3485 nosci
901 3418 1029 3484 decebat
1054 3417 1205 3482 militaris
1230 3420 1293 3482 viri
1316 3439 1426 3483 sensus
1449 3422 1629 3509 incomptos

435 3536 469 3593 et
490 3525 647 3603 validos’',
667 3527 735 3609 ipso
753 3526 846 3590 retuli
864 3525 951 3590 uerbo
969 3528 991 3590 i.
1010 3546 1036 3589 e.
1060 3545 1142 3601 „nou
1162 3526 1244 3589 meis
1264 3525 1371 3590 verbis
1391 3524 1482 3592 Flavi
1502 3550 1628 3615 respon·

434 3655 508 3698 sum
534 3633 684 3697 inverti.”

481 3739 601 3805 Statim
623 3745 695 3825 post
713 3737 795 3803 illud
814 3736 919 3803 Flavii
940 3758 1129 3823 responsum
1149 3736 1312 3802 adduntur
1330 3738 1408 3804 13333
1427 3744 1508 3826 (cap.
1522 3742 1625 3824 eod.):

483 3845 595 3925 „Nihil
625 3848 659 3910 in
689 3844 746 3910 illa
769 3847 986 3910 coniuratione
1009 3846 1143 3931 gravius
1166 3845 1297 3910 auribus
1320 3844 1454 3911 Neronis
1476 3848 1626 3916 accidisse

434 3957 598 4032 constitit,
631 3955 686 4039 qui
716 3958 754 4017 ut
785 3952 937 4017 faciendis
968 3951 1140 4018 sceleribus
1170 3958 1356 4037 promptus,
1387 3955 1434 4017 ita
1456 3954 1625 4036 audiendi,

433 4082 516 4148 quae
539 4061 674 4136 faceret,
698 4057 838 4123 insolens
861 4057 960 4123 erat.'’

482 4168 519 4232 lu
542 4187 620 4232 voce
643 4187 672 4251 q.
685 4187 712 4231 e.
727 4165 851 4249 soccret
870 4167 1093 4230 coniunctivus
1113 4165 1240 4249 probari
1260 4167 1387 4251 nequit:
1409 4187 1518 4233 sensus
1538 4172 1625 4235 enim

433 4282 501 4340 est:
529 4292 713 4358 „nunquam
737 4271 822 4337 Nero
847 4271 931 4336 facta
954 4292 1011 4336 sua
1034 4293 1091 4337 suo
1110 4274 1241 4337 nomine
1261 4270 1415 4356 appellari
1434 4274 1630 4354 audiebat'';·

433 4381 662 4466 imperfectum
686 4386 814 4465 tempus
836 4400 951 4464 parum
974 4382 1097 4443 rectum
1122 4378 1267 4455 videtum
1293 4399 1368 4443 nam
1391 4379 1624 4468 multomagis

432 4487 487 4553 bic
522 4507 625 4551 sermo
660 4492 708 4551 est
742 4484 780 4549 de
814 4486 855 4549 iis
889 4484 983 4550 rebus
1018 4505 1096 4569 quas
1127 4484 1183 4549 diu
1214 4490 1287 4549 ante
1317 4484 1400 4549 Nero
1428 4490 1624 4572 perpetravit

432 4613 531 4678 quam
563 4592 600 4657 de
632 4594 673 4655 iis
704 4593 738 4655 in
762 4590 878 4676 quibus
902 4611 977 4656 cum
1000 4592 1140 4655 maxime
1164 4596 1319 4655 vomatur.
1344 4590 1479 4677 Utrique
1503 4594 1623 4660 incom-

431 4698 530 4764 modo
552 4697 717 4764 lenissima
739 4698 904 4763 subveniri
927 4702 1033 4783 potest
1056 4700 1257 4763 correctione.
1283 4696 1428 4762 Duarum
1447 4702 1534 4765 enim
1553 4699 1623 4768 lite·

432 4804 578 4872 cularum
605 4806 848 4891 transpositione
871 4827 928 4891 pro
945 4806 1070 4892 foccrct
1091 4803 1265 4892 legendum
1288 4805 1425 4871 arbitror
1441 4807 1576 4893 fecorat.
