4525 5950
977 693 1119 744 ramnus.
1573 678 1639 747 827

449 857 603 941 signum,
627 863 664 920 nt
688 858 733 921 sic
756 858 968 943 Agrippinam
993 859 1145 942 corripiat
1165 856 1328 923 Tiberius:
1352 880 1432 934 ,non
1453 859 1640 937 dominaris,

449 960 567 1027 filiola:
592 966 647 1048 qni
670 984 747 1049 ergo
772 970 839 1028 tam
863 963 965 1028 stulta
987 984 1056 1028 esse
1080 968 1168 1054 potes
1191 970 1226 1028 ut
1250 966 1401 1030 iniuriam
1425 971 1458 1030 te
1477 967 1641 1030 existimes

449 1067 636 1153 acciperel''

496 1174 550 1252 IV,
578 1175 630 1240 50.
657 1173 739 1243 Cum
765 1173 902 1262 Capreas
925 1176 1028 1241 abiret
1051 1175 1216 1240 Tiberius:
1581 1254 1584 1259 Ι

497 1281 662 1358 „ferebant
695 1284 792 1368 periti
828 1281 1015 1347 caelestium
1048 1285 1089 1346 iis
1123 1282 1268 1347 motibus
1298 1282 1440 1347 siderum
1470 1286 1640 1349 excessisse

448 1385 634 1464 Tiberium,
667 1395 704 1452 nt
734 1388 856 1453 reditus
887 1386 936 1452 illi
967 1394 1148 1474 negaretur.
1181 1387 1272 1453 Unde
1295 1391 1388 1454 exitii
1410 1410 1504 1455 causa
1527 1388 1640 1454 multis

448 1492 514 1557 fnit
536 1515 707 1580 properum
731 1494 826 1560 finem
847 1497 933 1559 vit-ae
953 1495 1205 1559 coniectantibus
1224 1493 1506 1582 vulgantibusque.
1531 1495 1641 1581 Neque

448 1603 536 1665 enim
561 1607 629 1666 tam
651 1601 871 1667 incredibilem
896 1622 1007 1666 casum
1030 1601 1259 1686 providebant,
1283 1609 1320 1667 ut
1344 1603 1491 1667 undecim
1515 1624 1571 1688 per
1590 1623 1642 1667 an·

446 1728 505 1771 nos
535 1706 638 1773 libens
669 1711 773 1794 patria
803 1712 932 1773 careret.
963 1706 1041 1772 Mox
1065 1711 1171 1793 patuit
1193 1709 1289 1773 breve
1312 1708 1484 1773 confinium
1507 1711 1585 1774 artis
1609 1716 1641 1774 et

446 1813 539 1891 falsi,
573 1836 710 1901 veraque
742 1835 839 1900 qnam
871 1815 1015 1880 obscuris
1046 1820 1240 1901 tegerentur.
1272 1814 1356 1880 Nam
1384 1818 1418 1879 in
1441 1817 1553 1881 urbem
1576 1838 1639 1881 non

446 1941 673 2005 regressurum
703 1922 790 1987 haud
822 1923 904 1987 forte
933 1921 1074 1987 dictum:
1105 1928 1284 1988 ceterorum
1308 1924 1405 1987 nescii
1429 1943 1539 2010 egere,
1564 1945 1638 1988 eum

444 2029 625 2113 propinquo
655 2049 728 2093 rure
758 2034 815 2093 aut
843 2027 937 2093 litore
969 2035 1001 2093 et
1031 2048 1123 2113 saepe
1156 2032 1283 2094 moenia
1304 2029 1393 2095 urhis
1418 2028 1562 2094 adsidens
1586 2052 1638 2095 ex-

444 2140 584 2199 tremam
608 2141 767 2200 senectam
791 2134 1002 2221 expleverit.”

491 2239 614 2306 Locum
637 2262 655 2306 a
678 2240 788 2306 Tacito
813 2240 982 2306 artificiose
1006 2245 1166 2306 structum
1191 2263 1254 2306 vox
1278 2249 1437 2305 ceterorum
1455 2242 1621 2326 perturbat
1627 2263 1635 2320 ;

447 2368 523 2412 nam
546 2369 649 2433 neque
673 2369 754 2435 quae
777 2357 874 2413 cetera
892 2351 955 2413 ista
974 2350 1039 2412 sint
1058 2350 1136 2413 satis
1155 2356 1259 2434 patet,
1279 2370 1381 2433 neque
1400 2371 1450 2411 are
1468 2355 1501 2412 et
1512 2350 1637 2435 falcem

448 2453 526 2518 bene
557 2453 764 2532 dirimuntur,
797 2461 830 2520 et
860 2455 953 2536 nendi
981 2476 1065 2519 nunc
1093 2454 1243 2518 dicuntur
1265 2454 1364 2519 iidem
1388 2457 1443 2540 qui
1465 2458 1499 2519 in
1522 2457 1635 2520 urbem

445 2581 508 2624 non
540 2582 762 2646 regressurum
791 2560 877 2626 haud
908 2561 988 2626 forte
1019 2560 1182 2637 dixerant,
1216 2560 1300 2646 quod
1331 2569 1415 2625 certe
1447 2583 1509 2626 non
1533 2562 1637 2627 voluit

443 2664 592 2744 Tacitus3
626 2690 689 2733 non
720 2689 923 2733 reversurum
946 2666 1112 2732 Tiberium
1146 2667 1366 2752 praedixerant
1396 2669 1635 2747 mathematici,

442 2772 498 2836 sed
530 2794 593 2858 quo
623 2773 718 2839 modo
747 2773 829 2839 illud
861 2776 1054 2838 vaticinium
1085 2780 1168 2838 esset
1198 2774 1417 2858 accipiendum
1441 2796 1543 2860 neque
1567 2797 1635 2861 pro

441 2882 672 2945 nuntiaverant
702 2901 803 2966 neque
835 2882 1073 2964 quaesiverant:
1106 2883 1141 2944 in
1173 2901 1209 2946 ea
1240 2902 1273 2945 re
1302 2880 1494 2966 exploranda
1517 2882 1635 2947 frustra

441 2986 653 3052 desudaverat
675 2991 900 3073 imperitorum
925 2986 1056 3074 vulgus.
1076 2988 1163 3074 Lege
1183 3009 1259 3075 ergo
1280 2990 1370 3051 ceteri
1388 3010 1445 3073 pro
1464 2996 1632 3067 octaorum,

441 3100 480 3157 ut
504 3094 564 3158 hoc
587 3094 671 3159 dicat
693 3094 839 3159 Tacitus:
866 3095 972 3178 „quod
995 3095 1215 3159 mathematici
1240 3094 1384 3159 dixerant
1407 3098 1529 3173 evenit;
1554 3103 1633 3160 cete-

440 3221 554 3264 rorum
584 3202 862 3286 interpretationes
884 3204 993 3266 inanes
1017 3201 1181 3267 fuerunt.’'
1206 3200 1329 3266 Revera
1352 3204 1398 3266 sic
1421 3204 1527 3286 patuit
1550 3204 1634 3266 breve

440 3306 602 3389 confinium
630 3307 707 3370 artie
738 3315 766 3371 et
789 3307 894 3390 salai:
926 3308 982 3372 ubi
1012 3308 1050 3372 ab
1080 3314 1146 3372 arte
1172 3305 1223 3371 vel
1247 3314 1465 3372 transversum
1487 3330 1630 3394 unguem

438 3412 578 3490 recedis,
602 3416 635 3477 in
659 3412 739 3478 salsa
757 3414 888 3490 incidis;
910 3420 942 3478 et
961 3414 1020 3478 hoc
1040 3435 1166 3499 quoque
1185 3416 1292 3498 patuit
1310 3436 1380 3477 cero
1399 3437 1485 3499 pram
1501 3414 1631 3478 cheneris

438 3525 626 3601 tegerentur.-
656 3540 733 3585 vera
762 3522 929 3584 vaticinati
959 3526 1049 3584 erant
1081 3520 1323 3597 mathematici,
1355 3521 1408 3585 sed
1441 3542 1542 3605 neque
1567 3524 1630 3605 ipsi

438 3644 543 3709 neque
574 3628 671 3690 ceteri
699 3624 864 3703 mortales,
890 3625 967 3709 quid
991 3626 1052 3690 sibi
1074 3624 1172 3690 vellet
1195 3626 1282 3690 istud
1308 3628 1516 3703 vaticinium,
1540 3625 1631 3690 intel-

437 3730 593 3796 lexerant.

485 3838 539 3914 IV,
565 3839 616 3904 62.
643 3836 785 3924 „coepto
805 3839 890 3925 apud
913 3839 1066 3904 Fidenam
1091 3840 1329 3925 amphitheatro
1353 3839 1474 3904 Atilius
1498 3840 1628 3925 qnidam

436 3945 582 4011 libertini
602 3948 746 4031 generis,
767 3967 829 4031 quo
849 3945 1067 4030 spectaculum
1087 3945 1305 4032 gladiatorum
1325 3946 1514 4024 celebraret,
1527 3968 1629 4032 neque

437 4050 646 4117 fundamenta
670 4073 726 4137 per
750 4050 890 4117 solidum
914 4052 1058 4117 subdidit
1080 4074 1182 4138 neque
1206 4053 1307 4117 firmis
1330 4053 1463 4117 nexibus
1486 4052 1627 4138 ligneam

438 4160 661 4243 compaginem
684 4161 900 4243 superstruxit
926 4207 1022 4223 .....
1046 4158 1207 4224 affluxere
1231 4159 1318 4224 avidi
1343 4158 1475 4237 talium,
1498 4162 1628 4244 imperi·

436 4270 526 4329 tante
561 4263 689 4329 Tiberio
725 4264 835 4350 procul
865 4264 1088 4350 voluptatibus
1123 4266 1244 4343 habiti,
1277 4265 1372 4330 virile
1404 4285 1439 4330 ao
1470 4264 1627 4329 muliebre

436 4392 547 4447 secus,
571 4370 611 4435 ob
634 4373 907 4456 propinquitatem
930 4371 990 4436 loci
1015 4371 1164 4437 effusus.”

484 4476 546 4541 Pro
568 4478 697 4562 effusas,
723 4477 806 4563 quod
830 4478 913 4542 haud
939 4477 1034 4542 dubie
1058 4485 1246 4563 corruptum
1270 4486 1332 4554 est,
1355 4478 1482 4562 Lipsius
1503 4477 1627 4562 esseutiae

436 4585 582 4649 coniecit.
617 4583 679 4649 Sed
714 4605 810 4669 quam
842 4588 909 4650 vim
943 4606 1089 4650 summus
1121 4588 1172 4649 vir
1203 4585 1279 4650 huic
1311 4584 1460 4650 adverbio
1491 4581 1626 4647 tribuit?

436 4689 578 4775 Ecquid:
609 4693 731 4755 maiore
762 4691 887 4769 studio,
920 4693 1040 4756 maiore
1063 4689 1194 4756 ardore?
1218 4691 1288 4756 Non
1312 4689 1474 4775 obloquor,
1499 4689 1553 4753 sed
1577 4689 1627 4753 vel

434 4799 482 4861 sic
502 4798 536 4860 in
554 4798 686 4861 vocibus
706 4798 739 4861 ob
753 4798 1014 4883 propinquitatem
1032 4798 1089 4861 loci
1105 4798 1229 4862 haereo.
1250 4796 1332 4862 Nam
1345 4817 1425 4881 quse
1436 4797 1628 4860 narrationis
