4525 5950
540 677 584 742 58
843 696 851 715 ·
1061 699 1205 748 raomus.

538 862 666 926 omnino
697 883 756 927 non
787 863 924 928 scribam
946 884 972 928 e.
986 886 1016 950 q.
1029 863 1089 941 s.’',
1113 870 1147 929 at
1171 867 1204 928 in
1228 864 1333 930 codice
1357 886 1414 951 pro
1439 867 1582 951 quamdo
1606 865 1732 953 legitur

537 969 664 1054 quande.

585 1189 621 1253 A.
646 1187 699 1265 IV,
724 1187 776 1251 45.
801 1188 838 1253 ln
860 1188 1016 1275 Hispania
1039 1194 1174 1277 agrestis
1197 1191 1346 1276 quidam:

584 1301 783 1379 „praetorem
814 1300 994 1381 provinciae
1017 1296 1054 1362 L.
1077 1299 1245 1375 Pisonem,
1270 1318 1345 1384 pace
1366 1300 1583 1377 incuriosum,
1611 1322 1653 1365 ex
1677 1303 1736 1366 im·

536 1403 664 1485 proviso
692 1403 725 1465 in
747 1404 861 1468 itinere
885 1403 1014 1469 adortus
1036 1426 1100 1469 uno
1124 1403 1256 1470 vulnere
1278 1408 1312 1468 in
1335 1415 1472 1470 mortem
1496 1405 1640 1472 affecit.”

582 1507 622 1570 Ia
652 1514 770 1572 mortem
802 1510 920 1594 affecit:
945 1531 1025 1595 quae
1049 1530 1191 1597 unquam
1217 1511 1377 1576 barbaries
1401 1520 1467 1576 tam
1490 1513 1642 1578 scabram
1667 1536 1738 1600 pro

535 1613 614 1678 tulit
649 1612 848 1679 orationem?
882 1614 1079 1694 Quantocius'
1105 1615 1254 1682 Tacitum
1285 1618 1343 1682 hac
1373 1639 1550 1705 purgemus
1582 1620 1738 1699 macula,

534 1742 592 1806 pro
623 1721 724 1806 affecit
751 1718 887 1807 legendo
920 1723 1040 1804 afflixit.
1073 1721 1210 1788 Omnem
1235 1724 1295 1788 tibi
1319 1726 1436 1788 eximet
1460 1724 1658 1810 scrupulum
1684 1727 1738 1792 hic

533 1826 622 1893 locus
645 1849 683 1893 ex
707 1827 819 1893 eodem
844 1827 925 1894 libro
949 1842 988 1908 (c.
1015 1828 1088 1909 62):
1114 1828 1203 1907 „illi,
1229 1851 1308 1915 quos
1331 1833 1525 1917 principium
1550 1836 1678 1920 stragis
1701 1837 1736 1898 in

535 1941 675 1999 mortem
698 1934 893 2017 odfliaaot.’'

582 2150 619 2213 A.
643 2147 697 2225 IV,
722 2146 774 2212 52.
808 2147 855 2212 Ob
887 2145 1067 2232 periculum
1090 2143 1243 2213 Claudiae
1265 2145 1437 2224 Pulchrae,
1462 2148 1614 2215 sobrinae
1640 2171 1737 2227 suae,

535 2256 730 2319 intentatum
754 2254 976 2319 vehementius
999 2274 1073 2317 oum
1096 2250 1223 2317 Tiberio
1247 2251 1428 2338 expostulat
1451 2256 1660 2341 Agrippina:

582 2360 722 2436 „Audita
754 2361 830 2424 haec
861 2379 964 2424 raram
988 2357 1106 2424 occulti
1130 2361 1267 2444 pectoris
1289 2380 1401 2424 vocem
1425 2359 1581 2439 elicuere3
1611 2385 1739 2448 correp·

535 2472 666 2551 tamque
686 2465 807 2532 Graeco
824 2487 919 2531 versu
931 2466 1097 2531 admonuit
1109 2486 1170 2530 non
1182 2465 1253 2530 ideo
1265 2464 1365 2544 laedi,
1379 2469 1527 2551 quianon
1541 2470 1736 2555 regnaret.”

580 2572 713 2638 Frustra
736 2573 810 2638 hino
834 2571 940 2637 ullum
961 2593 1091 2637 sensum
1115 2570 1228 2636 elicere
1251 2575 1389 2650 coneris,
1414 2572 1468 2637 sed
1491 2572 1576 2637 nihil
1604 2575 1736 2640 facilius

536 2700 634 2764 quam
658 2682 862 2764 aptissimum
885 2681 1052 2743 restituere
1076 2698 1216 2743 sensum.
1241 2677 1303 2743 Pro
1324 2701 1381 2741 noa
1399 2680 1465 2742 ideo
1483 2677 1667 2765 legendnm
1688 2691 1736 2747 est

535 2785 601 2848 ideo
633 2805 708 2849 noa:
742 2785 839 2870 „quid
871 2792 902 2849 te
934 2783 1016 2849 laedi
1047 2791 1080 2849 et
1108 2785 1227 2847 iniuria
1259 2782 1340 2848 affici
1368 2781 1553 2869 quereris?”
1579 2784 1735 2853 'liberius

534 2894 580 2956 ait
612 2912 695 2968 „non
726 2900 815 2976 potes
838 2890 937 2967 laedi,
962 2910 1037 2954 nam
1060 2911 1121 2954 non
1145 2889 1291 2976 regnas.”
1317 2888 1508 2977 Tyrannidis
1532 2891 1587 2956 hic
1613 2897 1735 2979 prima·

534 3000 616 3062 riam
635 3000 820 3082 pronuntiat
837 2996 943 3083 legem
962 2995 1123 3061 Tiberius:
1147 3003 1291 3081 „praeter
1309 2999 1415 3082 ipsum
1434 3004 1612 3083 tyrannum
1636 3021 1733 3065 unus

534 3107 668 3188 quisque
698 3102 853 3188 quidquid
884 3105 945 3167 sibi
976 3106 1101 3167 eveniat
1131 3106 1225 3187 aequi
1257 3103 1394 3187 bonique
1425 3102 1591 3169 consulere
1618 3106 1730 3185 debet;

534 3218 618 3274 errat
641 3212 669 3273 si
692 3231 725 3274 se
749 3210 847 3286 laedi,
872 3212 925 3274 vei
947 3209 1064 3272 ιἰιιιιιὶα
1087 3209 1168 3292 offici
1192 3208 1284 3273 dicit:
1309 3209 1466 3274 eiusmodi
1486 3210 1650 3276 vocabula
1668 3235 1730 3278 non

533 3318 727 3380 conveniunt
757 3317 791 3378 in
824 3314 969 3379 homines
1001 3313 1041 3378 ad
1065 3313 1241 3398 parendum
1265 3314 1388 3379 natos.''
1415 3314 1451 3378 ln
1474 3321 1623 3380 mentem
1648 3319 1730 3383 mihi

534 3422 585 3485 hic
608 3420 817 3506 pulcherrimi
842 3424 931 3485 venit
953 3420 1015 3486 loci
1039 3420 1224 3504 Euripidei,
1247 3420 1304 3484 ubi
1328 3420 1438 3486 eadem
1461 3420 1618 3505 loquendi
1644 3423 1730 3488 adhi-

534 3528 628 3592 betur
650 3529 742 3591 ratio.
767 3523 927 3593 Clamanti
952 3525 1115 3613 Polynici:

627 3633 681 3696 aori
704 3657 738 3695 σε
762 3632 897 3711 δεύτερόν
922 3637 955 3708 γ’
980 3634 1140 3696 cirrata&
1164 3641 1308 3710 σκῆπτρα
1332 3633 1383 3696 καὶ
1409 3635 1483 3711 μέρη
1507 3635 1617 3713 χθονός

534 3738 700 3824 respondet
723 3737 885 3803 Eteocles:

625 3847 678 3908 οὐκ
704 3846 938 3921 ἀπαιτούμεσθ’,
964 3845 1025 3920 ἐγὼ
1048 3845 1111 3922 γὰρ
1135 3844 1185 3909 τὸν
1209 3846 1280 3921 ἐμὸν
1306 3846 1412 3919 οἰκήσω
1435 3845 1525 3920 δόμον

533 3954 554 4016 i.
568 3972 595 4015 e.
622 3950 729 4027 „istud
753 3952 888 4015 verbum
912 3953 1111 4014 ιέπιιιτεῑσθιιι
1130 3953 1165 4014 in
1186 3972 1237 4015 me
1256 3973 1318 4017 non
1338 3955 1497 4028 convenit,
1518 3973 1536 4016 a
1555 3974 1611 4018 me
1632 3976 1723 4019 nemo

535 4057 709 4142 quidquam
733 4079 882 4138 reposcere
908 4060 1054 4121 111111
1078 4057 1144 4120 iore
1160 4079 1282 4139 poscere
1305 4066 1425 4144 potest,
1449 4078 1525 4122 nam
1549 4080 1625 4125 mea
1649 4062 1723 4125 haee

533 4164 649 4228 domus
672 4163 752 4227 est.'’
777 4163 819 4227 Elt-
842 4162 980 4228 voluisse
1002 4164 1036 4226 id
1060 4163 1242 4240 Tiberium,
1264 4164 1349 4248 quod
1369 4185 1429 4250 ego
1450 4164 1613 4243 dicebam,
1635 4169 1723 4232 testis

532 4269 721 4347 Suetonius,
755 4272 811 4354 qui
841 4273 886 4334 sie
916 4272 1069 4354 principis
1098 4271 1194 4334 verba
1224 4271 1336 4335 refert:
1365 4270 1419 4347 „si
1441 4291 1504 4335 non
1529 4270 1723 4347 dominaris,

534 4375 649 4452 filiola,
681 4379 831 4440 iniuriam
857 4383 888 4440 te
912 4379 1053 4461 accipere
1076 4374 1285 4441 existimas?''
1310 4377 1365 4441 ubi
1389 4379 1568 4442 rectissime
1592 4382 1724 4445 interro

535 4482 633 4568 gandi
667 4486 796 4568 signum
828 4486 935 4567 posuit
966 4482 1117 4548 Rothius:
1150 4483 1237 4547 istud
1267 4487 1352 4548 enim
1377 4486 1440 4547 nisi
1462 4483 1604 4560 additur,
1631 4507 1722 4551 sensu

535 4610 640 4653 cassus
664 4588 753 4653 locus
777 4597 834 4653 est.
866 4588 958 4653 Nunc
981 4587 1127 4652 'liberius
1151 4598 1243 4675 rogat
1267 4611 1344 4666 non,
1369 4589 1453 4675 quod
1476 4590 1636 4675 quosdam
1658 4594 1722 4678 opi-

533 4697 602 4758 nari
626 4694 734 4759 video:
760 4696 973 4770 „iniuriamne
997 4715 1089 4759 vocas
1112 4696 1195 4779 quod
1219 4718 1282 4760 non
1305 4717 1413 4761 rerum
1436 4697 1488 4761 hic
1511 4696 1645 4764 domina
1667 4699 1720 4764 es''

535 4811 640 4881 (nam,
672 4805 798 4866 etiamsi
829 4803 923 4867 verba
954 4824 1022 4866 oam
1053 4803 1259 4869 admitterent
1290 4807 1605 4889 interpretationem,
1638 4807 1719 4893 quod
