4525 5950
925 697 1173 749 menusanum.

443 866 647 953 coryphaeus
670 864 856 950 respondet:

542 977 631 1036 τοῦτο
655 973 713 1047 μὲν
735 974 783 1046 μοὶ
808 973 859 1034 τὸν
886 969 937 1033 Δί’
962 972 994 1035 οὐ
1019 974 1141 1050 πονηρὸν
1166 973 1349 1047 ἐποιήσατε·

541 1079 615 1142 αλλ’
642 1077 693 1141 ὑπ’
719 1078 812 1153 ὀργῆς
837 1077 900 1154 γὰρ
924 1081 1052 1153 πονηροῖς
1079 1076 1130 1141 καὶ
1156 1078 1222 1143 τότ’
1248 1078 1400 1143 οέπέδυν
1424 1081 1500 1159 ἐγώ,

442 1185 504 1248 nbi
527 1184 611 1267 quod
635 1188 781 1267 expectes
807 1181 946 1256 ε’ξὲδνν
969 1190 1071 1246 metro
1097 1184 1289 1249 excluditur.

493 1289 696 1374 Quamquam
727 1289 788 1352 hoc
819 1287 858 1352 ad
890 1294 1037 1352 nostrum
1059 1287 1169 1353 locum
1192 1292 1248 1355 vix
1271 1293 1428 1376 pertinet,
1455 1294 1510 1357 ubi
1535 1292 1643 1368 ἔξαπο·

443 1397 542 1466 δύσας
566 1417 629 1461 666
653 1395 740 1460 idem
764 1394 850 1478 qood
874 1394 1006 1464 ἐκδύσας
1030 1394 1084 1458 sed
1108 1396 1191 1480 qnod
1216 1396 1375 1468 οὶποδύσας
1400 1397 1606 1483 significabit.

494 1630 546 1694 Vs.
573 1628 649 1695 719.
674 1630 749 1692 ἀλλ’
775 1630 819 1701 οὐ,
845 1629 892 1703 μοὶ
918 1629 958 1691 σὼ
983 1629 1046 1704 θεώ,
1072 1627 1151 1707 τάχ’
1177 1631 1209 1692 οὐ
1234 1631 1350 1709 χαίρων
1375 1629 1446 1698 ἴσως

675 1736 807 1811 ἐνυβροεῖ
829 1734 893 1799 ari.

440 1841 517 1906 Non
537 1839 643 1906 solnm
664 1839 837 1919 ἐνυβρίζειν,
858 1845 895 1905 61
913 1839 1144 1905 animadvertit
1163 1840 1354 1917 vLeeuwen‚
1375 1851 1423 1907 est
1441 1842 1641 1910 sublimioris

443 1947 612 2024 dictionis,
645 1947 700 2011 sed
731 1950 828 2012 etiam
860 1948 892 2009 οὐ
926 1950 1052 2026 χαίρων,
1084 1948 1137 2010 cui
1160 1945 1317 2012 formulae
1342 1946 1440 2013 dictio
1465 1954 1585 2015 comica
1610 1957 1643 2016 et

444 2051 591 2137 vulgaris
623 2059 806 2117 constanter
828 2051 917 2116 addit
941 2051 1090 2116 voculam
1113 2052 1361 2136 impersonalem
1389 2078 1419 2116 rr
1443 2054 1491 2134 (οὔ
1513 2079 1542 2117 σο
1567 2056 1642 2134 xal-

441 2167 524 2240 ρων),
548 2182 650 2245 neque
673 2163 782 2224 minus
804 2161 959 2245 syninesis
982 2162 1068 2223 vocis
1093 2160 1173 2235 1εοό,
1198 2178 1261 2243 qua
1281 2161 1411 2245 tragicis
1431 2163 1641 2227 usitatissima

444 2267 612 2332 comoedia
635 2267 783 2330 abstinet.

494 2485 545 2548 Vs.
572 2484 648 2551 743.
1062 2486 1091 2546 rl
1115 2485 1150 2556 μ’
1176 2484 1367 2563 εἰργάσω.

442 2593 552 2656 Β6666
584 2593 698 2655 aetatis
730 2590 820 2655 tituli
851 2593 942 2655 attici
965 2590 1142 2654 docuerunt
1165 2600 1378 2675 augmentum
1402 2593 1583 2677 imperfecti
1608 2605 1640 2658 et

440 2700 556 2763 aoristi
588 2698 677 2761 verbi
709 2696 890 2774 ἐργάζεσθαι
924 2717 986 2761 666
1017 2707 1042 2762 ἓν
1074 2717 1153 2773 6666,
1180 2698 1294 2774 6666,
1319 2700 1635 2784 666616666616611

443 2802 743 2887 reduplicationem.
768 2800 816 2867 of.
840 2800 1069 2867 Μ616166166663
1092 2822 1165 2887 pag.
1193 2799 1269 2880 171,
1285 2802 1336 2867 11.
1369 2803 1470 2869 Unica
1495 2807 1639 2888 exceptio

442 2932 473 2975 6.
500 2908 564 2972 325
589 2929 617 2974 6.
640 2907 676 2976 O.
702 2908 971 2988 xarrrpyalrdnoav
995 2909 1127 2972 fortasse
1150 2910 1216 2972 iam
1240 2917 1368 2982 661πῆς
1393 2918 1500 2985 κοινῆς.

491 3143 543 3207 Vs.
571 3143 646 3209 799.
1094 3143 1188 3217 οὕτως
1215 3120 1305 3221 tuate
1330 3146 1478 3221 ἐπιδήλως

493 3250 574 3323 ὑμῶν
593 3247 685 3325 druia
706 3248 785 3313 πολὺ
805 3248 961 3325 βελτίους.
984 3250 1167 3326 βάσανός
1193 3276 1233 3315 πε
1258 3252 1458 3328 πάρεστιν
1479 3251 1637 3317 ἰδέσθαι.

492 3354 630 3431 βάσανον
653 3355 762 3433 δῶμεν,
788 3355 906 3431 πότερον
932 3356 1062 3433 χείρους.
1088 3357 1153 3420 κπὲ.

442 3461 507 3525 Pro
531 3462 638 3525 verbis
662 3461 773 3547 procul
798 3460 896 3526 dubio
920 3460 1102 3545 depravatis
1126 3462 1228 3526 editor
1239 3462 1477 3526 dubitabundus
1489 3465 1639 3547 proponit

441 3566 497 3628 καὶ
537 3569 596 3640 μὴν
635 3566 775 3641 βάσανός
807 3590 847 3644 γε
876 3567 1006 3641 πάρεστι
1031 3565 1082 3631 vel
1107 3568 1245 3641 βάσανον
1270 3567 1295 3629 δ’
1321 3565 1420 3642 ἔξεσσι
1447 3576 1636 3645 παρασχεῖν,

440 3692 524 3756 quae
544 3678 618 3756 apta
638 3673 768 3757 quidem
788 3674 964 3738 sententiae
984 3678 1072 3750 sunt,
1093 3673 1148 3737 sed
1167 3694 1186 3738 a
1205 3672 1331 3738 traditis
1349 3675 1435 3737 iusto
1452 3676 1635 3739 remotiora.

440 3775 515 3860 Ipse
537 3779 749 3842 tentaverim:

872 3881 1300 3965 βασ1ν6υ<δ’ἥνπου’>
1326 3908 1362 3947 σν
1388 3883 1546 3961 δέησθε,

489 3987 628 4062 βάσανον
653 3988 760 4065 δῶμεν,
786 3989 851 4051 art.

489 4219 540 4283 Vs.
566 4218 643 4283 811.
669 4219 830 4297 κλέψουσα
853 4242 909 4306 pro
934 4222 1084 4297 κλέψασα
1107 4228 1157 4285 661
1180 4219 1310 4285 evidens
1331 4219 1511 4285 Leeuwenii
1531 4243 1637 4287 emen·

438 4326 546 4401 datio,
579 4345 676 4409 quam
708 4325 787 4390 olim
816 4327 847 4389 h.
871 4326 894 4390 l.
924 4332 1103 4390 tentantem
1137 4346 1188 4390 me
1220 4326 1342 4410 fugisse
1366 4328 1465 4390 miror
1487 4334 1520 4390 et
1542 4327 1636 4392 hodie

440 4430 553 4515 pudet.

487 4663 539 4727 Vs.
564 4663 641 4726 822.
666 4665 788 4726 σοὶνσίον
812 4684 875 4727 vox
898 4662 1013 4726 editori
1034 4672 1182 4745 suspecta
1208 4662 1313 4745 „quod
1336 4684 1398 4727 vox
1423 4663 1552 4728 aliunde
1572 4686 1636 4729 non

435 4773 481 4834 sit
505 4769 668 4852 cognita’'.
694 4768 779 4847 Quot
801 4771 905 4853 igitur
929 4767 1082 4831 vocabula
1107 4787 1223 4852 graeca
1247 4773 1394 4852 suspecta
1417 4766 1509 4832 suntl
