4525 5950
1775 588 1776 639 l

443 687 444 690 '
532 702 600 769 240
1049 723 1204 773 nonanus.

534 889 679 956 conficies
710 889 860 975 nuptias”
892 889 948 968 (IV
974 891 1003 955 1.
1019 889 1085 970 50).
1118 892 1213 958 Hunc
1244 892 1346 958 denuo
1376 891 1459 958 alius
1490 895 1658 980 magister
1680 899 1727 971 (ut
1775 948 1776 958 ,

534 1018 631 1081 supra
653 995 701 1061 III
725 995 787 1060 tl
814 995 882 1076 (3))
906 1000 1077 1083 impugnat
1100 1001 1168 1083 ipse
1191 1006 1299 1064 tamen
1318 998 1411 1064 aliter
1429 1018 1558 1065 errans:
1581 998 1651 1065 Sed
1671 1021 1728 1064 non

534 1124 601 1168 esse
624 1124 789 1189 personam
814 1103 975 1189 Pamphili
998 1127 1036 1170 er
1060 1107 1212 1171 subiectis
1236 1107 1421 1172 ostenditur.

496 1336 499 1341 ,
579 1270 633 1335 21.
657 1271 761 1348 Huic,
786 1292 849 1335 non
873 1270 932 1335 tibi
955 1270 1072 1348 habeo,
1097 1293 1137 1338 ne
1161 1293 1243 1337 erres

578 1378 655 1443 Post
687 1378 767 1442 bona
797 1376 916 1442 scholia
947 1376 1064 1443 Donati
1095 1379 1128 1459 (l
1154 1386 1187 1443 et
1210 1377 1243 1458 2)
1275 1380 1335 1444 hoc
1364 1381 1511 1464 sequitur
1544 1378 1731 1465 philosophi

531 1505 588 1570 per
619 1483 735 1569 triplex
767 1483 896 1561 „vel'':
926 1483 980 1549 vel
1003 1491 1040 1549 nt
1063 1488 1161 1549 etiam
1186 1485 1342 1552 Charinus
1365 1507 1421 1571 pro
1444 1506 1476 1551 se
1502 1489 1650 1563 sentiat,
1675 1488 1732 1552 hoc

533 1590 627 1667 dicit,
660 1588 713 1654 vel
744 1596 781 1654 ut
812 1588 916 1655 solent
945 1593 1031 1655 servi
1054 1594 1304 1657 contumaciores
1328 1592 1478 1657 adversus
1504 1595 1661 1658 amicum
1685 1594 1733 1659 do

532 1697 629 1773 mini,
662 1699 736 1781 quia
758 1716 860 1780 nuper
884 1716 902 1760 a
927 1694 1066 1762 Charino
1091 1703 1256 1762 accusatus
1280 1704 1330 1762 est
1352 1697 1408 1777 (IV
1433 1698 1461 1762 l.
1475 1699 1548 1778 45),
1575 1699 1637 1765 vel
1661 1704 1733 1786 quia

532 1811 564 1868 et
588 1802 665 1888 qnid
688 1802 772 1868 dicat
796 1825 860 1867 non
883 1803 978 1868 habet
1000 1810 1032 1868 et
1056 1803 1144 1869 videt
1166 1805 1335 1870 tacendum
1359 1826 1420 1870 uon
1444 1803 1535 1870 esse!
1774 1748 1776 1851 l

577 1969 620 2034 IV
644 1968 675 2035 3.
692 1970 743 2036 ll.
767 1970 816 2035 Ex
841 1991 895 2036 ara
917 1971 991 2035 hinc
1015 1992 1105 2036 sume
1130 1972 1281 2036 verbenas
1305 1971 1365 2036 tibi

578 2076 675 2142 Dan:
711 2098 749 2142 ex
784 2097 838 2142 ara
874 2075 1029 2162 Apollinis
1062 2077 1199 2154 scilicet,
1233 2098 1329 2163 quam
1362 2081 1526 2155 'operator
1550 2079 1735 2146 Menander

532 2191 633 2251 vocat.
702 2182 781 2249 Dein
802 2184 861 2248 hoc
880 2183 1018 2270 legitur:
1039 2190 1095 2249 aut
1115 2184 1200 2270 quod
1212 2183 1354 2271 Apollini
1365 2185 1532 2250 comoedia
1544 2194 1601 2250 est
1613 2187 1733 2264 dicata,

531 2294 565 2355 in
588 2294 680 2355 cuius
702 2290 855 2355 honorem
878 2310 965 2354 aram
990 2290 1173 2355 statuebant
1196 2291 1389 2356 comoediam
1415 2290 1634 2359 celebrantes.

577 2396 733 2461 Videntur
764 2396 842 2461 haec
872 2417 939 2461 esse
966 2394 1157 2482 philosophi.
1190 2396 1282 2461 Alius
1305 2400 1460 2483 magister
1483 2397 1561 2461 dein
1591 2403 1644 2465 sic
1668 2422 1733 2466 con·

532 2503 628 2568 clusit
651 2501 716 2583 (3):
744 2501 884 2588 Apollini
907 2523 982 2588 ergo
1006 2502 1184 2576 comoedia.
1209 2502 1322 2568 Libero
1346 2506 1429 2588 patri
1453 2505 1645 2588 tragoedia.

576 2670 629 2735 lv.
656 2669 743 2735 4.16
767 2669 969 2755 impudenter
992 2668 1110 2734 mulier
1131 2673 1159 2734 si
1182 2669 1258 2734 facit
1279 2672 1431 2734 meretrix

577 2776 680 2842 Phil:
712 2777 793 2841 bono
825 2776 933 2841 ordine
956 2775 1083 2841 locutus
1107 2782 1172 2840 est:
1198 2779 1302 2860 primo
1325 2779 1410 2840 enim
1434 2795 1532 2841 causa
1555 2780 1730 2865 impuden-

505 2978 507 2982 .
531 2885 594 2948 tiae
613 2888 727 2948 natura
746 2881 828 2961 (scil.
849 2882 1029 2962 muliebris)
1049 2889 1112 2959 est,
1135 2882 1247 2947 deinde
1266 2882 1407 2947 condicio
1420 2881 1502 2962 (scil.
1519 2890 1730 2963 meretricia).

575 3050 618 3116 IV
650 3049 680 3115 5.
702 3050 732 3115 3.
769 3049 870 3115 Verba
902 3071 919 3115 a
952 3050 1117 3117 Wessnero
1148 3050 1310 3115 inclinatis
1341 3050 1458 3114 litteris
1490 3070 1655 3135 expressa
1689 3060 1728 3132 (et

531 3166 607 3223 nota
627 3195 668 3205 —
688 3164 924 3242 paupertatem)
960 3177 979 3221 a
1012 3156 1202 3244 philosopho
1239 3156 1356 3222 Donati
1387 3154 1510 3221 scholio
1535 3160 1730 3246 interposita

532 3270 616 3329 sunt.
642 3261 690 3329 Cf.
716 3262 820 3328 simile
843 3261 870 3325 V
894 3261 959 3327 3.8
982 3270 993 3341 (
1019 3269 1042 3342 ).
1775 3259 1776 3316 l

577 3429 734 3495 Similiter
762 3433 795 3494 in
827 3429 853 3492 V
879 3429 943 3494 2.3
968 3429 1082 3494 verba:
1110 3433 1164 3505 „et
1187 3428 1392 3494 commodum
1407 3420 1613 3515 --'potest'’5
1640 3443 1730 3520 atque

530 3540 649 3602 iterum
688 3545 848 3601 extrema:
893 3538 1034 3613 „etenim
1076 3543 1206 3621 propter
1239 3556 1367 3600 sensum
1405 3535 1502 3600 verba
1534 3548 1639 3616 sunt,
1675 3563 1730 3605 non

531 3650 661 3729 propter
683 3643 777 3708 verba
800 3641 943 3719 sensus”,
967 3662 986 3706 a
1009 3641 1176 3706 Wessnero
1200 3644 1265 3705 iam
1288 3648 1398 3706 notata
1421 3648 1508 3706 sunt.

578 3813 604 3876 V
629 3812 660 3877 2.
674 3812 727 3877 25.
752 3812 805 3898 pol
829 3810 939 3887 hodie,
964 3813 991 3874 si
1015 3812 1110 3887 vivo,
1136 3810 1196 3874 tibi
1220 3808 1385 3875 ostendam

580 3919 635 3997 „Si
659 3922 735 3984 vivo
759 3919 839 3983 tibi’'
865 3920 921 4002 qni
944 3924 1028 3981 certa
1052 3918 1169 3980 minari
1192 3915 1321 3992 volunt,
1349 3918 1506 3980 incertam
1531 3917 1667 3985 faciunt
1689 3924 1732 3985 vi·

532 4030 599 4089 tam
622 4046 723 4089 suam.
792 4022 873 4088 Ecce
895 4021 1024 4107 elegans
1047 4020 1219 4109 sagacitas!

581 4190 605 4253 V
630 4191 660 4255 4.
676 4190 705 4255 3.
731 4190 890 4255 Andrium
915 4210 975 4275 ego
998 4186 1162 4255 Critonem
1187 4184 1298 4253 video?

578 4298 641 4377 (l):
671 4297 795 4362 Bonum
818 4299 948 4361 initium
973 4298 1135 4381 cognituri
1158 4293 1276 4371 filiam,
1302 4296 1410 4378 itaque
1428 4298 1621 4379 compendii
1641 4319 1734 4364 cauea

532 4424 595 4467 non
613 4402 738 4468 laborat
757 4404 795 4466 de
814 4405 976 4488 agnitione
996 4422 1146 4487 personae
1167 4399 1322 4477 Ortionis,
1344 4408 1380 4464 ut
1399 4401 1437 4464 ab
1457 4421 1496 4466 so
1508 4409 1541 4481 (a
1555 4403 1733 4490 quonaml)

533 4508 624 4573 facile
647 4508 750 4574 doceri
773 4512 873 4593 possit
897 4507 985 4592 (quid
1010 4506 1062 4572 rel
1085 4510 1157 4591 quis
1182 4506 1287 4571 doceri
1310 4504 1452 4593 possiti).

578 4614 640 4692 (2);
676 4636 714 4679 ne
745 4614 867 4679 laboret
897 4614 936 4678 ad
968 4613 1240 4698 persuadendum,
1276 4615 1358 4676 miro
1389 4614 1587 4697 compendio
1621 4626 1734 4704 poetae

531 4722 596 4783 iam
621 4718 708 4785 Crito
733 4727 827 4784 notus
850 4726 899 4784 est
922 4716 1061 4785 Chremi.

577 4825 685 4890 Media
709 4827 822 4890 verba:
846 4828 993 4909 itaque
1017 4864 1060 4873 —
1085 4828 1238 4909 possit,
1261 4824 1547 4909 interpolationem
1575 4832 1736 4897 exhibent
