4525 5950
934 692 975 739 nn
998 690 1143 741 cassare.
1568 672 1634 740 247

436 860 547 922 nescio
579 859 651 942 quis
681 859 822 921 mactare
852 856 984 921 iubetur
1014 855 1188 921 Ἀπόλλωνι
1222 855 1354 936 Καρνείῳ
1378 855 1503 935 αοὲνορον,
1531 856 1633 939 Ἀρνᾷ

436 964 481 1026 dlv
497 963 532 1042 ¹).
565 962 615 1026 Er
646 963 686 1027 iis
716 982 797 1047 quae
828 982 925 1047 supra
949 961 987 1027 de
1010 961 1112 1027 Diana
1135 960 1260 1029 Cereris
1283 961 1350 1026 filia
1373 962 1633 1039 observavimus,

437 1070 581 1154 suspicio
605 1070 746 1132 nascitur
768 1075 824 1142 τῆς
850 1068 966 1144 'Aesis
990 1071 1118 1133 nomine
1143 1068 1304 1153 designari
1326 1069 1443 1132 Lanam
1465 1067 1570 1149 ν’ρεαοο.

486 1173 572 1253 Quid
594 1173 667 1238 inde
692 1169 857 1258 seqnitur?
881 1173 952 1239 Hoc
976 1176 1097 1259 opinor,
1119 1170 1161 1238 τοὶ
1184 1173 1314 1252 Κάρνεια
1335 1174 1434 1239 fuisse
1454 1174 1554 1254 ἑορτήν
1575 1195 1637 1260 qua

437 1281 559 1344 Numen
590 1280 726 1344 coraibus
751 1280 928 1363 poseditsm
960 1279 1141 1358 colebatur3
1174 1279 1305 1356 deinde,
1338 1279 1398 1344 hoc
1428 1279 1557 1345 Numen
1580 1301 1638 1365 pro

437 1390 620 1472 priscorum
639 1387 809 1451 hominum
830 1387 1033 1471 opinionibus
1053 1383 1175 1471 duplici
1195 1386 1312 1462 forma,
1329 1385 1430 1451 altera
1442 1384 1638 1462 masculina,

438 1491 544 1556 altera
575 1492 747 1569 feminina,
770 1494 804 1556 in
827 1491 992 1557 cultorum
1014 1492 1179 1556 mentibus
1202 1493 1340 1567 vixisse;
1365 1490 1501 1576 denique
1523 1493 1640 1578 imagi-

438 1618 515 1661 nem
552 1597 756 1673 femininam,
792 1603 830 1661 ut
864 1602 932 1662 erat
963 1602 1070 1662 mente
1103 1601 1273 1681 concepta,
1304 1599 1371 1661 iam
1403 1599 1638 1681 antiquissimis

436 1703 640 1787 temporibus
671 1723 746 1766 cum
768 1701 860 1766 Luna
883 1702 1049 1768 coaluisse.
1074 1702 1256 1767 Masculina
1279 1723 1355 1767 vero
1378 1701 1436 1767 illa
1459 1701 1565 1768 multo
1590 1702 1640 1768 de·

438 1829 535 1873 mum
557 1813 630 1892 post
651 1808 788 1873 sormam
814 1807 929 1873 abiecit
952 1809 1183 1889 θνρνονολαοοον,
1208 1813 1246 1872 ut
1265 1807 1317 1873 dei
1337 1807 1506 1873 cuiusdam
1525 1806 1639 1894 Olym-

437 1917 504 2000 pici
536 1916 715 2000 imaginem
746 1914 902 1981 indueret.
935 1914 1026 1994 Quod
1054 1914 1181 1999 qnando
1206 1919 1239 1979 et
1261 1934 1319 1978 cur
1341 1915 1384 1978 sit
1407 1914 1529 1979 factum
1553 1915 1636 1980 infra

438 2020 642 2098 ridebimus3
675 2022 787 2105 priscis
818 2041 913 2097 vero,
947 2021 986 2086 de
1018 2021 1133 2105 quibus
1157 2041 1242 2085 nnnc
1265 2022 1412 2106 agimus,
1437 2021 1636 2106 temporibus

437 2126 525 2191 nude
556 2124 776 2211 appellabatur
806 2125 819 2189 i
852 2125 1010 2204 Κάρνειος,
1043 2147 1147 2210 neque
1174 2126 1282 2191 deerat
1304 2126 1455 2212 mythus,
1481 2129 1635 2210 quicum

437 2231 497 2297 dea
521 2237 657 2296 cornuta
676 2231 829 2297 affinitate
849 2232 988 2316 quadam
1008 2234 1201 2319 coniungere
1220 2253 1296 2296 eum
1317 2232 1499 2296 conabatur.
1523 2231 1561 2296 In
1579 2231 1639 2297 illa

436 2342 526 2402 certe
558 2339 704 2423 regione,
737 2338 793 2402 ubi
825 2336 939 2404 Oarnei
962 2338 1140 2403 sacerdotes
1163 2339 1282 2402 eximio
1306 2338 1480 2402 utebantur
1502 2337 1637 2416 honore,

437 2434 616 2528 Sicyonem
647 2442 736 2519 dico,
768 2449 843 2507 nata
872 2446 922 2508 est
945 2442 1087 2508 Praxilla
1109 2445 1251 2528 poetria,
1275 2462 1357 2527 qnae
1380 2443 1495 2507 cecinit
1517 2443 1555 2513 ὡς
1580 2443 1638 2506 Εὐ·

439 2547 542 2626 peterse
569 2548 621 2611 καὶ
647 2547 719 2618 Διὸς
744 2546 788 2620 εἴν
814 2547 827 2611 ὂ
853 2545 1006 2625 Κάρνειος.

485 2654 515 2717 Δ
546 2651 605 2717 dea
636 2651 727 2718 Luna
758 2675 820 2719 non
850 2653 973 2718 differre
996 2654 1051 2727 rto
1074 2652 1230 2733 Εὐρώπην,
1255 2673 1353 2737 quae,
1377 2658 1416 2717 ut
1438 2658 1542 2717 cetera
1564 2654 1637 2716 mit·

436 2764 551 2824 tamus
583 2765 791 2844 argumente,
815 2758 938 2845 hymno
960 2761 1086 2845 magico
1110 2759 1221 2824 audiat
1244 2765 1412 2837 νεραοῶπνς
1438 2757 1636 2838 φαεσφόρος,

435 2863 685 2943 τανρεδμορφοο,
710 2866 762 2929 hic
785 2866 969 2930 observasse
990 2864 1137 2931 sufficiat.

1014 3096 1067 3161 IV.

484 3302 636 3365 Aetatem
656 3302 862 3385 pastoricium
881 3306 1028 3365 secutum
1048 3306 1097 3365 est
1116 3306 1245 3386 tempus
1265 3322 1329 3386 quo
1341 3300 1544 3386 praevalebat
1556 3304 1639 3387 agri-

434 3406 586 3482 cultura;
611 3408 703 3470 cuiue
725 3405 851 3470 labores
874 3405 1017 3471 duriores
1041 3406 1115 3491 plus
1140 3409 1258 3491 quietis
1278 3412 1412 3491 poscunt
1430 3407 1470 3471 ad
1489 3410 1574 3471 vires
1594 3427 1640 3471 re·

435 3512 603 3578 ficiendas.
628 3511 797 3597 Agricolae
820 3514 925 3597 igitur
948 3512 1016 3576 dies
1040 3513 1137 3576 festos
1159 3514 1329 3577 institutos
1352 3514 1491 3598 agebant
1513 3515 1577 3591 ita,
1601 3518 1639 3577 ut

436 3618 594 3704 operibus
613 3616 713 3683 soluti
730 3620 889 3703 genioque
909 3616 1114 3703 indulgentes
1133 3639 1244 3683 veram
1264 3619 1365 3697 ἑορτήν
1381 3624 1449 3683 tam
1464 3619 1635 3693 νουμηνίαις

435 3744 540 3809 quam
577 3723 775 3797 πανσελήνοις
812 3722 1016 3788 celebrarent.
1053 3723 1124 3788 Non
1159 3724 1246 3809 quod
1279 3723 1373 3790 lunae
1404 3727 1531 3789 numini
1561 3723 1635 3809 plus

434 3850 539 3915 quam
563 3834 705 3914 pastores
727 3829 839 3901 debere
863 3850 895 3893 se
917 3831 1149 3894 arbitrarentur
1156 3852 1164 3908 ;
1188 3832 1290 3896 immo
1313 3833 1431 3896 minus.
1454 3831 1632 3895 Nemeum

431 3935 504 4000 late
528 3937 639 4019 vagari
663 3934 846 4012 desiissent,
871 3933 1046 4021 glebasque
1066 3937 1197 4022 ascripti
1216 3939 1413 4022 experientia
1433 3937 1633 4013 didicissent,

433 4044 509 4107 sive
544 4041 642 4105 bonos
677 4043 745 4106 eive
780 4040 881 4106 malos
911 4041 1035 4105 fructus
1066 4041 1163 4106 ferret
1192 4063 1279 4128 ager,
1311 4050 1413 4108 terrae
1444 4045 1632 4129 praesertim

434 4154 574 4213 naturae
603 4146 637 4210 id
667 4168 734 4212 esee
763 4146 991 4224 tribuendum,
1023 4152 1203 4213 ceterorum
1234 4151 1406 4213 numinum
1430 4149 1537 4213 cultus
1560 4168 1635 4233 prae

435 4253 557 4319 Terrae
578 4251 696 4316 Matris
715 4251 772 4317 illo
796 4251 863 4317 illis
887 4252 1034 4339 frigebat.
1060 4252 1182 4318 Tamen
1204 4255 1342 4338 priscam
1363 4254 1472 4319 Lunae
1492 4274 1637 4318 reveren·

436 4362 521 4424 tiam
552 4358 739 4432 servabunt,
773 4357 826 4423 vel
855 4359 979 4443 potius,
1004 4380 1078 4424 oum
1103 4361 1238 4424 minime
1261 4360 1396 4425 discerni
1418 4366 1546 4445 possent
1569 4358 1636 4423 Dea

435 4465 600 4533 Chthonia
623 4468 655 4527 et
679 4460 768 4529 (laeli
790 4462 930 4549 Regina,
952 4484 1090 4549 quarum
1110 4470 1245 4550 utraque
1266 4464 1403 4530 Hecates
1423 4466 1482 4530 snb
1502 4485 1636 4550 persona

434 4571 571 4645 lateret,
608 4567 763 4634 ruricolae
794 4571 848 4643 rba
884 4568 947 4634 tado
982 4570 1173 4637 invocabant
1207 4573 1270 4648 ita,
1306 4577 1343 4635 ut
1378 4576 1567 4636 terrestrene
1596 4590 1636 4636 an

475 4798 500 4859 1)
518 4798 593 4847 Inter.
613 4796 675 4845 And.
692 4795 709 4845 l.
725 4796 765 4845 84.
