4525 5950
643 668 704 732 144
1158 687 1312 733 returns.

683 851 769 915 Haec
790 853 958 914 verissima
980 856 1072 926 sunt,
1093 850 1147 914 sed
1168 853 1276 913 minus
1295 871 1386 926 vera,
1408 871 1489 936 quae
1508 849 1620 915 deinde
1640 859 1834 936 sequuntur:

640 957 725 1035 „Der
759 955 891 1021 Dichter
922 959 965 1020 ist
996 955 1120 1021 freilich
1153 956 1320 1042 geschickt
1343 956 1397 1020 der
1423 956 1569 1041 Aufgabe
1593 958 1835 1043 ausgewichen,

639 1064 731 1139 „dass
755 1061 964 1147 unmdgliche
984 1062 1127 1148 moglich
1148 1062 1314 1126 machon.”
1340 1063 1454 1126 Potius
1474 1065 1519 1126 sic
1539 1064 1751 1128 statuendum
1773 1073 1834 1144 est,

636 1169 794 1233 Plautum
827 1168 924 1252 probe
956 1171 1087 1232 scivisse
1111 1189 1277 1252 quousque
1301 1170 1334 1231 in
1359 1167 1487 1253 pulpito
1512 1168 1656 1233 Romano
1680 1173 1768 1235 iusta
1792 1193 1836 1236 er-

635 1277 785 1361 gurnenti
808 1275 990 1338 oeconomia
1015 1273 1141 1359 negligi
1164 1280 1270 1358 posset
1294 1273 1468 1338 dummodo
1487 1282 1683 1359 spectatores
1704 1275 1837 1341 obleeta-

636 1388 747 1445 rentur
759 1382 856 1464 nugis
869 1387 901 1443 et
913 1379 1045 1443 facetiis.
1067 1378 1170 1443 Nemo
1183 1400 1293 1443 eornm
1307 1380 1366 1443 hoc
1380 1383 1527 1463 ineptum
1540 1401 1607 1444 esse
1620 1384 1738 1458 sensit,
1753 1383 1836 1467 qnod

636 1487 695 1550 hae
721 1486 801 1549 duae
826 1484 1048 1568 stipulationes
1071 1491 1238 1568 tamquam
1262 1506 1311 1549 res
1335 1506 1465 1569 prorsus
1490 1484 1653 1561 diversae,
1680 1491 1835 1571 tanquam

636 1612 765 1677 pugnae
797 1589 896 1654 altera
922 1600 994 1674 post
1017 1589 1151 1654 alteram
1176 1590 1366 1677 pugnandae
1391 1598 1632 1675 proponuntur:
1658 1590 1727 1655 522
1755 1593 1835 1669 „Vin

636 1701 734 1762 etiam
771 1695 875 1760 dicam
913 1697 996 1781 quod
1031 1700 1164 1783 magis
1197 1699 1360 1761 miremini
1480 1696 1674 1781 Priusquam
1708 1700 1833 1763 istam

634 1823 778 1888 pugnam
803 1802 970 1886 pugnabo,
992 1823 1051 1888 ego
1072 1805 1170 1867 etiam
1190 1805 1280 1886 prius
1300 1802 1380 1866 dabo
1400 1801 1527 1865 aliam
1548 1822 1694 1888 pugnam
1716 1803 1834 1868 claram

634 1918 666 1974 et
686 1907 1032 1973 commemorabilem”.
1055 1908 1121 1972 530
1143 1908 1322 1984 „Effectum
1343 1909 1402 1972 hoc
1420 1906 1514 1972 hodie
1526 1908 1658 1973 reddam
1680 1921 1836 1974 utrum·

636 2037 711 2100 que
733 2014 772 2077 ad
794 2015 995 2098 vesperum.”
1021 2013 1142 2077 Revera
1162 2014 1270 2077 editur
1289 2034 1353 2077 una
1374 2019 1500 2077 tantum
1522 2014 1835 2099 pugnaaPseudolo

638 2142 712 2186 cum
737 2119 865 2196 lenone,
891 2119 979 2183 nulla
1003 2140 1077 2184 cum
1100 2118 1240 2184 Simone.

680 2336 782 2399 Natae
812 2340 888 2397 sunt
912 2339 975 2397 tres
998 2332 1073 2397 illae
1095 2331 1357 2417 interpolationes
1380 2353 1418 2396 ex
1443 2332 1554 2396 Plauti
1576 2336 1711 2419 ingenio
1736 2335 1834 2399 fertili

637 2446 670 2506 et
692 2460 784 2524 saepe
807 2442 904 2503 nimis
924 2438 1112 2503 luxurianti.
1139 2439 1228 2517 Quod
1248 2441 1293 2503 sie
1314 2439 1379 2502 fere
1399 2438 1548 2502 accidisse
1561 2439 1684 2502 debuit.
1711 2438 1836 2519 Quanta

636 2546 783 2611 libertate
802 2545 896 2609 latini
916 2551 1081 2609 uterentur
1100 2547 1134 2607 in
1154 2547 1276 2630 graecis
1296 2543 1451 2607 dramatis
1473 2543 1716 2620 transferendis,
1737 2549 1835 2609 etiam

638 2652 693 2715 ubi
717 2650 756 2715 ad
781 2651 916 2715 verbum
939 2649 1067 2714 reddere
1091 2649 1282 2725 ferebantur,
1307 2655 1421 2713 notum
1445 2657 1494 2713 est
1516 2671 1554 2713 ex
1575 2650 1834 2736 fragmentorum

637 2759 873 2840 comparatione
903 2777 976 2819 cum
1009 2754 1165 2830 aliorum,
1198 2762 1268 2818 tum
1300 2758 1488 2839 praesertim
1513 2755 1646 2820 Medeae
1672 2756 1836 2823 Ennianus

637 2873 669 2927 et
689 2862 790 2926 Ploeii
812 2860 1019 2927 Caecilianae.
1040 2860 1124 2924 Tuto
1145 2860 1229 2924 credi
1250 2868 1355 2944 potest
1375 2861 1458 2945 qnod
1479 2860 1519 2924 ad
1543 2859 1833 2929 elocutionem

636 2971 752 3033 attinet
774 2967 875 3053 vulgo
899 2969 954 3030 vir
978 2965 1144 3031 dimidiam
1168 2972 1292 3050 partem
1318 2968 1472 3049 cuiusque
1492 2964 1610 3031 latinae
1629 2966 1834 3052 aliquatenus

636 3076 820 3139 convenisse
841 3094 914 3137 cum
935 3072 1082 3157 exemplo
1101 3092 1232 3158 graeco:
1255 3092 1316 3135 res
1336 3074 1473 3155 ipsae,
1494 3080 1747 3158 argumentum,
1770 3097 1833 3160 per·

635 3202 746 3255 sonae,
784 3182 966 3243 oeconomia
997 3179 1107 3243 eadem
1140 3178 1328 3253 manebant,
1360 3180 1422 3241 nisi
1453 3176 1567 3242 saltem
1601 3177 1639 3243 de
1675 3179 1833 3245 industria

636 3286 820 3371 exemplum
834 3288 1023 3370 primarium
1037 3306 1073 3348 ex
1087 3283 1149 3348 alia
1161 3304 1273 3369 graeca
1286 3286 1567 3348 contaminaretur.
1588 3282 1622 3348 Si
1636 3306 1724 3361 vero,
1736 3290 1832 3351 etiam

637 3400 726 3458 extra
747 3413 873 3456 omnem
892 3393 1169 3455 contaminationis
1190 3389 1329 3473 culpam,
1351 3410 1369 3453 a
1388 3392 1512 3474 graecis
1532 3390 1627 3454 rebus
1640 3398 1833 3475 spectatores

638 3498 815 3564 oblectandi
834 3518 928 3561 causa
946 3505 1039 3581 poeta
1060 3495 1111 3559 vel
1130 3495 1300 3580 paululum
1321 3494 1511 3571 deflecteret,
1531 3517 1632 3581 grave
1652 3498 1831 3582 periculum

633 3615 701 3668 erat
731 3626 770 3668 ne
802 3613 893 3667 acute
923 3602 1168 3686 inspicientibus
1192 3604 1376 3665 oeconomia
1399 3614 1671 3685 corrumperetur.
1697 3603 1832 3668 Plautus

634 3711 694 3775 hoc
718 3708 845 3774 facilius
868 3709 1005 3782 ferebat,
1032 3728 1127 3791 quam
1154 3715 1190 3769 ut
1214 3710 1343 3791 ingenio
1367 3728 1428 3771 non
1452 3706 1647 3793 indulgeret.
1744 3694 1748 3701 ¹

679 3815 749 3878 Hoc
774 3814 929 3899 estquod
954 3816 983 3877 ei
1006 3812 1121 3876 accidit
1145 3815 1178 3875 in
1203 3811 1369 3876 Pseudolo.
1395 3810 1479 3877 Cum
1504 3820 1679 3897 occupatus
1703 3818 1737 3879 in
1762 3819 1831 3881 scri·

633 3921 736 3986 benda
767 3941 858 3983 scena
889 3918 947 3982 14
980 3924 1208 4003 argumentum
1241 3916 1365 3982 fabulae
1397 3921 1552 3982 memoria
1585 3926 1706 3984 teneret
1731 3943 1830 4006 neque

633 4026 786 4089 volumen
818 4046 972 4110 graecum
1004 4026 1101 4087 nimis
1132 4044 1236 4107 presse
1261 4029 1456 4106 sequeretur,
1481 4027 1689 4089 reminiscens
1714 4030 1748 4090 in
1774 4027 1831 4091 fine

635 4130 759 4196 fabulae
787 4130 981 4195 Pseudolum
1012 4152 1031 4194 a
1062 4128 1192 4193 Simone
1224 4129 1374 4213 praedam
1407 4131 1531 4194 auferre
1561 4130 1627 4194 XX
1650 4134 1831 4208 minarum,

634 4238 735 4301 hanc
754 4240 867 4299 senis
887 4237 1217 4298 frustrationem
1236 4243 1401 4319 tamquam
1420 4234 1554 4300 alteram
1568 4242 1755 4323 argumenti
1768 4259 1834 4323 par·

633 4350 699 4406 tem
721 4345 813 4405 iuxta
832 4340 952 4405 lenonis
973 4341 1186 4424 direptionem
1204 4343 1236 4404 in
1259 4340 1399 4405 fabulam
1419 4341 1551 4417 intulit,
1571 4341 1833 4427 quolepidiorea

634 4447 798 4522 eraderet,
824 4467 897 4509 cum
923 4443 1101 4509 Pseudolus
1125 4467 1187 4508 non
1212 4466 1312 4509 unum
1339 4447 1392 4511 sed
1419 4446 1500 4511 duos
1524 4448 1669 4512 homines
1693 4447 1834 4514 ludibrio

635 4553 749 4617 habere
775 4552 945 4616 videretur.
971 4551 1019 4613 Ex
1044 4552 1102 4614 boe
1126 4550 1267 4614 infausto
1292 4560 1408 4616 conatu
1434 4556 1496 4616 orti
1520 4561 1595 4617 sunt
1619 4575 1732 4619 versus
1757 4577 1834 4641 qnos

636 4660 745 4723 notari
765 4658 830 4721 404
851 4678 917 4740 sqq.
938 4663 970 4719 et
991 4677 1068 4740 quos
1087 4658 1152 4718 iam
1175 4677 1204 4719 v.
1220 4656 1248 4719 d.
1271 4656 1524 4733 damnaverunt,
1544 4657 1739 4734 alte-408,
1761 4683 1832 4725 cum

635 4764 769 4849 fingeret
804 4761 1001 4827 Pseudolum
1037 4765 1117 4825 iam
1154 4763 1335 4846 pridem,
1370 4764 1401 4827 h.
1427 4786 1453 4829 e.
1485 4767 1637 4829 contiuuo
1661 4775 1832 4852 postquam
