4525 5950
536 692 602 758 384
1061 711 1203 760 ramnus.

536 879 670 944 diversis
689 899 706 942 e
725 876 802 942 locis
823 877 1029 942 considerare.
1050 877 1179 942 lltenim
1198 879 1254 943 nbi
1275 878 1313 943 de
1331 899 1448 965 genero
1459 877 1613 966 legimns,
1626 883 1720 946 etiam

538 972 613 1050 cum
633 1005 738 1051 socero
757 983 810 1048 vel
830 1005 922 1049 socru
942 986 1010 1066 8188
1030 1005 1097 1048 rem
1118 985 1208 1049 nobis
1229 1006 1296 1050 esse
1308 988 1420 1050 statim
1431 988 1664 1072 perspicimus,
1676 994 1720 1064 et,

538 1093 593 1157 ubi
615 1112 714 1178 gener
736 1096 785 1155 est
806 1093 948 1167 inrisus,
973 1111 1059 1156 socer
1081 1111 1172 1156 carus
1194 1099 1405 1177 acceptusque
1428 1113 1495 1157 esse
1518 1097 1641 1178 nequit.
1667 1092 1720 1158 Sin

536 1220 553 1263 e
587 1205 679 1262 textu
715 1195 869 1261 vocabula
901 1195 958 1261 1118
992 1199 1139 1261 elicimus
1174 1201 1282 1262 omnia
1315 1201 1483 1283 perspicua
1514 1199 1598 1263 fiunt
1629 1207 1721 1285 atque

537 1312 682 1370 venusta.
715 1303 878 1383 Quomodo
902 1306 1038 1388 irrepere
1061 1305 1224 1388 potuerint
1248 1301 1393 1387 quaerisl
1414 1303 1503 1369 Duae
1526 1306 1610 1370 mihi
1632 1326 1722 1371 8888

536 1415 671 1477 18118888
704 1411 855 1474 videntur
884 1409 922 1474 81
954 1410 1051 1474 verba
1080 1409 1137 1474 illa
1168 1409 1721 1497 8818Τ881188(81818ς881188188

534 1520 611 1584 haee
642 1524 690 1582 est
720 1517 889 1596 brevitas):
924 1537 1087 1601 „quaeque
1119 1523 1197 1601 aput
1221 1516 1387 1581 concordes
1412 1516 1542 1582 vincula
1564 1521 1720 1595 caritatis,

532 1627 741 1690 incitamenta
762 1625 884 1687 irarum
908 1622 993 1707 8881
1014 1623 1154 1687 infensos
1178 1622 1299 1686 erant.’'

580 1733 617 1795 A.
639 1728 664 1806 1,
687 1727 740 1794 66.
762 1726 973 1794 Germanicus
993 1727 1179 1814 expeditum
1196 1728 1719 1816 8888118818Ο11811ο88881181ε

581 1840 728 1915 „incenso
754 1834 873 1900 Mattio
905 1834 952 1916 (id
980 1838 1071 1922 genti
1101 1841 1210 1921 caput)
1233 1841 1342 1921 aperta
1365 1835 1538 1922 populatus
1561 1841 1663 1902 vertit
1685 1837 1719 1902 ad

535 1944 703 2020 Rhenum,
727 1964 787 2008 non
813 1962 890 2006 8888
913 1941 1003 2006 hoste
1026 1948 1117 2028 terga
1140 1942 1328 2008 abeuntium
1351 1942 1535 2009 lacessere.”

581 2049 734 2135 Sequitur
757 2051 872 2113 etiam:

584 2156 688 2241 „quod
710 2153 760 2220 illi
783 2158 898 2232 moris,
929 2157 1073 2240 quotiens
1096 2161 1167 2220 astu
1190 2158 1295 2242 magis
1319 2176 1416 2240 quam
1439 2177 1495 2242 per
1518 2156 1720 2224 formidinem

537 2263 651 2330 cessit”
1045 2269 1051 2283 ’

536 2372 590 2436 sed
614 2372 851 2435 annotationem
876 2370 956 2433 hanc
981 2368 1060 2434 olim
1083 2369 1182 2433 fuisse
1206 2390 1266 2455 ego
1290 2390 1350 2434 non
1371 2371 1438 2434 sine
1456 2389 1551 2434 cauea
1570 2375 1723 2456 suspicari

536 2478 618 2543 mihi
654 2476 769 2542 videor.
807 2475 889 2540 Nam
924 2475 1020 2540 verba
1050 2475 1215 2541 ῐ18811888
1249 2475 1408 2560 quendam
1437 2476 1557 2541 habent
1586 2477 1723 2543 colorem

539 2571 638 2665 (hand
660 2589 767 2670 nego),
790 2582 844 2647 sed
866 2585 1013 2648 imitator
1037 2603 1069 2647 se
1091 2585 1160 2666 1888
1183 2584 1370 2667 pronomine
1393 2582 1459 2659 illi,
1481 2582 1566 2668 quod
1585 2587 1622 2648 in
1643 2585 1724 2650 hune

533 2691 640 2758 locum
665 2693 799 2755 minime
823 2689 973 2773 quadrat,
999 2689 1105 2773 prodit
1127 2694 1159 2753 81
1181 2695 1343 2773 praeterea
1365 2689 1558 2754 observanda
1578 2690 1724 2756 docenda-

534 2819 595 2883 que
626 2818 663 2862 88
694 2817 744 2872 re,
777 2816 857 2880 qnae
884 2796 958 2860 hinc
981 2816 1110 2881 prorsus
1135 2801 1184 2860 881
1207 2793 1321 2860 aliena.
1345 2794 1474 2860 Etenim
1498 2816 1610 2861 seram
1635 2797 1723 2862 illam

534 2904 631 2968 fuisse
661 2903 789 2991 fugam,
821 2924 883 2967 888
913 2901 1117 2980 simulatam,
1151 2924 1211 2967 888
1244 2901 1342 2979 φόβον
1374 2902 1428 2967 881
1457 2899 1561 2982 φύζαν
1593 2903 1722 2989 818888

534 3011 786 3097 perfectamque,
817 3014 885 3075 tota
916 3012 1053 3074 narratio
1078 3030 1173 3093 quam
1198 3010 1406 3075 disertissime
1430 3009 1529 3076 docet.
1556 3010 1723 3078 Postremo

533 3116 615 3182 illud
648 3115 753 3202 „quod
777 3114 826 3180 illi
850 3118 948 3181 moris
973 3154 1015 3164 -
1041 3116 1156 3181 cessit’'
1180 3115 1290 3202 legens
1314 3138 1378 3182 non
1402 3116 1440 3181 de
1464 3139 1523 3181 ano
1546 3114 1723 3184 Germano

534 3245 607 3288 rum
631 3222 767 3309 888818,
792 3222 845 3287 881
870 3222 907 3287 18
932 3230 998 3287 1818
1021 3223 1199 3286 Parthorum
1222 3229 1318 3309 gente
1342 3226 1397 3309 agi
1421 3231 1534 3308 putare
1557 3229 1694 3310 cogeris.

580 3331 617 3394 A.
642 3329 666 3406 l,
689 3329 742 3394 66.
767 3327 919 3396 Caecinae
939 3328 1060 3393 milltes
1078 3331 1133 3392 vix
1154 3350 1170 3394 e
1188 3329 1336 3394 manibus
1355 3327 1593 3394 Germanorum
1605 3331 1722 3418 elapsi,

534 3437 610 3501 dum
635 3443 761 3521 postero
784 3436 835 3500 die
859 3438 995 3501 exitium
1019 3436 1206 3500 adfuturum
1230 3457 1416 3521 persuasum
1440 3437 1502 3501 sibi
1524 3437 1722 3515 1181188188-

536 3543 602 3607 bito
626 3550 744 3606 terrore
768 3541 904 3627 perculsi
928 3541 966 3606 81
992 3549 1116 3626 portam
1142 3541 1349 3607 decumanam
1373 3542 1516 3629 plerique
1539 3552 1660 3609 ruunt:

582 3645 753 3725 „Gaecina,
790 3655 952 3732 comperto
987 3669 1103 3712 vanam
1139 3669 1206 3712 8888
1242 3648 1465 3725 formidinem,
1502 3671 1576 3714 cum
1614 3659 1719 3716 tamen

534 3776 634 3840 neque
665 3757 852 3820 auctoritate
883 3775 984 3839 neque
1014 3753 1177 3839 precibus,
1209 3775 1248 3818 ne
1278 3775 1376 3819 mann
1408 3756 1538 3840 quidem
1571 3757 1721 3823 obsistere

533 3868 589 3925 aut
617 3863 752 3925 retinere
776 3858 916 3924 militem
940 3862 1061 3945 quiret,
1086 3862 1245 3945 proiectus
1268 3863 1301 3924 in
1325 3860 1438 3926 limine
1461 3868 1571 3946 portae
1594 3867 1721 3929 misera·

534 3970 620 4031 tione
644 3965 772 4030 demum
798 3965 913 4030 clausit
936 3965 1056 4030 viam.'’

579 4072 749 4137 Diutiusne
774 4073 912 4137 feramus
936 4071 1191 4156 pulcherrimum
1214 4072 1299 4137 hunc
1322 4072 1429 4137 locum
1453 4072 1644 4161 languidum
1672 4076 1722 4140 fri·

534 4179 710 4265 gidumque
741 4178 829 4243 reddi
860 4177 980 4243 insulsa
1012 4178 1189 4264 magistelli
1220 4182 1424 4244 annotatione
1448 4180 1520 4264 quio
1536 4203 1596 4262 per
1618 4205 1722 4265 cerpaa

534 4285 625 4365 lopati
648 4287 773 4348 888188
793 4292 866 4361 erat,
888 4305 967 4369 quae
987 4307 1071 4349 nunc
1090 4285 1194 4349 verbis
1214 4286 1404 4349 miseratione
1422 4288 1534 4348 demum
1555 4285 1722 4354 adhaeret?

579 4395 616 4455 A.
641 4391 666 4464 I,
693 4391 746 4457 72.
775 4390 822 4455 De
851 4389 923 4477 lege
955 4394 1151 4469 maiestatis,
1176 4412 1271 4476 qnam
1296 4391 1465 4456 reduxerat
1488 4391 1654 4471 liberius,
1678 4397 1722 4458 118

534 4498 663 4562 Τ881188
685 4497 845 4583 disputat:

581 4604 724 4682 „Nomen
756 4611 834 4690 aput
859 4613 981 4670 veteres
1003 4604 1107 4680 idem,
1133 4603 1188 4668 sed
1212 4603 1275 4668 alia
1297 4606 1331 4668 in
1354 4603 1511 4669 iudicium
1534 4606 1723 4670 veniebant:

532 4715 559 4776 si
592 4714 662 4796 quis
693 4711 870 4796 proditione
901 4714 1076 4776 exercitum
1102 4719 1159 4775 aut
1183 4709 1308 4795 plebem
1334 4710 1562 4788 seditionibus,
1587 4712 1723 4799 denique

534 4818 618 4883 male
641 4840 674 4882 re
696 4827 788 4904 gesta
811 4822 1012 4883 maiestatem
1036 4818 1147 4904 populi
1173 4817 1309 4883 Romani
1331 4818 1532 4882 minuisset.'’
