4525 5950
872 678 913 724 nu
936 677 1083 724 rnonscu
1106 679 1190 724 seon
1214 679 1383 727 uouueun.
1656 660 1719 725 121

580 843 643 909 Sed
676 843 806 909 Reichel
830 844 1014 910 Menelaum
1038 851 1135 931 negat
1151 845 1174 925 ¹)
1198 845 1351 910 indutum
1375 844 1474 910 fuisse
1498 848 1606 910 tunica
1628 844 1724 929 idque

532 958 701 1036 propterea
733 950 816 1036 quod
847 954 916 1016 eius
945 952 1082 1029 femora,
1113 952 1229 1030 tibiae,
1259 973 1349 1017 surae
1373 954 1529 1036 sanguine
1552 954 1722 1037 conspicie-

532 1059 651 1123 bantur
673 1057 834 1123 maculata
857 1064 917 1138 (vs.
945 1058 1009 1122 140
1021 1065 1112 1145 sqq).
1137 1060 1181 1122 At
1204 1058 1287 1124 nibil
1310 1065 1397 1124 vetat
1419 1057 1544 1123 credere
1567 1061 1722 1137 tunicam,

530 1168 729 1230 succinctam
759 1168 967 1250 praesertim,
999 1167 1178 1230 breviorem
1211 1166 1309 1230 fuisse
1341 1186 1438 1250 quam
1468 1186 1548 1250 quae
1573 1165 1667 1229 tibias
1691 1172 1724 1229 et

531 1292 623 1336 suras
648 1277 788 1356 tegeret,
814 1272 872 1335 hae
893 1279 1000 1336 autem
1023 1275 1179 1357 sanguine
1198 1275 1363 1358 conspergi
1382 1293 1445 1336 nun
1464 1278 1627 1357 poterant,
1648 1275 1726 1357 quin

531 1378 572 1444 ad
603 1399 655 1442 eas
687 1399 741 1462 per
766 1378 887 1442 femora
909 1381 1041 1464 sanguis
1065 1377 1227 1444 deflueret.
1251 1378 1342 1458 Quod
1364 1386 1472 1443 autem
1498 1377 1628 1443 Reichel
1651 1378 1726 1444 vult

531 1483 639 1549 balteo
664 1505 743 1569 opus
766 1484 865 1548 fuisse
889 1484 927 1549 ad
950 1485 1177 1549 continendum
1201 1506 1290 1550 zoma
1313 1485 1482 1549 manifesto
1506 1506 1566 1549 non
1589 1492 1673 1549 recte
1692 1506 1725 1550 se

530 1590 639 1654 habet.
664 1588 752 1653 Duos
776 1596 905 1654 tautum
928 1598 1053 1675 praeter
1076 1597 1223 1655 nostrum
1247 1590 1331 1676 apud
1356 1590 1536 1655 Homerum
1555 1590 1640 1655 locos
1660 1612 1726 1656 esse

529 1695 676 1761 vidimus
700 1696 755 1760 ubi
779 1717 870 1760 tuma
894 1705 1047 1773 occurrat,
1071 1702 1097 1775 ψ
1119 1696 1184 1761 683
1208 1704 1240 1762 et
1261 1696 1280 1773 ξ
1299 1696 1375 1774 483,
1396 1719 1413 1762 e
1434 1698 1551 1782 quibus
1570 1700 1727 1762 verisimi-

529 1802 606 1867 liter
638 1802 718 1866 effioi
741 1805 809 1886 ipse
834 1802 963 1868 Reichel
987 1810 1096 1868 auctor
1120 1809 1168 1868 est
1191 1803 1273 1868 nihil
1296 1803 1385 1868 eliud
1409 1825 1477 1868 csse
1500 1806 1563 1868 nisi
1585 1802 1725 1889 subliga-

530 1908 653 1973 culum.
678 1907 824 1973 Iamvero
848 1909 888 1974 ad
912 1909 1152 1996 subligaculum
1173 1910 1402 1975 continendum
1418 1911 1593 1976 sufficiebat
1613 1915 1721 1975 mitra.

532 2018 582 2079 An
608 2018 675 2080 veri
699 2015 805 2081 simile
829 2023 877 2080 est
896 2019 1044 2101 antiquos
1062 2016 1185 2082 milites
1206 2019 1336 2081 mitram
1362 2017 1601 2082 subdidisse
1626 2016 1723 2082 subli-

530 2121 663 2210 gaculo,
688 2125 734 2187 ita
752 2130 790 2186 ut
809 2130 937 2208 propter
957 2124 1015 2188 boc
1035 2123 1215 2189 alterum
1237 2127 1363 2189 etiam
1384 2123 1600 2210 cingulum
1621 2127 1723 2209 requi·

529 2226 677 2294 reretur?
695 2228 766 2314 Ipsa
786 2250 846 2293 uox
872 2228 1053 2314 „fulgens”‚
1078 2229 1187 2294 addita
1211 2228 1229 2303 ξ
1242 2228 1318 2305 482,
1343 2250 1423 2314 quae
1447 2228 1647 2315 subligaculo
1668 2251 1724 2315 per

531 2358 567 2401 se
598 2341 739 2420 spectato
771 2337 880 2399 minus
911 2338 1077 2413 convenit,
1109 2357 1166 2420 pro
1190 2334 1379 2401 documento
1401 2357 1468 2400 esse
1493 2335 1621 2400 videtur
1647 2358 1722 2401 voce

531 2442 621 2522 ζῶμα
653 2443 699 2505 ibi
727 2444 859 2505 mitram
883 2442 980 2507 simul
1003 2449 1035 2507 et
1058 2441 1298 2528 subligaculum
1321 2441 1473 2518 indicari,
1498 2462 1597 2526 eaque
1620 2464 1723 2507 neces·

532 2551 617 2614 sario
650 2548 815 2612 cohaerere
830 2543 864 2626 ³).
897 2549 1003 2633 Atque
1030 2569 1090 2612 vox
1115 2549 1311 2626 αἰολομίτρης
1335 2555 1373 2625 (Ε
1395 2546 1475 2626 507)
1498 2547 1638 2612 ostendit
1662 2550 1722 2612 mi-

531 2664 634 2730 tram,
666 2674 906 2738 nonnumquam
939 2653 1071 2732 saltem,
1103 2657 1125 2720 i.
1151 2676 1177 2718 e.
1210 2675 1284 2718 cum
1316 2675 1379 2718 non
1407 2659 1570 2739 tegeretur
1594 2657 1722 2731 tunica,

530 2763 737 2845 conspicuam
761 2760 869 2825 fuisse.

578 2868 712 2952 Propter
741 2866 884 2931 balteum
914 2870 1018 2952 igitur
1048 2866 1215 2932 Menelaus
1239 2873 1344 2932 nostro
1367 2865 1436 2932 loco
1460 2866 1589 2931 videtur
1612 2869 1721 2932 tunica

529 2974 664 3040 indutus
688 2972 776 3060 fingi.
809 2975 851 3037 At
875 2976 902 3037 si
926 2977 994 3060 ipse
1018 2972 1111 3051 θώρηξ
1134 2983 1242 3038 nostro
1266 2971 1334 3039 loco
1358 2972 1629 3058 quemadmodum
1652 2974 1720 3040 loco

530 3102 628 3167 supra
663 3086 814 3156 tractato,
851 3082 906 3146 ubi
943 3081 981 3146 de
1011 3080 1166 3147 Diomede
1197 3083 1315 3166 agitur,
1347 3102 1404 3166 pro
1437 3083 1544 3145 tunica
1574 3081 1720 3156 habetur,

529 3210 642 3255 omnes
673 3193 867 3253 evanescunt
896 3187 1110 3254 difficultates.
1144 3186 1228 3252 Nam
1259 3190 1366 3253 tunica
1397 3187 1553 3252 subducta
1577 3187 1637 3251 sub
1660 3187 1724 3252 bal·

529 3304 583 3361 teo
619 3293 736 3380 triplex
774 3300 839 3371 est;
883 3301 916 3358 at
946 3293 978 3358 id
1010 3294 1093 3379 quod
1126 3293 1244 3379 triplex
1274 3299 1340 3370 est,
1372 3296 1471 3359 etiam
1505 3300 1554 3359 est
1589 3293 1723 3379 duplex,

530 3404 639 3467 tunica
661 3408 771 3466 autem
795 3399 950 3465 subducta
974 3408 1140 3485 propterea
1164 3399 1283 3485 triplex
1301 3406 1350 3465 est
1369 3399 1453 3486 quod
1471 3398 1628 3485 simplici,
1650 3421 1723 3486 qua·

528 3508 573 3572 lis
604 3514 652 3571 est
684 3526 780 3590 supra
812 3513 843 3569 et
874 3505 956 3569 infra
988 3504 1148 3581 balteum,
1180 3506 1239 3570 sub
1265 3505 1369 3571 balteo
1393 3505 1513 3570 accedit
1536 3527 1618 3592 ruga
1642 3527 1722 3592 quae

530 3618 602 3699 ipsa
632 3620 680 3677 est
711 3610 839 3696 duplex.
871 3610 962 3676 Hauc
994 3614 1098 3697 igitur
1129 3632 1245 3698 rugam
1277 3612 1471 3698 significavit
1502 3618 1593 3697 poeta
1617 3613 1723 3677 verbis

531 3721 653 3789 ὃίπλοος
688 3716 798 3794 θώρηξ,
830 3719 910 3782 hauc
941 3721 1114 3783 occurrisse
1148 3722 1286 3805 sagittae
1316 3721 1385 3783 eius
1408 3721 1560 3784 intererat
1583 3740 1723 3785 comme-

530 3847 665 3891 morare.
688 3823 819 3890 Fibulas
842 3845 951 3890 aureas
972 3824 1067 3890 baltei
1087 3846 1150 3910 quo
1171 3828 1279 3890 tunica
1298 3828 1456 3890 succincta
1475 3833 1557 3901 erat,
1578 3829 1721 3890 tunicam

528 3937 635 4017 ipsam
665 3935 796 3997 mitram
827 3934 946 4017 sagitta
977 3931 1168 4017 perforavit,
1207 3953 1224 3996 e
1255 3932 1370 4016 quibus
1405 3934 1518 3996 merito
1553 3935 1650 3996 mitra
1686 3931 1719 4004 ἣν

530 4047 674 4118 χαλκῆες
706 4039 814 4115 ’κάμον
837 4034 939 4115 ἄνδρες
964 4041 1172 4123 praecipuum
1196 4037 1335 4103 telorum
1358 4042 1595 4103 munimentum
1620 4038 1721 4104 audit.

567 4317 580 4364 l
613 4315 647 4363 H.
667 4314 719 4362 W.¹
757 4313 820 4363 .9l.

565 4316 594 4459 bl
617 4396 706 4446 Tunica
726 4330 760 4445 itIl
782 4395 860 4445 brevic
883 4400 908 4445 ut
933 4396 1024 4445 femora
1047 4396 1143 4445 nonnisi
1163 4412 1207 4460 pro
1231 4396 1316 4460 exigua
1338 4400 1407 4462 parte
1423 4400 1488 4461 teget
1505 4396 1614 4462 cernitur
1628 4396 1654 4445 in
1671 4412 1725 4446 vase

530 4481 595 4546 qnod
618 4479 726 4543 Mycenis
749 4479 839 4528 invenit
863 4479 971 4528 Tzondm
993 4495 1014 4528 v.
1032 4480 1056 4528 d.
1080 4480 1118 4540 (ci.
1139 4477 1248 4542 Ἐφᾶρχ.
1268 4479 1331 4529 1891
1350 4496 1398 4527 πιν.
1417 4481 1448 4541 8).
1470 4480 1515 4528 Sed
1533 4479 1590 4528 baec
1607 4479 1725 4529 succincte

599 4566 642 4613 est.

531 4580 593 4707 ¹¹⁰3)
618 4645 656 4693 lta
678 4643 794 4692 censuisse
816 4643 911 4693 videtur
933 4647 1016 4692 unctor
1038 4644 1121 4692 scholii
1141 4646 1161 4692 A
1181 4643 1289 4693 mutilati
1307 4644 1337 4692 ad
1354 4643 1433 4694 alst
1452 4644 1515 4706 (vide
1531 4659 1573 4694 nou
1591 4660 1615 4708 p.
1633 4645 1681 4692 lid
1700 4644 1726 4693 iu

530 4733 596 4786 ann.)
615 4726 652 4775 ubi
670 4728 782 4790 legimus:
804 4725 860 4775 aaa?
877 4724 952 4790 ζῶμα
969 4726 1084 4788 φαεινόν”
1101 4729 1125 4792 (ξ
1135 4728 1193 4785 483)
1214 4723 1254 4774 aaa
1273 4727 1316 4774 τὸν
1334 4728 1439 4789 χαλκόν.
1458 4725 1472 4781 ἦ
1487 4727 1565 4789 μίτρα
1580 4721 1620 4776 obv
1634 4721 1722 4775 teuto

532 4808 632 4873 ἐριῶδης
650 4805 709 4858 ἐστὶ
724 4807 778 4870 περὶ
795 4808 839 4865 τὴν
854 4806 997 4873 ἐπιφάνειαν
1014 4812 1102 4871 χαλκῆ
1119 4806 1279 4871 ὑπάρχουσα.
