4525 5950
915 680 1165 732 umerorum.
1574 668 1640 736 273

494 852 548 918 Va.
573 851 650 917 284.
674 848 695 915 ὦ
720 857 868 933 Θρᾷττα,
895 851 950 924 τὴν
976 849 1082 921 κθοτκν
1107 849 1274 927 κάθελε,
1299 852 1364 914 κτὲ.

447 959 719 1025 Obscurieeimum
751 957 833 1021 mihi
863 959 927 1030 eet,
960 976 1022 1041 quo
1053 962 1245 1041 argumento
1276 955 1378 1021 editor
1401 962 1531 1022 tueatur
1555 959 1589 1024 h.
1613 958 1639 1025 1.

447 1065 583 1130 verbum
616 1065 764 1139 κκθελεῑν,
797 1082 877 1147 quae
909 1063 997 1126 enim
1019 1062 1052 1124 νὀο
1075 1062 1173 1142 eapite
1191 1061 1323 1142 perimus
1345 1083 1409 1127 non
1432 1064 1637 1144 depromimus,

447 1170 502 1234 sed
533 1169 716 1251 deponimue,
750 1169 997 1243 κοιτκτοθέμεθοο,
1028 1188 1090 1230 non
1114 1168 1326 1246 κοιθοοοροῦμεν,
1350 1169 1460 1252 itaque
1483 1168 1639 1254 hodieque

446 1277 656 1340 neeessariam
688 1274 823 1337 arbitror
854 1278 995 1337 veterem
1019 1293 1125 1336 meam
1149 1275 1363 1337 coniecturam
1388 1273 1533 1350 κατάθου,
1558 1276 1642 1359 quod

447 1381 584 1447 verbum
615 1378 719 1444 labem
751 1399 882 1462 paeeum
913 1387 961 1442 eat
991 1399 1008 1442 e
1038 1378 1244 1462 subsequenti
1275 1377 1401 1453 ἔξελε.
1434 1382 1552 1464 Aperte
1575 1403 1638 1445 nou

446 1487 566 1551 suffieit
593 1485 695 1551 lenior
727 1484 860 1570 Bergkii
888 1486 1027 1548 mutatio
1052 1488 1181 1547 καθελοῦ
1206 1483 1277 1549 οοΠ.
1303 1485 1395 1570 Veep.
1421 1484 1497 1563 936,
1522 1487 1640 1551 ubido

443 1594 650 1675 depromendo,
675 1613 737 1656 uon
760 1599 798 1654 ut
821 1591 852 1653 h.
877 1588 912 1666 1.,
938 1589 976 1654 de
999 1591 1171 1671 deponendo
1194 1611 1299 1655 sermo
1324 1590 1371 1654 fit.

494 1808 546 1874 Ve.
571 1808 647 1874 288.
673 1807 807 1889 ἔχοοοκν
831 1808 965 1872 fortasse
987 1814 1071 1872 reete
1096 1807 1278 1872 defenditur
1299 1830 1318 1874 a
1341 1812 1543 1877 coniecturis.

492 2012 546 2078 Vs.
571 2012 647 2077 294.
679 2014 762 2077 eitue
784 2012 931 2096 spurius,
957 2015 995 2074 ut
1017 2010 1182 2075 Meiuelrio
1207 2010 1339 2076 fortasse
1365 2033 1428 2077 non
1452 2020 1572 2080 temere
1596 2018 1643 2080 vi·

442 2121 590 2195 debatur,
620 2139 660 2183 an
682 2120 844 2203 genuinus
868 2116 953 2181 haud
978 2115 1146 2193 dirimam,
1174 2116 1229 2182 sed
1252 2120 1443 2203 neutiquam
1467 2121 1548 2184 mihi
1572 2142 1642 2206 per-

442 2228 549 2291 suasit
572 2224 676 2290 editor
698 2224 866 2308 perhibene
890 2243 986 2288 versu
1007 2219 1072 2285 293
1093 2220 1131 2284 οὺ
1155 2222 1179 2285 δ’
1200 2219 1296 2299 ἄπιθ’,
1317 2219 1338 2286 ὦ
1360 2227 1488 2306 Θρᾷττ’,
1510 2227 1641 2290 ἐκποδών

446 2333 648 2409 „orationem
671 2328 813 2394 desinere
837 2336 909 2413 apte
933 2349 996 2392 nou
1019 2326 1143 2413 poese”.

493 2548 545 2613 Va.
571 2547 649 2612 498.
1000 2548 1060 2612 οὐδ’
1085 2549 1173 2611 ἐκεῖν’
1199 2546 1296 2625 εέρκκέ
1321 2572 1367 2613 πω

674 2657 714 2724 ὡς
739 2654 756 2727 ἦ
781 2656 859 2729 γυνὴ
884 2653 1026 2717 δεικνῦσα
1050 2652 1153 2730 τάνδρὶ
1178 2653 1369 2731 τοῦγκυκλον

676 2759 727 2823 ὑπ’
752 2760 859 2837 οιῦγθς
883 2753 942 2823 eido
967 2759 1058 2837 εὀτον,
1084 2759 1453 2837 ἐγκεκαλυμμένον

674 2866 725 2928 τὸν
748 2865 858 2944 μοοχθν
884 2864 1071 2942 ἐξέπεμψεν,
1096 2866 1164 2929 οὐκ
1189 2863 1324 2944 εἴρηκέ
1349 2890 1413 2930 πω.

442 2974 568 3039 Locum
591 2974 872 3058 corruptissimum
896 2993 957 3036 nou
983 2968 1068 3037 maie
1091 2972 1138 3035 eie
1160 2969 1289 3036 refinxit
1312 2970 1432 3037 editor:

673 3072 730 3142 aior
748 3080 819 3156 πρὸς
839 3076 945 3154 adreio
964 3077 1045 3140 εὀτον
1061 3081 1151 3157 (oum
1168 3075 1363 3164 Blaydeeio),
1377 3078 1504 3155 (ἐντοῖς
1517 3079 1640 3152 οἰκέτις)

674 3184 725 3246 τὸν
748 3181 859 3262 μοιχὸν
885 3180 1060 3259 ἐξέπεμψεν
1086 3183 1172 3261 (οὐχ
1195 3183 1374 3259 θρώμενον).

443 3288 548 3354 Verba
571 3290 624 3352 οὐκ
648 3288 746 3368 εἴρηκέ
770 3313 818 3352 που
837 3288 961 3354 librarii
980 3309 1085 3353 errore
1105 3290 1242 3374 repetita
1261 3295 1334 3354 ente
1353 3309 1428 3353 eum
1448 3288 1554 3355 delens
1571 3294 1640 3376 ipse

443 3398 480 3459 in
504 3416 605 3459 unum
630 3416 760 3460 veroum
785 3393 864 3459 duos
887 3400 1107 3459 contraxeram
1130 3395 1312 3459 scribendo:

675 3502 714 3572 ὥς
738 3503 754 3576 ἢ
779 3502 856 3577 γυνὴ
882 3499 1024 3564 terarum
1048 3499 1150 3577 τάνδρὶ
1175 3500 1367 3576 τοῦγκυκλον

674 3606 725 3667 τὸν
748 3607 858 3683 μοιχὸν
882 3603 1059 3683 ἐξέπεμψεν
1086 3605 1456 3681 ἐγκεκαλυμμένον

441 3710 575 3774 abieotie
596 3712 695 3774 etiam
713 3710 821 3776 verbio
840 3713 972 3775 ametrie
994 3712 1046 3773 ὑπ’
1065 3710 1172 3785 adreio
1186 3746 1229 3757 -
1242 3711 1334 3787 εὀτνν,
1356 3731 1436 3794 quae
1455 3712 1636 3776 adversum

441 3814 658 3899 supplendum
682 3814 875 3900 interpolata
898 3836 966 3880 esee
990 3814 1183 3899 auspicabar.
1210 3814 1397 3881 Leeuwenio
1420 3821 1533 3881 utrum
1553 3829 1638 3883 reete

441 3940 542 3983 neone
573 3919 649 3984 haee
680 3922 728 3985 ita
759 3922 856 3983 nimie
886 3921 1021 4005 abrupte
1052 3922 1174 3984 narrari
1205 3919 1384 3996 videantur,
1408 3921 1546 3987 aliorum
1570 3930 1638 3989 esto

440 4024 620 4102 iudicium,
653 4046 767 4091 verum
798 4026 858 4091 hoo
881 4026 974 4091 facile
997 4028 1027 4091 ei
1050 4024 1185 4091 oonoedo
1207 4028 1416 4111 participium
1440 4028 1638 4104 ἐγκεκαλυμ-

443 4131 533 4206 μένον
563 4131 641 4195 ferri
671 4152 733 4195 non
762 4152 871 4216 posse,
898 4153 993 4206 „nam
1017 4137 1074 4196 aut
1096 4131 1179 4195 nihil
1201 4131 1349 4216 proderet
1372 4132 1518 4198 adultero
1540 4140 1638 4219 eaput

442 4236 643 4313 obvolvieee,
668 4240 696 4301 ei
720 4241 829 4302 tamen
851 4244 992 4303 cerneret
1012 4258 1087 4303 eum
1108 4240 1260 4314 maritus,
1281 4244 1338 4302 aut
1357 4240 1384 4302 ei
1405 4259 1466 4302 uon
1487 4246 1636 4319 comeret,

442 4341 606 4407 inutilie’'.

490 4446 594 4526 Quare
617 4467 702 4511 nuno
725 4448 963 4532 proposuerim:

670 4551 721 4615 τὸν
745 4553 855 4631 μοιχὸν
880 4552 1040 4629 ἐξέπεμψε
1063 4553 1130 4615 τὸν
1157 4552 1436 4630 κεκρυμμένον

441 4677 525 4741 quae
549 4658 668 4740 eoripta
691 4677 781 4721 more
804 4659 936 4741 antiqua
958 4655 1031 4731 τθγ
1060 4659 1339 4734 κεκρυμμένον
1362 4657 1516 4724 facillime
1534 4662 1566 4723 in
1589 4660 1641 4738 ε’γ-

442 4761 690 4836 κεκαλυμμένον,
721 4761 806 4846 quod
838 4782 931 4826 nemo
962 4760 1177 4846 interpolator
1207 4761 1300 4827 faeile
1330 4762 1368 4827 de
1392 4783 1450 4827 auo
1472 4762 1639 4830 additurus
