4525 5950
642 662 709 728 206
1159 679 1306 728 rimans.

687 847 770 909 Anu.
793 843 846 921 Vl,
874 843 926 909 19.
959 843 1082 920 „lacuit
1112 847 1271 908 immensa
1299 849 1437 929 strages,
1463 848 1568 909 omnis
1591 866 1703 924 sexus,
1729 849 1834 911 omnis

641 958 745 1027 aetas,
768 949 911 1015 illustres
935 949 1092 1036 ignobiles
1117 950 1330 1034 dispersiaut
1353 951 1533 1036 aggerati.’'

685 1058 832 1120 Immemo
861 1059 997 1136 strages!
1028 1055 1074 1121 De
1107 1056 1184 1121 urbe
1214 1057 1253 1120 ab
1277 1056 1422 1121 hostibus
1446 1062 1539 1141 capta
1562 1078 1745 1140 sermonem
1768 1079 1837 1123 esse

641 1169 751 1249 putes,
785 1165 841 1248 qui
872 1163 954 1227 ferro
986 1165 1119 1248 ignique
1148 1164 1257 1227 omnia
1279 1164 1453 1239 vastarint,
1478 1162 1597 1227 incolas
1620 1165 1750 1229 obviam
1774 1164 1837 1228 sibi

641 1270 743 1335 factos
775 1269 1023 1345 trucidaverint,
1055 1270 1254 1352 pepercerint
1284 1270 1415 1332 nemini.
1448 1269 1492 1332 At
1521 1289 1632 1333 revera
1662 1272 1775 1355 agitur
1798 1270 1839 1333 de

639 1378 681 1441 iis
712 1375 915 1452 hominibus,
947 1376 1019 1458 qui,
1052 1376 1192 1439 accusati
1223 1373 1308 1458 quod
1339 1395 1414 1438 cum
1445 1373 1560 1439 Seiano
1588 1374 1741 1452 fecerint,
1767 1397 1840 1440 con·

641 1480 714 1546 eilia
745 1484 814 1545 eius
846 1480 1047 1561 adiuverint‚
1080 1479 1339 1544 emolumentum
1363 1478 1492 1563 aliquod
1516 1479 1554 1543 ab
1578 1500 1615 1544 eo
1637 1482 1839 1564 acceperint,

640 1590 738 1651 etiam
774 1589 807 1650 in
847 1584 986 1650 vinculis
1028 1585 1186 1650 iudicium
1229 1591 1262 1650 et
1302 1584 1598 1649 condemnationem
1639 1591 1839 1670 exspectent.

640 1693 689 1757 Ne
724 1698 796 1756 tum
828 1691 976 1775 quidem,
1009 1712 1083 1755 oum
1115 1689 1163 1754 nil
1195 1690 1284 1755 nobis
1315 1690 1353 1755 de
1383 1711 1497 1755 eorum
1520 1712 1653 1755 numero
1679 1691 1840 1755 traditum

641 1805 739 1871 esset,
763 1797 879 1881 aliquot
904 1817 1015 1860 eorum
1040 1797 1138 1860 fuisse
1162 1797 1248 1858 mitia
1272 1794 1364 1860 facile
1388 1797 1479 1863 nobis
1502 1796 1784 1880 persuaderemus:
1806 1804 1840 1861 et

641 1909 749 1968 tamen
781 1901 815 1964 id
846 1902 937 1966 nobis
960 1901 1154 1965 sumendum
1175 1901 1274 1976 foret,
1298 1902 1361 1965 nisi
1386 1901 1560 1966 admodum
1584 1902 1757 1966 absurdam
1779 1901 1840 1966 Ta

641 2011 698 2074 citi
731 2007 769 2072 de
800 2013 906 2093 strage
937 2005 995 2070 illa
1025 2005 1293 2072 exclamationem
1322 2006 1425 2071 videri
1455 2006 1624 2073 vellemus.
1650 2007 1734 2087 Quid
1758 2029 1838 2094 ergo

640 2135 725 2178 nunc
749 2114 841 2177 nobis
864 2112 902 2176 de
926 2133 963 2176 ea
986 2113 1193 2177 statuendum
1217 2119 1265 2177 est
1288 2117 1458 2197 postquam
1478 2117 1689 2199 cognovimus
1709 2121 1740 2193 (e
1761 2114 1840 2179 Sue

644 2222 746 2299 tonio)
777 2241 840 2284 non
871 2217 979 2302 plures
1013 2216 1122 2299 viginti
1153 2221 1286 2282 miseros
1310 2217 1384 2283 illos
1407 2215 1526 2284 fuisse?
1549 2218 1767 2286 Credamnsne
1791 2223 1838 2284 in-

640 2329 751 2412 gentia
778 2324 882 2390 'l'aoiti
905 2325 1001 2389 verba
1024 2326 1101 2388 satis
1124 2324 1250 2389 defendi
1274 2325 1533 2389 annotationibus
1556 2324 1661 2410 qualis
1685 2332 1734 2390 est
1758 2325 1838 2390 haec

643 2430 858 2517 Nipperdeyi:

686 2558 740 2614 „es
770 2539 813 2601 ist
844 2557 882 2600 cu
912 2535 1083 2600 bemerken
1115 2535 1187 2599 dass
1218 2534 1269 2599 die
1293 2535 1514 2621 Hinriohtung
1538 2557 1599 2600 von
1623 2536 1668 2601 20
1691 2536 1752 2600 aus
1769 2539 1837 2601 ein·

638 2641 705 2707 mal
728 2645 845 2707 immer
868 2647 965 2706 etwas
989 2639 1309 2705 auseerordentlicbes
1328 2644 1387 2718 ist,
1409 2641 1491 2706 dann
1512 2641 1586 2705 aber
1605 2642 1763 2705 immensas
1783 2642 1836 2707 bei

638 2746 711 2812 Tac.
736 2747 825 2812 nicht
847 2748 939 2811 mehr
962 2746 1113 2811 bedeutet
1136 2745 1201 2810 als:
1225 2745 1511 2812 auseerordentlich
1534 2745 1668 2832 gross”?

683 2852 780 2917 Haud
812 2854 924 2936 opinor
931 2872 940 2929 ;
972 2871 1064 2928 nam,
1097 2871 1294 2935 quamquam
1327 2854 1530 2917 verissimam
1561 2873 1628 2917 esse
1660 2858 1834 2937 utramque

636 2958 835 3046 Nipperdeyi
869 2959 1125 3024 observat-ionem
1161 2978 1270 3022 omnes
1305 2964 1439 3034 norunt,
1472 2960 1528 3043 qui
1558 2960 1592 3022 in
1623 2956 1735 3023 'Pacito
1767 2981 1832 3024 non

635 3065 728 3151 plane
763 3070 840 3129 sunt
874 3065 1031 3150 hospites,
1065 3071 1173 3128 tamen
1203 3085 1314 3128 earum
1345 3070 1458 3128 neutra
1489 3064 1626 3149 impedit
1656 3066 1831 3149 quominus

636 3174 759 3247 omnia,
784 3171 838 3234 sed
862 3172 1051 3255 praesertim
1075 3172 1138 3234 ista
1161 3169 1293 3251 dispersi
1316 3176 1369 3232 cat
1392 3171 1538 3251 aggerati,
1564 3171 1602 3234 ab
1627 3170 1776 3236 hocloco
1798 3177 1831 3235 et

634 3278 673 3342 ab
705 3278 764 3342 hac
795 3299 829 3341 re
860 3297 957 3362 quam
989 3274 1185 3341 alienissima
1217 3296 1411 3340 censeamus.
1435 3275 1478 3339 Et
1501 3275 1578 3361 quid
1602 3275 1664 3340 sibi
1685 3275 1770 3340 illud
1796 3277 1829 3339 in

636 3383 725 3447 initio
749 3382 959 3463 descriptionis
982 3382 1125 3465 positum
1150 3381 1283 3445 verbum
1307 3382 1403 3444 iacuit
1426 3380 1508 3458 vult,
1532 3384 1595 3445 nisi
1618 3402 1655 3446 eo
1678 3383 1832 3446 iubemur

634 3487 734 3554 oculis
753 3490 869 3552 nostris
888 3485 1122 3570 quodammodo
1142 3484 1246 3551 latum
1266 3485 1409 3570 aliquem
1428 3486 1621 3552 cadaverum
1633 3484 1830 3571 perlustrare

634 3590 806 3679 campum?
838 3591 900 3657 Sed
931 3611 1028 3677 quam
1059 3597 1166 3657 tantae
1189 3590 1389 3657 crudelitatis
1413 3612 1542 3657 causam
1566 3591 1655 3656 affert
1677 3590 1828 3670 Tacitus,

633 3720 670 3765 ea
701 3701 808 3762 minus
839 3699 954 3773 etiam,
986 3699 1014 3760 si
1044 3696 1112 3762 fieri
1144 3704 1266 3782 potest,
1298 3704 1345 3761 eet
1372 3696 1568 3761 verisimilis.
1594 3696 1827 3764 Crudelitatem

634 3810 756 3870 tantam
791 3801 1027 3888 intelligimus,
1064 3805 1091 3866 si
1125 3802 1281 3888 fingimus
1316 3802 1445 3867 tandem
1480 3802 1651 3888 aliquando
1681 3805 1827 3888 piguisse

633 3911 799 3976 'liberium
829 3908 936 3973 Seiani
967 3912 1099 3993 eiusque
1130 3911 1290 3974 sociorum
1320 3930 1544 3995 recognoscere
1576 3908 1715 3973 facinora
1739 3908 1831 3985 dira,

633 4018 751 4102 quibus
781 4018 849 4101 ipse
881 4016 941 4078 toti
972 4016 1083 4099 generi
1114 4016 1256 4080 humano
1287 4018 1412 4080 invisus
1439 4021 1522 4080 esset
1545 4013 1707 4092 redditus,
1732 4017 1831 4079 sumi·

634 4142 769 4205 musque
798 4141 891 4195 eum,
916 4141 990 4184 cum
1015 4119 1114 4184 semel
1137 4122 1199 4184 reis
1224 4123 1291 4185 sine
1314 4141 1442 4185 summa
1464 4142 1522 4185 sua
1545 4120 1677 4184 infamia
1700 4140 1830 4204 parcere

633 4251 696 4293 non
727 4232 849 4311 posset,
881 4228 1069 4309 quantocius
1099 4225 1234 4311 defungi
1258 4227 1406 4291 tristibus
1431 4225 1570 4292 voluisse
1593 4225 1739 4291 decretis.
1766 4226 1829 4291 Sed

633 4336 705 4419 quis
736 4331 843 4397 credat
867 4351 943 4394 eum
966 4337 1085 4393 cunctos
1107 4331 1210 4393 necari
1233 4331 1354 4394 locasse
1378 4331 1462 4416 quod
1486 4336 1570 4396 esset
1592 4330 1734 4394 irritatas
1756 4354 1828 4414 ecp-

627 4436 758 4521 pb'ciis?
790 4436 1002 4500 Barbarorum
1034 4438 1230 4500 immanium
1261 4436 1348 4501 istud
1379 4444 1444 4514 est,
1477 4435 1529 4502 vel
1553 4438 1660 4521 potius
1683 4436 1827 4501 ferarum

632 4545 826 4617 bestiarum,
855 4563 916 4605 non
940 4541 1094 4617 bominis,
1120 4543 1278 4626 quemad
1302 4548 1481 4608 extremam
1504 4562 1605 4626 usque
1628 4549 1828 4608 senectutem

630 4669 723 4714 sanae
754 4646 939 4730 sobriaeque
970 4649 1088 4711 mentis
1118 4647 1292 4712 admodum
1322 4647 1466 4712 multum
1489 4650 1660 4713 retinuisse
1684 4646 1738 4712 vel
1762 4668 1828 4712 una

628 4753 686 4819 illa
708 4753 906 4817 demonstrat
929 4750 1064 4835 epistola
1088 4755 1231 4836 capitum
1256 4754 1345 4837 bsq„
1371 4773 1469 4837 quam
1495 4752 1588 4817 modo
1610 4750 1827 4817 laudavimus.
