4525 5950
531 669 575 734 30
1000 684 1239 734 nnnosnnnnns.

532 854 587 938 qui
611 851 672 917 hoo
695 851 831 929 faciunt,
860 871 995 936 qnorum
1019 873 1134 917 nomen
1158 873 1220 916 non
1244 852 1352 917 abesse
1375 850 1484 927 debet,
1510 849 1568 914 sed
1592 857 1723 936 apparet

532 981 588 1025 cnr
611 957 804 1024 vocabulum
826 965 956 1045 propter
978 957 1161 1024 simillimos
1179 958 1348 1024 literarum
1367 959 1481 1023 ductus
1501 956 1722 1022 interciderit:

531 1061 572 1136 οἷς
605 1067 794 1141 καθαίρουσιν
825 1065 871 1142 (οἱ
903 1065 1138 1146 πρυτάνεις)
1170 1063 1263 1130 ὅταν
1293 1065 1437 1131 εἰσιέναι
1466 1063 1633 1141 μέλλωσιν
1657 1072 1725 1144 (01-

531 1180 779 1237 ΠΡΤΤΛΝΕΙΣ
792 1210 834 1218 -
850 1171 1145 1252 ΟΤΛΝΕΙΣιέναι).

577 1395 594 1478 §
615 1393 658 1457 44
681 1415 712 1479 p.
741 1390 836 1459 1270.
862 1391 998 1478 Supple:
1023 1390 1115 1455 πόλλ’
1139 1389 1177 1455 ύον
1200 1391 1273 1475 (ἔτι)
1297 1392 1392 1456 εἰπεῖν
1415 1388 1533 1470 ἔχοιμι.

908 1620 1020 1678 ΠΡΟΣ
1046 1618 1309 1677 ΚΑΛΛΙΚΑΕΑ.

577 1794 635 1880 §3
666 1817 698 1881 p.
725 1793 829 1862 1272:
863 1787 893 1859 ἓν
924 1797 980 1872 μὲν
1011 1790 1060 1860 ούν
1091 1794 1163 1871 πρὸς
1196 1793 1343 1865 ἅπαντας
1375 1795 1444 1866 τοὺς
1468 1795 1592 1860 τούτων
1619 1797 1727 1876 λόγους

533 1903 775 1982 παρέχομαι
808 1902 930 1967 δέκατον.
962 1902 1021 1968 nst
1051 1909 1145 1968 vetus
1175 1901 1402 1967 nonnullorum
1433 1900 1601 1968 librorum
1638 1904 1728 1970 lectio

534 2010 716 2090 ὑπάρχει
741 2033 809 2087 μοι,
833 2031 912 2094 qnae
934 2008 1029 2075 lectio
1048 2010 1223 2075 secundum
1243 2008 1404 2074 Blossium
1423 2031 1484 2074 non
1505 2008 1658 2077 deterior
1676 2019 1728 2087 est.

532 2116 614 2180 mihi
641 2122 749 2181 eutem
771 2115 866 2203 longe
888 2115 1004 2181 melior
1025 2117 1156 2182 ridetur
1178 2137 1256 2182 esee.

578 2340 596 2423 ξ
618 2336 638 2401 3
662 2358 692 2422 p.
720 2335 824 2402 1272:
849 2321 912 2400 οὔτ’
937 2335 1079 2412 έρκαλῶν
1104 2337 1197 2405 οὐδεὶς
1218 2337 1334 2400 πώποτ’
1359 2332 1446 2409 ἦλύεν
1469 2335 1542 2401 ούτε
1569 2339 1726 2418 μεμΦύ

532 2467 661 2520 μενος.
686 2442 806 2508 Immo:
830 2441 1106 2518 μεμψόμενος.
1137 2441 1220 2521 Quid
1245 2463 1325 2527 opus
1348 2447 1397 2508 eet
1419 2441 1524 2508 dicere
1548 2447 1658 2512 etiem
1682 2448 1726 2524 ir

533 2557 634 2614 καλῶν
659 2571 725 2615 esse
749 2551 956 2635 participium
980 2548 1081 2613 futuri
1106 2546 1280 2634 temporis?

577 2772 595 2855 ᾖ
618 2769 637 2835 5
669 2791 700 2855 p.
728 2767 832 2835 1273;
857 2769 890 2843 ιεἰ
914 2769 939 2832 δ’
964 2769 1136 2848 ύλιχύρησο
1160 2767 1225 2832 καὶ
1251 2765 1364 2846 συνέβη
1389 2790 1419 2830 τι
1442 2773 1592 2833 τοιοῦτον.
1620 2768 1723 2836 Melo:

535 2872 649 2960 κᾷτα

563 3076 636 3165 ·§'9
660 3102 690 3166 p.
718 3079 823 3145 1274:
849 3087 912 3151 τοῖς
935 3078 1043 3143 εἰδόσιν
1069 3077 1240 3157 ἐπιτρέπειν
1265 3079 1437 3156 ἐβουλόμην
1461 3085 1526 3151 τοῖς
1546 3077 1626 3154 ἴσοις
1648 3082 1721 3159 (καὶ

535 3193 708 3266 κοινοῖς).
732 3186 953 3273 Supplendum
977 3186 1035 3251 hoc
1058 3197 1106 3251 est
1129 3207 1168 3251 er
1192 3184 1266 3270 §35
1290 3206 1321 3270 p.
1349 3183 1446 3249 1281.

579 3405 661 3491 §10
693 3427 723 3491 p.
751 3404 856 3472 1274:
888 3404 969 3481 ὄρους
1000 3406 1192 3485 περιέχοντος
1226 3406 1327 3485 κύκλῳ
1351 3412 1434 3476 τοῖς
1459 3407 1643 3483 χωρίοις.
1667 3406 1722 3473 Hic

534 3510 638 3577 haesit
667 3511 817 3577 Reiekius
848 3518 879 3576 et
910 3508 949 3576 G.
975 3511 1017 3575 H.
1043 3511 1212 3576 Schiferns
1235 3533 1274 3577 ne
1297 3510 1380 3575 nihil
1405 3511 1524 3577 dixisse
1547 3514 1722 3589 videretur,

536 3618 683 3683 dativum
712 3617 906 3683 incommodi
938 3638 1005 3682 esse
1036 3620 1268 3703 pronunciavit.
1301 3616 1346 3682 Ut
1375 3620 1409 3682 in
1438 3619 1563 3683 incerte
1589 3643 1643 3699 re,
1667 3622 1722 3686 fere

536 3720 671 3790 dixerim
695 3746 808 3789 rerum
832 3746 897 3789 esse
921 3725 1038 3805 (περὶ)
1062 3732 1125 3796 τοῖς
1149 3726 1277 3803 χωρίοις.

581 3944 598 4028 ᾖ
621 3943 661 4008 15
685 3964 716 4028 p.
740 3942 836 4010 1275.
859 3944 923 4008 Ρτο
948 3946 1134 4009 testimonio
1158 3943 1281 4009 dictum
1300 3944 1364 4008 fuit
1383 3946 1417 4009 τὸ
1436 3944 1546 4022 χοιρίον
1568 3943 1653 4013 εἶναι
1670 3948 1723 4012 δέν

536 4049 606 4129 δρυν
630 4054 724 4124 μετὸν
747 4050 800 4114 καὶ
825 4052 965 4127 μνήματ’
988 4051 1071 4131 ἔχειν
1097 4052 1200 4114 τινα.
1225 4048 1347 4136 Supple
1371 4051 1533 4115 παλαιοὶ
1559 4074 1602 4119 ex
1628 4074 1722 4140 praec·

534 4176 659 4243 paragr.

581 4372 661 4459 §15
696 4397 725 4461 p.
754 4373 857 4440 1275:
890 4375 1173 4455 ἀμφισβητούντων
1205 4378 1243 4441 δὲ
1275 4378 1343 4442 ούτε
1376 4377 1490 4441 τούτων
1521 4379 1597 4445 οὔτε
1630 4380 1721 4448 ἄλλον

534 4486 592 4545 τῶν
615 4483 757 4558 χειτύνων
782 4484 907 4554 οὐδενός.
932 4484 995 4548 Hic
1018 4505 1144 4569 quoque
1167 4483 1290 4569 aliquid
1310 4483 1413 4549 deest:
1439 4487 1722 4565 ἀμφισβητούντων

534 4587 565 4653 δέ
589 4588 696 4667 (τότε).

582 4804 660 4889 §19
692 4828 722 4891 p.
746 4805 850 4872 1277:
875 4810 899 4870 οἱ
925 4811 980 4884 μὲν
1004 4810 1067 4886 γὰρ
1088 4804 1121 4883 ἦν
1141 4809 1285 4890 χαράδρα
1307 4812 1403 4874 πάλιν
1427 4809 1722 4892 ὑποδεχομένη.
