4525 5950
647 687 714 753 282
1185 706 1301 754 nrvrns.

690 869 811 934 XXIII.
840 870 891 934 ll.
907 869 942 934 3:
969 871 1077 954 Pptlrr'o
1101 870 1241 952 Apollini
1263 893 1296 934 re
1312 870 1439 952 publica
1462 878 1561 934 vesta
1585 872 1658 935 bene
1679 878 1771 952 perta
1791 893 1848 934 ser·

645 982 771 1059 nataque
802 977 839 1038 de
869 976 963 1038 bores
992 975 1108 1039 neritis
1132 977 1240 1039 dorm
1262 975 1403 1039 mittitote
1424 977 1519 1060 deque
1535 978 1670 1058 praeda,
1697 975 1847 1040 madiis

644 1081 809 1164 spoliisque
831 1081 965 1144 konnen
988 1082 1121 1144 habetote
1126 1107 1141 1155 ;
1164 1080 1319 1144 lasciviom
1343 1105 1362 1144 a
1386 1082 1466 1145 robis
1483 1082 1687 1164 prohibetote.

690 1185 923 1263 Weissenborn,
945 1192 1070 1250 servata
1089 1184 1224 1251 lectione
1244 1185 1379 1251 tradita:
1400 1187 1494 1249 larris
1512 1187 1637 1264 neritis,
1661 1186 1847 1251 ablativum

643 1291 828 1356 absolutum
848 1311 915 1355 esse
935 1289 1070 1355 credidit
1088 1293 1133 1355 sic
1154 1289 1331 1375 explicans:
1352 1293 1379 1354 si
1399 1290 1489 1356 lucra
1508 1290 1669 1368 iaceatis,
1689 1294 1722 1355 si
1734 1291 1848 1376 dignos

644 1418 701 1461 vos
729 1399 769 1460 iis
799 1396 1012 1461 reddideritis.
1043 1393 1165 1460 Deinde
1196 1417 1271 1460 cum
1296 1396 1472 1461 RIemanno
1496 1399 1780 1482 praepositionem
1803 1418 1849 1461 ex·

645 1502 759 1567 cidisse
783 1500 908 1566 maluit.
933 1500 1020 1580 Quae
1038 1500 1186 1565 medendi
1208 1503 1289 1564 ratio
1309 1538 1351 1548 -
1374 1521 1449 1565 nam
1467 1500 1574 1566 locum
1593 1503 1684 1566 vitio
1704 1501 1849 1567 laborare

645 1610 724 1672 satis
754 1606 962 1671 manifestum
993 1611 1042 1670 est
1067 1642 1109 1653 -
1134 1606 1217 1669 mihi
1248 1607 1378 1690 quidem
1401 1627 1527 1690 semper
1549 1609 1621 1671 visa
1646 1613 1703 1671 est
1726 1627 1851 1691 peruer-

645 1714 789 1776 sissima:
822 1712 923 1774 laena
953 1710 1010 1775 illa
1040 1710 1148 1775 carita
1178 1732 1261 1775 nuno
1289 1710 1525 1796 quodammodo
1548 1710 1776 1797 explicantur,
1799 1710 1848 1776 sed

644 1815 852 1903 probabiliter
887 1836 1076 1901 numquam.
1108 1817 1299 1882 Accuratius
1330 1816 1496 1882 oraculum
1527 1817 1777 1884 considerantes
1809 1820 1849 1882 vi·

646 1924 759 1988 demus
790 1924 911 1988 moneri
942 1921 1102 1987 Romanos
1134 1928 1173 1985 ut
1203 1922 1241 1986 de
1264 1923 1398 2006 praeda,
1423 1925 1445 1986 i.
1470 1943 1497 1987 e.
1522 1921 1561 1986 ds
1584 1924 1759 1988 manubiis
1782 1945 1848 2009 spo

645 2028 779 2113 liisque,
817 2027 959 2113 Apollini
994 2028 1147 2092 honorem
1182 2028 1320 2092 habeant
1355 2064 1396 2075 -
1429 2027 1557 2112 qualem
1592 2027 1699 2094 vero?
1735 2051 1848 2114 nempe

646 2133 845 2199 sollemnem.
868 2132 980 2199 Honor
997 2131 1054 2198 ille
1073 2154 1136 2197 usu
1155 2136 1233 2198 satis
1253 2139 1321 2198 eret
1340 2133 1490 2198 definitus
1510 2135 1579 2198 sive
1597 2136 1766 2199 vicesima
1785 2138 1848 2200 sire

646 2239 769 2304 decima
792 2239 855 2303 fuit
877 2239 929 2317 (ot.
955 2237 1076 2303 Preller
1099 2236 1124 2302 Ι.
1150 2260 1179 2323 p.
1202 2237 1292 2318 351).
1316 2237 1445 2304 Donum
1470 2243 1594 2315 tamen,
1620 2241 1714 2325 quod
1739 2263 1775 2306 re
1799 2263 1849 2326 pu·

646 2343 727 2409 blica
747 2345 825 2408 bene
845 2349 937 2430 gesta
957 2348 1144 2428 servataque
1165 2346 1294 2409 mittere
1314 2345 1475 2420 iubentur,
1493 2365 1625 2430 prorsus
1638 2346 1848 2412 indefinitum

646 2457 710 2527 est,
742 2471 805 2535 qua
836 2449 875 2514 de
905 2470 1000 2514 causa
1030 2470 1087 2534 pro
1112 2450 1206 2512 laad
1228 2450 1343 2513 neritis
1365 2449 1487 2534 aliquid
1511 2452 1763 2517 restituendum
1787 2474 1848 2518 essa

647 2562 725 2640 puto
746 2555 843 2640 quale
866 2561 931 2619 est:
950 2577 1011 2637 pro
1034 2555 1130 2618 tantis
1151 2554 1267 2618 neritis
1292 2555 1344 2621 vsl
1360 2577 1421 2637 pro
1443 2555 1507 2619 eius
1530 2555 1662 2621 meritis

695 2773 816 2838 XXIII.
845 2772 948 2838 lat:
982 2774 1029 2839 M.
1061 2773 1172 2837 Ionias
1202 2773 1281 2837 Pera
1398 2780 1524 2855 praeter
1546 2775 1626 2836 duas
1651 2776 1793 2841 urbanas
1813 2777 1847 2839 te

642 2880 746 2961 pianes
768 2927 841 2943 ....
863 2886 891 2943 et
910 2901 1061 2942 servornm
1080 2878 1221 2941 dilectam
1243 2927 1318 2944 ....
1339 2881 1381 2942 ad
1398 2879 1534 2941 nltimam
1546 2901 1648 2959 prope
1670 2882 1847 2963 desperatae

646 2986 691 3049 rei
708 2985 850 3067 publicae
873 2985 1033 3062 santiam,
1058 3007 1121 3047 earn
1140 2985 1262 3049 donata
1281 2986 1408 3049 alitibus
1427 2986 1543 3062 cedant,
1559 2986 1725 3050 descendit
1746 2989 1847 3052 edixit

647 3113 702 3175 qne
725 3112 751 3157 e.
766 3113 795 3176 q.
810 3112 835 3154 s.

691 3195 734 3260 llt
764 3195 871 3273 locus,
906 3195 964 3259 ubi
996 3194 1162 3281 leguntur,
1194 3202 1227 3260 et
1258 3196 1346 3260 verbi
1380 3203 1508 3279 tempus
1539 3198 1618 3259 satis
1654 3199 1847 3274 ostendunt,

646 3302 741 3365 verba
772 3324 835 3363 cam
866 3301 988 3363 lonasto
1018 3300 1144 3362 utilibus
1168 3302 1276 3363 cedunt
1297 3303 1331 3363 in
1356 3303 1536 3386 marginem
1561 3299 1747 3387 releganda
1771 3327 1846 3381 esse,

646 3407 729 3471 unde
753 3405 913 3491 quondam
936 3407 970 3469 in
994 3410 1177 3469 contextam
1200 3408 1376 3471 oraticnem
1399 3410 1605 3491 irrepserunt.
1635 3406 1687 3474 Of.
1712 3432 1847 3497 eaquae

646 3512 686 3577 ad
710 3511 798 3578 XXI.
825 3510 912 3576 34.1
937 3511 1116 3577 observavi.

690 3725 733 3788 ib.
759 3721 827 3808 §7²
856 3723 942 3803 plebs
971 3744 1122 3798 nonarum,
1155 3729 1189 3784 ut
1218 3721 1302 3799 solet,
1335 3745 1430 3785 rerunt
1453 3728 1541 3806 atque
1564 3723 1768 3791 Hannibalis
1791 3735 1846 3791 nn

645 3852 706 3893 esse
727 3835 890 3912 metamque
913 3849 1050 3907 aprorum
1067 3827 1279 3909 populationis
1301 3835 1330 3891 et
1347 3828 1497 3909 patienda
1517 3828 1550 3890 in
1571 3829 1737 3895 obsidione
1757 3834 1844 3896 nuta

644 3934 754 4017 procia
776 3934 959 4017 indipnaqae
977 3954 1145 4012 proponere
1167 3932 1276 3995 anino.
1888 3930 1889 3939 ’

693 4039 776 4118 Quid
799 4045 863 4102 est:
889 4039 976 4120 plebs
998 4044 1103 4100 rnetnrn
1125 4059 1262 4118 aprorum
1280 4038 1491 4119 populationis
1507 4041 1703 4120 proponebat
1729 4039 1843 4107 anim

648 4144 869 4208 Weissenborn
900 4143 1030 4207 adnotat
1059 4149 1221 4226 metamque
1244 4167 1272 4205 a.
1296 4166 1326 4223 p.
1360 4146 1516 4227 scriptum
1540 4164 1608 4208 esse
1635 4168 1696 4229 pro
1718 4150 1843 4232 popolo

647 4250 754 4312 tionem
772 4285 815 4294 -
834 4250 1017 4310 nretnendan
1036 4256 1067 4311 et
1087 4248 1223 4311 conferri
1239 4248 1328 4311 iubet
1347 4246 1400 4312 IV.
1421 4249 1474 4313 21.
1490 4248 1527 4313 6:
1548 4257 1657 4313 netum
1677 4255 1841 4318 vastitatis.

645 4352 708 4417 Sed
738 4353 789 4416 bic
821 4351 909 4415 locus
940 4350 1022 4414 nibil
1054 4351 1093 4415 ad
1125 4359 1286 4426 nostrum,
1311 4373 1386 4417 nam
1409 4352 1531 4438 legitur
1554 4356 1618 4418 ibi:
1646 4356 1842 4423 Pestilentior

645 4458 716 4520 inde
746 4479 844 4519 annas
868 4494 910 4503 -
935 4464 1048 4519 tantam
1072 4464 1178 4519 metant
1201 4458 1354 4520 vastitatis
1377 4458 1408 4521 in
1433 4460 1504 4521 urbe
1526 4459 1669 4544 aprisquc
1688 4465 1789 4548 fecit,
1812 4471 1841 4526 al

645 4583 671 4627 e.
686 4584 715 4646 q.
730 4583 753 4625 s.
778 4562 890 4626 Potuit
911 4561 999 4646 plebs
1019 4582 1171 4647 agrorum
1193 4562 1433 4647 populationem
1453 4567 1560 4628 animo
1577 4566 1641 4630 sibi
1654 4588 1839 4655 proponere,

644 4666 784 4731 sednon
808 4674 933 4730 metum
955 4669 1081 4750 ipsum,
1106 4670 1215 4751 itaque
1239 4669 1406 4733 emendare
1431 4668 1529 4734 vslIm
1553 4677 1759 4758 metnensque,
1784 4697 1840 4760 quc

644 4773 727 4835 sacto
758 4775 915 4835 sententia
945 4772 981 4835 fit
1011 4773 1104 4836 hacc:
1136 4771 1224 4856 plebs
1258 4783 1403 4837 metucns
1432 4777 1456 4838 i.
1479 4795 1506 4838 e.
1540 4774 1619 4839 dum
1656 4784 1838 4856 metuebat,
