4525 5950
943 712 984 759 oa
1008 711 1152 760 cunnus.
1576 698 1643 762 239

446 875 574 960 origine
606 875 705 939 tirisse
728 874 829 954 ἑορτήν
852 876 1052 941 Doriensium.
1078 876 1148 955 Quo
1172 876 1218 942 nil
1240 877 1369 964 longius
1393 899 1411 943 a
1434 900 1510 944 vero
1534 881 1642 958 abest,

446 983 541 1045 cuius
571 982 618 1045 rei
648 980 778 1046 afferam
809 981 1038 1047 documentum
1069 984 1235 1069 hucusque
1267 984 1408 1049 nondum
1434 986 1518 1069 quod
1542 989 1641 1051 sciam

444 1088 552 1169 pretio
576 1089 784 1152 aestimatum
808 1108 877 1152 suo.

494 1190 583 1255 Inter
617 1192 703 1257 mala
738 1195 841 1271 enlm,
877 1195 995 1279 quibus
1026 1192 1221 1272 Clisthenes,
1254 1197 1268 1261 d
1301 1198 1468 1261 Σικυωνίων
1491 1201 1641 1275 Acerris,

447 1300 582 1362 vexavit
605 1298 774 1363 Dorienses
796 1298 937 1377 nobiles,
962 1302 1153 1384 primarium
1176 1300 1285 1366 locum
1309 1302 1432 1368 obtinet
1455 1303 1533 1381 hoc,
1558 1304 1641 1388 quod

445 1423 567 1488 regum
597 1402 765 1490 Sicyoniae
789 1407 1001 1490 pristinorum
1023 1409 1238 1472 recensionem
1262 1408 1374 1472 habuit
1397 1410 1641 1474 severissimam.

445 1507 630 1573 Stemmata
659 1509 776 1574 horum
807 1531 923 1596 regum
954 1532 971 1574 e
1001 1514 1100 1576 variis
1131 1511 1257 1577 fabellis
1282 1512 1442 1599 Sicyoniis
1466 1517 1643 1598 composita

444 1614 762 1679 circumferebantur.
787 1613 968 1682 Clisthenes
987 1621 1156 1681 autem'ex
1175 1618 1233 1682 hac
1253 1620 1333 1682 serie
1352 1617 1534 1683 eliminavit
1550 1639 1642 1704 reges

442 1724 590 1804 septem,
614 1719 817 1796 Heraclidas,
842 1741 980 1806 quorum
1002 1721 1188 1786 nominibus
1213 1723 1285 1788 freti
1309 1722 1476 1788 Dorienses
1498 1724 1642 1808 perhibe·

442 1825 525 1889 bant
547 1845 580 1889 se
604 1846 667 1889 non
686 1824 860 1910 illegitime
879 1824 1048 1912 Sicyoniae
1068 1848 1207 1912 regnum
1227 1825 1381 1904 affectare,
1401 1831 1503 1893 immo
1523 1834 1641 1892 terram

441 1951 576 2015 poscere
598 1953 699 2007 scam,
724 1931 980 2016 quandoquidem
1003 1934 1069 1996 iam
1092 1937 1166 1997 ante
1189 1931 1392 1997 Doriensium
1417 1935 1450 1997 in
1474 1935 1640 2018 paeninsu-

440 2034 514 2100 lam
544 2035 686 2100 reditum
716 2035 886 2101 Dorienses
916 2035 1100 2123 Sicyoniam
1130 2040 1294 2122 regionem
1328 2038 1487 2104 habitasse
1517 2038 1642 2104 doceret

441 2143 591 2205 historia.
621 2140 659 2204 In
690 2147 814 2226 septem
845 2142 961 2206 horum
984 2141 1092 2206 locum
1116 2140 1294 2208 Clisthenes
1318 2181 1361 2191 —
1385 2163 1460 2207 nam
1483 2149 1640 2229 tyrannus

441 2267 544 2331 supra
573 2247 742 2312 historiam
767 2285 809 2295 —
832 2250 969 2312 inseruit
1002 2249 1110 2311 θαινιιν
1139 2251 1305 2312 sacedotes
1335 2255 1476 2333 sept-em,
1501 2270 1638 2334 quorum

441 2355 572 2437 primus
603 2359 671 2416 erat
700 2352 874 2418 Archelaus
903 2351 1075 2419 Clisthenis
1097 2356 1200 2437 ipsius
1223 2353 1341 2440 phylae
1365 2375 1553 2440 eponymus.
1583 2354 1641 2418 Fa·

442 2461 569 2524 ciamus
600 2479 684 2523 nunc
715 2457 836 2525 Caroea
864 2459 965 2524 fuisse
996 2458 1200 2525 Doriensium
1232 2460 1393 2544 propriam
1425 2460 1536 2537 ἑορτήν,
1561 2460 1638 2544 qnid

441 2571 524 2628 tunc
558 2562 756 2642 Clisthenes,
792 2567 848 2649 qui
883 2564 1052 2630 Dorienses
1082 2568 1262 2650 antiquitus
1293 2564 1430 2651 Sicyone
1459 2565 1638 2630 consedisse

440 2670 668 2755 quoquomodo
692 2690 810 2755 negare
832 2669 948 2745 vellet,
973 2672 1028 2754 qui
1052 2670 1134 2735 hanc
1152 2672 1191 2735 ob
1212 2692 1279 2735 rem
1299 2678 1472 2735 stemmata
1490 2670 1637 2755 legitima

441 2796 666 2861 corrumpere,
699 2778 830 2852 vitiare,
862 2775 1042 2840 adulterare
1072 2777 1157 2841 infra
1179 2797 1211 2839 se
1233 2798 1296 2840 non
1321 2776 1470 2853 haberet,
1494 2779 1636 2861 ineptius

440 2882 547 2945 facere
572 2884 730 2966 potuisset
751 2901 848 2964 quam
872 2902 929 2967 pro
952 2882 1144 2945 Doriensium
1167 2882 1297 2967 regibus
1319 2882 1512 2947 substituere
1536 2902 1636 2947 sacer·

439 2988 532 3051 dotes
555 2987 661 3052 cultus
685 2988 782 3051 dorici
789 2985 801 3051 l
826 2988 902 3072 quid
922 2992 1028 3074 magis
1048 2988 1222 3053 ridiculum
1242 3010 1339 3073 quam
1359 2988 1559 3066 Clisthenes,
1579 2992 1635 3074 qui

437 3092 610 3158 Dorienses
634 3091 687 3158 vel
710 3095 808 3169 ὠμοὺς
833 3099 952 3174 φαγεῖν
974 3093 1091 3171 vellet,
1116 3115 1149 3158 se
1169 3096 1277 3178 ipsum
1297 3115 1364 3159 esse
1384 3116 1401 3158 s
1419 3094 1520 3159 nobili
1539 3101 1635 3180 gente

437 3198 548 3262 dorica
581 3197 688 3283 palam
723 3196 912 3264 enuntians?
947 3199 1071 3275 lmm0,
1107 3202 1163 3285 qui
1196 3200 1380 3264 recordatur
1409 3200 1633 3284 Melanippum

437 3304 570 3369 heroem
601 3325 619 3368 a
650 3303 812 3370 Clistheue
843 3326 860 3370 e
892 3305 1019 3369 Boeotia
1042 3309 1075 3369 iu
1099 3304 1284 3390 Sicyoniam
1307 3327 1375 3370 esse
1395 3305 1632 3382 introductum,

436 3410 629 3495 Messapum
657 3413 739 3475 item
770 3413 898 3474 boeotum
928 3411 966 3475 ab
998 3432 1034 3476 eo
1059 3414 1093 3475 in
1116 3432 1233 3476 noram
1256 3432 1372 3497 regum
1396 3414 1512 3476 seriem
1535 3411 1634 3475 fuisse

434 3519 615 3592 insertum,
648 3516 777 3581 Adrasti
800 3516 924 3581 cultum
948 3520 1078 3601 tyranni
1100 3520 1191 3582 iussu
1214 3519 1310 3581 bocotc
1335 3516 1478 3602 Dionyso
1501 3520 1633 3581 cessisse

434 3621 525 3697 loce,
557 3621 592 3686 cd
623 3621 813 3702 βοιωτιάζειν
841 3624 945 3707 igitur
967 3625 1072 3709 magis
1096 3644 1192 3707 quam
1218 3625 1251 3686 cl
1275 3621 1451 3702 λακωνίζειν
1475 3620 1633 3688 Clistheni

434 3728 537 3791 fuisse
567 3727 669 3804 cordi,
702 3730 730 3791 is
761 3725 854 3792 facile
884 3728 1097 3813 suspicabitur
1129 3726 1249 3793 Carnes
1282 3730 1461 3811 antiquitus
1492 3748 1531 3791 ex
1562 3729 1632 3811 ipsa

436 3831 573 3895 Boeotia
602 3834 634 3895 in
666 3830 852 3917 Sicyoniam
883 3831 936 3897 vel
965 3835 1072 3917 potius
1102 3835 1135 3897 in
1169 3838 1271 3897 totam
1302 3832 1558 3917 Peloponnesum
1590 3834 1632 3895 ir-

433 3939 583 4021 repsisse.
617 3936 721 4016 Quam
751 3939 965 4022 suspicionem
988 3938 1050 4003 alia
1072 3960 1150 4003 mox
1173 3937 1405 4003 confirmabunt
1428 3943 1630 4023 argumenta.

433 4043 531 4107 Nunc
561 4041 602 4106 ad
630 4046 832 4128 propositum
855 4044 1021 4109 redeamus
1043 4050 1139 4129 atque
1163 4043 1242 4108 alios
1266 4045 1323 4107 nbi
1346 4043 1384 4107 de
1408 4042 1539 4109 Camois
1563 4045 1630 4128 agi-

433 4153 491 4212 tur
522 4149 731 4231 inspiciamus
760 4147 864 4225 locos,
897 4154 935 4213 ut
965 4151 1082 4213 certius
1106 4148 1231 4213 definiri
1256 4151 1377 4233 possint
1401 4150 1517 4213 horum
1541 4147 1632 4213 ludo·

433 4273 512 4317 rum
535 4252 623 4317 fines.

479 4357 664 4423 Herodotus
695 4363 802 4424 narrat
818 4359 841 4440 ¹)
872 4358 1036 4445 Spartanis
1068 4361 1240 4444 quominus
1272 4360 1520 4424 Atheniensibus
1544 4358 1629 4444 apud

429 4464 660 4531 Marathonem
683 4467 877 4551 pugnaturis
901 4465 1022 4531 auxilio
1046 4468 1195 4531 venirent
1218 4466 1379 4531 obstitisse
1401 4467 1451 4529 riv
1473 4465 1571 4540 νόμον.
1594 4462 1628 4537 ἦν

429 4572 497 4647 γὰρ
522 4570 689 4645 ἱσταμένων
714 4575 768 4635 τοῦ
792 4571 886 4648 μηνὸς
911 4571 1014 4645 εἰνάτη
1023 4621 1031 4650 ,
1057 4571 1162 4651 εἰνάτῃ
1185 4572 1215 4636 δὲ
1239 4573 1292 4636 oda
1314 4570 1527 4646 ἐξελεύσεσθαι
1551 4568 1629 4650 ἔφα-

468 4813 495 4872 ι)
514 4810 556 4871 ιι,
576 4812 633 4870 roc,
645 4812 684 4861 10.
