4525 5950
955 726 1096 776 uacuus.
1565 707 1630 773 829

437 894 574 957 inventa
593 892 790 970 emendatio,
811 913 868 977 per
886 893 933 957 las
952 900 1048 977 atque
1069 893 1157 957 nefas
1178 892 1364 957 defendendi
1384 914 1479 978 quam
1499 893 1552 958 bic
1572 900 1630 958 est.

438 995 611 1062 Traditum
634 1005 700 1063 est:

490 1104 558 1180 „At
592 1101 707 1170 Caesar
741 1104 893 1169 dedicatis
924 1126 980 1191 per
1010 1104 1220 1191 Campaniam
1252 1104 1400 1191 templis,
1436 1126 1631 1190 quamquam

441 1209 549 1275 edicto
572 1212 768 1288 monuisset,
800 1231 839 1275 ne
864 1213 934 1296 quis
958 1212 1100 1297 quietem
1124 1214 1194 1276 eius
1216 1214 1426 1297 irrumperet,
1450 1233 1632 1277 concursus·

441 1337 505 1401 que
530 1316 761 1401 oppidanorum
785 1316 937 1402 disposito
961 1316 1065 1381 milite
1088 1318 1343 1402 prohiberentur,
1370 1339 1501 1403 perosus
1524 1324 1632 1383 tamen

440 1425 622 1509 municipia
652 1429 684 1488 et
714 1421 853 1488 colonias
880 1427 1050 1510 omniaque
1079 1426 1113 1488 iu
1138 1427 1314 1490 continenti
1337 1426 1416 1502 sita,
1440 1423 1576 1509 Capreas
1598 1446 1631 1491 se

437 1533 475 1594 in
498 1528 641 1594 insulam
664 1528 819 1594 abdidit.''

487 1635 554 1700 Pro
584 1635 761 1717 irrumperet
788 1634 933 1700 Heraeus
955 1613 1140 1701 felicissima
1162 1636 1387 1721 lenissimaque
1411 1637 1631 1704 emendatione

440 1743 589 1827 reposuit
611 1741 848 1824 interumperet.
880 1742 921 1806 lat
944 1750 1051 1807 tamen
1075 1745 1226 1808 insanum
1249 1743 1336 1808 istud
1360 1744 1537 1826 irrumperet
1559 1747 1631 1810 reti·

439 1855 520 1914 nent
543 1847 680 1913 editores
703 1849 851 1934 quidam,
877 1849 927 1914 his
951 1849 1073 1914 scilicet
1096 1849 1174 1915 locis
1197 1853 1296 1915 moti:

486 1953 531 2018 Η.
557 1952 582 2030 Ι,
606 1953 661 2031 82,
677 1955 706 2018 l.
730 1953 877 2019 Militum
900 1957 1042 2041 impetus
1065 1977 1105 2021 ue
1126 1956 1246 2021 foribus
1264 1956 1393 2042 quidem
1414 1954 1531 2022 Palatii
1549 1964 1631 2024 codr-

439 2064 544 2139 citus,
569 2064 741 2146 quominus
763 2064 949 2127 convivium
972 2065 1198 2147 irrumperent.

485 2167 530 2232 Η.
562 2166 616 2244 IV,
641 2167 695 2245 50,
708 2167 739 2232 2.
776 2167 907 2254 Raptim
945 2171 1046 2246 vecti,
1083 2169 1217 2234 obscuro
1251 2168 1355 2234 adhuc
1390 2177 1517 2256 coeptae
1549 2169 1631 2235 lucis

439 2274 575 2340 domum
599 2273 797 2358 proconsulis
819 2277 1006 2360 irrumpunt
1030 2274 1190 2340 destrictis
1213 2274 1341 2361 gladiis.

486 2379 628 2445 Hoocine
659 2401 736 2466 ergo
766 2380 869 2446 edicto
893 2383 998 2446 vetuit
1022 2379 1170 2445 Tiberius
1192 2383 1261 2445 vim
1286 2381 1348 2445 sibi
1370 2383 1404 2444 in
1427 2402 1485 2446 suo
1508 2380 1631 2446 Palatio

438 2486 507 2551 fieri
529 2492 564 2551 et
587 2506 696 2551 necem
719 2484 892 2552 intentarit

483 2591 522 2671 V,
549 2591 579 2657 6.
610 2591 666 2656 Vir
696 2593 845 2678 quidam,
878 2594 933 2679 qui
964 2591 1071 2658 Seiani
1096 2593 1200 2658 fuerat
1226 2594 1365 2669 amicus,
1390 2599 1422 2657 et
1445 2597 1517 2677 post
1539 2590 1630 2656 illius

437 2701 678 2765 damnationem
708 2701 742 2762 in
774 2719 941 2764 summum
973 2697 1128 2763 adductus
1159 2703 1208 2763 est
1238 2697 1424 2776 discrimen,
1448 2697 1487 2762 ad
1511 2700 1629 2764 amicos

439 2812 473 2873 et
497 2804 562 2871 alia
586 2810 618 2870 et
641 2807 719 2871 haec
741 2803 903 2890 loquitur:

486 2912 606 2991 „Versa
630 2918 678 2978 est
700 2912 845 2989 fortuna,
869 2917 901 2977 et
923 2909 980 2976 ille
1004 2911 1152 2996 quidem,
1173 2912 1229 2996 qui
1248 2909 1404 2997 collegam
1423 2915 1455 2976 et
1473 2931 1628 2998 generum

436 3020 621 3103 (Seianum)
654 3021 809 3084 asciverat
840 3019 902 3083 sibi
932 3019 1085 3104 ignoscit;
1119 3020 1234 3094 ceteri,
1266 3038 1362 3102 quern
1392 3038 1448 3103 per
1479 3017 1630 3083 dedecora

435 3129 567 3202 fovere,
592 3146 665 3191 cum
688 3124 804 3190 scelere
827 3123 1057 3190 insectantur.'’

484 3230 585 3299 Nulla
614 3237 664 3297 est
693 3234 726 3296 in
758 3231 808 3296 his
840 3232 1014 3316 oppositio,
1039 3235 1070 3295 et
1094 3232 1223 3295 omnino
1246 3228 1357 3294 nullus
1381 3250 1477 3295 sanus
1499 3251 1627 3307 sensue,

436 3341 502 3404 nisi
524 3341 685 3403 sumimus
708 3339 793 3403 hunc
817 3338 981 3402 hominem
1004 3335 1162 3403 declarare
1181 3335 1364 3414 Tiberium,
1390 3338 1541 3421 quoniam
1560 3339 1629 3422 ipse

437 3444 544 3511 scelus
575 3466 594 3510 a
616 3465 649 3509 se
672 3447 881 3510 commissum
904 3465 965 3509 non
990 3446 1126 3520 sentiat,
1151 3445 1238 3508 omni
1260 3442 1376 3509 scelere
1399 3442 1537 3508 liberum
1562 3465 1629 3509 esse

435 3556 549 3634 (ceteri
583 3575 647 3616 cum
682 3552 791 3616 scetere
823 3554 1030 3628 insectantur,
1062 3549 1209 3616 Tiberius
1244 3552 1306 3615 sibi
1340 3553 1502 3637 ignoscit).
1537 3549 1629 3631 Quod

435 3662 536 3726 nimis
558 3657 742 3724 absurdum.
769 3657 888 3723 Verum
906 3658 997 3743 lege:
1022 3658 1172 3738 ipnoecot,
1194 3657 1325 3723 habebis
1345 3660 1521 3723 orationem
1542 3679 1628 3744 egre

435 3770 529 3854 giam
552 3765 746 3851 dignamque
763 3767 851 3842 viro,
871 3766 927 3848 qui
947 3762 1107 3829 excelsum
1126 3767 1159 3828 in
1181 3762 1343 3849 republica
1363 3767 1502 3829 tenuerit
1519 3763 1627 3829 locum

435 3880 471 3940 et
502 3893 542 3936 ne
574 3874 607 3935 in
638 3874 752 3936 mortis
782 3871 912 3957 quidem
944 3869 1078 3935 confinio
1109 3873 1305 3935 reverentiae
1340 3891 1417 3957 erga
1450 3872 1627 3955 principem

436 3977 664 4047 obliviscatur:
698 3975 810 4055 „illoe,
842 3978 898 4062 qui
929 3974 1008 4041 olim
1039 3975 1152 4042 Seiano
1184 3983 1259 4041 sunt
1281 3975 1421 4054 adulati,
1444 3998 1528 4041 nunc
1552 3998 1626 4042 eum

432 4091 643 4162 insectantur,
675 4082 822 4149 scelestos
852 4104 965 4148 vocare
987 4104 1050 4147 uon
1075 4083 1203 4161 dubito;
1229 4082 1313 4167 quod
1337 4082 1376 4148 ad
1396 4082 1559 4148 Tiberium
1583 4089 1628 4149 at·

433 4196 537 4268 tinet,
555 4194 584 4254 is
603 4190 641 4255 de
661 4210 694 4255 se
712 4188 845 4266 viderit,
866 4195 913 4264 et,
934 4191 961 4253 si
981 4192 1097 4275 possit,
1117 4189 1239 4255 factum
1260 4210 1355 4254 suum
1367 4190 1428 4254 sibi
1441 4189 1625 4275 approbet.”

484 4295 538 4374 VI,
564 4295 594 4362 9.
627 4295 674 4361 De
705 4295 834 4361 Vistilio
865 4298 1022 4381 praetorio
1044 4295 1155 4362 literas
1178 4296 1216 4360 ad
1240 4302 1388 4360 senatum
1410 4298 1514 4360 mittit
1537 4295 1626 4361 'libe

433 4408 521 4479 rius,
554 4403 670 4489 quibus
692 4399 901 4467 insimulatur
924 4404 1138 4488 composuisse
1161 4402 1317 4487 quaedam
1340 4406 1372 4466 iu
1397 4398 1433 4467 0.
1458 4401 1623 4469 Gaesarem

432 4519 474 4577 ut
497 4509 716 4596 impudicum:

484 4624 601 4703 „atque
631 4617 669 4682 ob
700 4615 733 4680 id
758 4618 907 4681 convictu
933 4617 1086 4702 principis
1110 4615 1292 4700 prohibitus
1315 4636 1389 4680 oum
1413 4613 1504 4680 senili
1527 4635 1624 4679 manu

435 4728 561 4792 ferrum
594 4724 835 4808 temptavisset,
860 4721 981 4808 obligat
1003 4742 1115 4801 renas;
1139 4726 1348 4806 precatusque
1371 4742 1427 4805 per
1448 4719 1623 4798 codicillos,

436 4834 565 4900 immiti
587 4852 752 4917 responso,
777 4850 874 4895 venas
896 4828 1060 4895 resolvit.''
