4525 5950
537 682 601 746 108
895 699 939 744 sn
964 697 1196 746 umarorssurs
1219 698 1355 745 ruurnu.

532 868 598 930 iam
630 862 806 942 ὦστΙζννταν
841 865 870 927 ἕν
894 874 932 943 τῇ
958 865 1107 948 instancia
1125 865 1159 943 ¹),
1185 870 1217 928 at
1241 864 1333 929 facile
1357 865 1519 929 eredimus
1541 866 1726 950 Aristopha-

535 993 608 1035 nem
633 970 671 1035 ds
695 972 809 1035 harum
833 970 1044 1057 largitionum
1068 975 1198 1035 auctore
1220 969 1306 1034 idam
1330 974 1488 1035 censuisse
1507 981 1605 1055 atque
1625 974 1726 1035 civem

513 1079 630 1159 'quem
655 1076 748 1140 Plato
772 1078 912 1141 comicus
935 1078 966 1139 in
992 1096 1084 1140 sesna
1106 1074 1339 1140 exclamantem
1362 1075 1454 1140 feeit:

714 1182 819 1254 λαβοῦ
844 1180 947 1254 λαβοῦ
971 1190 1024 1255 τῆς
1050 1182 1151 1262 χειρὸς
1175 1184 1213 1250 ὣς
1238 1181 1382 1259 τάχιστά
1408 1183 1490 1255 μου]

713 1287 820 1363 μέλλω
844 1289 1020 1366 στρατηγὸν
1043 1294 1224 1367 χειροτονεῖν
1249 1287 1406 1361 Ἀγύρριον
1420 1282 1457 1365 ⁸).

579 1392 686 1457 Etiam
706 1413 802 1457 usum
822 1396 880 1457 τῶν
898 1395 1154 1471 γραμμάτων
1176 1401 1295 1468 A—K,
1315 1392 1400 1456 unde
1421 1398 1470 1456 ter
1489 1393 1579 1456 ioeus
1600 1392 1727 1457 ducitur

532 1500 566 1562 in
591 1497 697 1562 fabula
719 1505 826 1563 nostra
840 1497 875 1576 ³),
899 1499 990 1564 brevi
1014 1504 1087 1563 ants
1111 1519 1230 1563 annum
1254 1497 1319 1562 389
1342 1501 1375 1561 in
1396 1499 1564 1562 sortitione
1583 1497 1727 1562 iudicum

531 1602 707 1668 invaluisse
740 1607 900 1688 primurn,
933 1603 1155 1689 intellegimus
1185 1602 1300 1668 collato
1324 1602 1616 1668 Ecclesianusarum
1643 1602 1726 1679 loco,

532 1709 588 1773 nbi
620 1709 732 1774 eadem
763 1731 812 1774 res
841 1712 963 1775 iocandi
988 1710 1118 1794 praebet
1142 1712 1307 1774 materiem
1323 1708 1359 1788 4).
1384 1710 1527 1793 Apparet
1553 1715 1629 1773 tuno
1654 1715 1728 1773 tam-

531 1816 619 1899 poris
639 1817 672 1877 in
693 1836 725 1879 ra
746 1815 913 1879 iudiciaria
936 1815 1091 1900 quaedam
1116 1814 1214 1879 fuisse
1237 1821 1370 1890 novata,
1394 1813 1636 1899 simpliciorque
1657 1837 1727 1880 cnm

534 1918 613 1984 olim
639 1920 829 1984 obtinuisset
852 1942 938 1997 mos,
960 1941 1055 2004 quam
1077 1919 1283 2004 eVssparum
1303 1918 1413 1983 fabula
1432 1922 1601 1996 novimus,
1624 1924 1727 2007 magis

534 2024 694 2090 elaborata
714 2028 779 2089 iam
801 2029 921 2091 ratione
942 2029 1028 2091 cives
1049 2047 1121 2090 usos
1142 2047 1208 2090 esse
1228 2029 1263 2089 in
1282 2025 1486 2111 designandis
1505 2025 1728 2103 tribunalibus,

536 2130 697 2194 iudicibus
719 2131 879 2217 legendis,
904 2136 1069 2197 sententiis
1093 2133 1229 2197 ferendis
1242 2133 1278 2211 ⁵).

584 2236 748 2300 limotleus
783 2236 921 2304 Cononis
956 2260 1057 2323 nuper
1091 2241 1159 2303 vita
1193 2239 1293 2302 functi
1326 2236 1410 2301 filius
1440 2243 1473 2302 et
1503 2238 1614 2315 heres,
1639 2241 1729 2303 ouius

536 2340 633 2406 luxus
657 2364 704 2406 vs.
731 2342 796 2407 180
819 2347 851 2407 in
877 2347 1015 2408 transitu
1038 2346 1194 2429 tangitur,
1218 2344 1305 2408 idem
1331 2351 1458 2429 tempus
1480 2343 1610 2408 indicat.

583 2447 672 2513 ldsm
704 2454 832 2534 tempus
864 2451 1040 2533 Pamphilus
1069 2456 1130 2530 (vs.
1158 2449 1246 2529 174),
1279 2452 1334 2534 qni
1365 2469 1446 2514 anno
1479 2448 1544 2513 388
1568 2456 1730 2537 strategus

538 2553 601 2617 fuit
620 2553 656 2633 ὓ).

582 2658 689 2724 Etiam
715 2661 844 2746 parodia
868 2662 1028 2725 Philoxeni
1051 2661 1374 2748 dithyrambographi
1398 2659 1544 2747 Cytherii
1559 2659 1594 2741 ⁷),
1620 2665 1729 2746 quiin

538 2763 611 2829 aula
636 2764 784 2853 Dionysii
807 2770 938 2831 maioris
961 2767 1086 2843 floruit,
1111 2769 1187 2832 huic
1211 2767 1341 2831 demum
1365 2770 1503 2851 tempori
1526 2774 1575 2831 est
1597 2775 1684 2851 apta.

448 2856 449 2860 ¹
581 2870 664 2935 Item
697 2873 856 2936 Neoclides
887 2875 899 2937 i
932 2874 1066 2950 γλάμων
1097 2880 1130 2937 at
1160 2873 1327 2956 A-ristyllua
1357 2874 1453 2937 homo
1484 2875 1652 2958 impurus,
1676 2877 1730 2959 qni

536 2966 619 3042 oum¹
643 2980 676 3040 in
708 2986 815 3042 nostra
846 2978 953 3043 fabula
979 2984 1050 3043 tum
1073 2982 1106 3042 in
1130 2978 1357 3044 Ecclesiazusis
1379 2985 1534 3065 petuntur
1558 2987 1590 3045 et
1614 2980 1729 3045 iisdem

537 3083 665 3167 quidem
697 3085 776 3147 iocis
807 3085 995 3169 easdemque
1019 3085 1058 3149 ob
1082 3106 1191 3150 osusas
1214 3091 1378 3169 petuntur,
1404 3085 1551 3171 aequales
1575 3086 1641 3151 fere
1664 3106 1730 3151 esse

538 3188 615 3253 duas
639 3189 695 3253 has
719 3188 843 3253 fabulas
867 3195 1034 3255 testantur.

582 3292 647 3359 Neo
673 3316 733 3359 non
757 3301 855 3371 γραῦς
880 3315 961 3380 quae
984 3299 1150 3361 iuventam
1171 3298 1377 3380 praeteritam
1397 3298 1552 3361 ementita
1572 3305 1730 3362 amatores

536 3407 662 3484 captare
686 3401 805 3465 frustra
828 3408 960 3467 sonatur
984 3404 1117 3481 ψιμυθίῳ
1142 3404 1453 3477 καταπεπλασμένη,
1478 3422 1552 3465 eum
1577 3401 1730 3467 lloolesia-

537 3509 621 3570 nusis
640 3506 765 3571 fabulas
784 3514 831 3571 est
851 3511 992 3593 propria,
1013 3514 1084 3573 tnm
1105 3508 1202 3573 Pluto
1215 3508 1250 3584 Θ).
1272 3506 1355 3573 (lum
1376 3511 1445 3593 ipso
1457 3515 1550 3593 poeta
1563 3511 1729 3574 insennare

535 3612 672 3677 feminae
703 3634 781 3698 quas
813 3616 845 3676 in
876 3635 1003 3678 scenam
1034 3614 1179 3678 induxit:
1211 3635 1267 3699 pro
1299 3613 1415 3699 puellis
1440 3613 1652 3690 ἡβυλλιῶσανς
1677 3615 1727 3677 καὶ

537 3718 748 3794 iurantium
782 3718 940 3804 prodeunt
971 3722 1036 3783 iam
1068 3717 1207 3783 vetulae.
1232 3719 1315 3798 Quid
1339 3718 1424 3804 quod
1448 3723 1481 3783 st
1505 3719 1728 3784 Abundantiaa

535 3823 658 3900 Deum,
683 3845 778 3908 quem
802 3828 952 3889 iuvenem
978 3825 1029 3890 vel
1054 3846 1189 3910 puerum
1214 3824 1377 3889 ostendere
1397 3824 1518 3888 solebat
1537 3827 1642 3908 prisea
1661 3845 1726 3902 ars,

537 3950 645 3993 senem
677 3929 874 4014 decrepitum
900 3938 932 3995 et
955 3951 1117 3995 morosum
1143 3930 1235 3993 finxit
1258 3933 1409 3995 oomious.
1435 3928 1507 4014 Ipsa
1530 3934 1641 3994 antem
1665 3951 1728 3995 vox

571 4143 597 4206 l)
616 4142 680 4191 Plnt.
698 4142 805 4205 aaasq.;
823 4142 853 4189 oi.
872 4140 932 4189 lleel.
951 4142 997 4189 801
1010 4157 1060 4204 sqq.

569 4225 595 4286 2)
614 4224 675 4272 Plat.
694 4224 723 4272 ir.
744 4224 801 4272 185.
821 4225 887 4287 Quos
904 4238 917 4270 e
933 4223 1032 4277 Σκευαῖς
1049 4223 1185 4286 desumpios
1202 4237 1251 4269 esse
1269 4237 1357 4279 versus,
1375 4223 1403 4269 sd
1422 4237 1511 4271 annum
1529 4221 1605 4284 igitur
1620 4221 1729 4270 {aredio

534 4306 681 4354 referendam
699 4320 747 4353 asse
764 4320 816 4352 earn
833 4303 952 4362 fabulam,
966 4304 1023 4351 satia
1038 4308 1130 4352 eertum
1149 4304 1243 4351 videtur
1256 4303 1310 4353 coll.
1326 4304 1355 4351 fr,
1371 4304 1427 4352 138.
1445 4304 1497 4353 Vid.
1511 4304 1540 4351 sd
1557 4304 1618 4351 lion.
1630 4302 1678 4354 367
1688 4319 1726 4368 sq.

571 4389 597 4451 3)
618 4388 659 4437 Vs.
677 4386 734 4446 277,
752 4386 810 4444 972,
829 4385 901 4437 1167.

570 4471 597 4529 4)
614 4468 676 4517 seer.
695 4468 804 4531 682sqq.

570 4553 597 4613 d)
615 4550 651 4600 Oi.
671 4551 740 4613 Vesp.
760 4549 806 4597 99]
827 4551 861 4608 (st
879 4551 930 4597 tota
948 4563 975 4595 es
994 4546 1086 4596 fabulae
1103 4548 1170 4611 pars)
1188 4563 1241 4596 snm
1259 4546 1383 4611 [aristot]
1402 4548 1461 4611 Rep.
1479 4546 1537 4596 ath.
1555 4562 1576 4596 e.
1596 4547 1670 4611 dssaq.

571 4633 598 4698 6)
616 4632 673 4681 Xan.
693 4631 756 4679 Hell.
778 4632 797 4677 V
822 4632 830 4679 l
850 4630 893 4692 92.

570 4715 596 4777 7)
614 4716 655 4763 Vs.
674 4714 722 4763 290
731 4729 781 4777 sqq.

571 4798 599 4861 8)
617 4795 678 4845 lael,
699 4794 747 4847 877
757 4810 807 4859 sqq.
826 4798 850 4843 st
867 4793 932 4842 Plut.
943 4793 1068 4858 alliisqq„
1085 4792 1196 4857 inprimis
1213 4808 1246 4841 vs
1265 4793 1373 4858 loddsq.
