4525 5950
644 689 688 755 40
1117 703 1356 754 assosmrms.

688 875 705 958 8
730 871 771 937 73
793 895 823 959 p.
847 871 950 939 1370:
971 872 1065 941 οὐδεὶς
1087 869 1182 942 ἄλλος
1203 870 1368 942 Ἀθηναίων
1388 869 1535 935 τοσούτων
1552 869 1641 933 ὄντων
1655 867 1834 950 εἰσέρχεται

642 982 717 1044 ἀλλ’
740 980 757 1053 ἢ
783 982 800 1055 η
824 984 876 1044 τοῦ
901 977 1056 1056 βασιλέως
1083 978 1196 1057 γυνη.
1220 976 1258 1042 In
1281 976 1343 1043 fine
1365 976 1496 1063 supple:
1520 977 1569 1053 μύ
1577 1003 1629 1051 νη.

687 1203 705 1286 8
726 1199 768 1268 73
791 1222 822 1286 p.
849 1196 951 1264 1370:
978 1197 1095 1275 έξεδύύη
1120 1198 1151 1262 δὲ
1173 1198 1215 1275 τῷ
1237 1196 1370 1274 Διονύσῳ
1391 1195 1485 1273 γννύ,
1506 1194 1577 1261 coll.
1598 1193 1673 1282 876
1693 1217 1725 1281 p.
1750 1193 1833 1262 1371

643 1312 675 1372 et
706 1305 809 1390 8110
840 1329 870 1392 p.
906 1303 1003 1370 1383.
1044 1303 1111 1369 Hes
1143 1302 1227 1369 locos
1259 1302 1436 1368 adscribere
1465 1302 1655 1380 debueram,
1689 1323 1769 1367 cum
1800 1301 1836 1368 de

644 1413 834 1479 Messalinae
857 1414 979 1498 nuptiis
1003 1412 1138 1496 agebam
1163 1411 1275 1474 Mum.
1302 1408 1388 1474 1892
1412 1431 1443 1494 p.
1469 1409 1544 1475 410.

688 1631 769 1715 884
793 1654 824 1718 p.
851 1629 947 1698 1373.
981 1631 1043 1712 Qui
1074 1631 1194 1697 dicitur
1225 1629 1376 1707 Θεογένης
1401 1628 1561 1708 Ἐρχιεύς,
1584 1628 1673 1694 idem
1696 1629 1716 1713 8
1739 1627 1836 1714 721).

647 1737 732 1805 1369
753 1739 857 1804 fueret
877 1740 1060 1811 Κούωκέδης·
1081 1738 1123 1803 cf.
1144 1737 1312 1803 Kirchner.
1332 1737 1415 1807 Mus.
1428 1737 1524 1800 Idhea.
1538 1735 1596 1800 XL
1610 1733 1698 1800 1885
1712 1757 1747 1821 p.
1763 1734 1838 1800 385.

689 1958 769 2044 885
793 1980 825 2045 p.
852 1955 948 2025 1373.
974 1957 1107 2023 Prorsus
1130 1963 1207 2022 sunt
1229 1955 1358 2022 inutilia
1381 1957 1494 2022 verba:
1520 1960 1571 2020 τοῦ
1592 1957 1662 2035 ὁρᾶν
1683 1959 1738 2021 καὶ
1761 1957 1839 2022 λύειν

645 2065 697 2130 καὶ
722 2074 815 2129 ποιεῖν
839 2089 869 2129 τι
894 2066 951 2132 τῶν
976 2062 1174 2145 νομιζομένων
1201 2064 1273 2141 ὑπὲρ
1296 2069 1351 2134 της
1376 2063 1493 2136 πόλεως
1518 2063 1664 2141 πατρίων.

691 2284 768 2370 885
799 2308 830 2371 p.
859 2283 962 2351 1374:
994 2285 1048 2348 σύκ
1080 2279 1176 2361 έξεςιν
1208 2283 1292 2362 αὐτῷ
1324 2284 1457 2348 έλύεῑν
1488 2285 1530 2354 εἷς
1563 2282 1644 2348 οὐδέν
1673 2291 1735 2348 τῶν
1761 2286 1841 2365 ἱερῶν

647 2400 705 2458 τῶν
738 2392 921 2470 δημοτελῶν,
953 2391 995 2462 εἰς
1028 2387 1050 2456 ἃ
1082 2391 1133 2455 καὶ
1158 2392 1212 2465 την
1235 2387 1320 2465 ξένην
1344 2391 1397 2454 καὶ
1422 2395 1477 2464 την
1500 2390 1606 2465 δούλην
1631 2391 1775 2457 έλύεῒν
1800 2391 1842 2468 ἐξ

649 2499 753 2564 ουσίαν
785 2498 893 2563 ἔδοσαν
923 2499 949 2562 ού
980 2497 1062 2573 νέμοι
1095 2498 1147 2562 καὶ
1180 2497 1362 2572 θεασομένην
1388 2499 1438 2561 καὶ
1462 2498 1679 2562 ἱκετεύσουσαν
1702 2500 1841 2562 εἰσιέναι.

647 2606 811 2673 Ultimum
842 2604 1034 2671 vocabulum
1064 2604 1182 2669 indicio
1204 2612 1268 2682 est,
1297 2605 1345 2669 bis
1367 2604 1592 2691 corrigendum
1616 2625 1686 2670 esse
1710 2607 1842 2670 εἰσεκ-

649 2716 744 2779 ύεῑν.

693 2915 774 3001 892
803 2939 834 3004 p.
860 2915 966 2984 1376:
998 2912 1095 2996 ἕτερός
1128 2918 1190 2985 ε’ςιν
1221 2918 1273 2996 ἐφ’
1304 2914 1404 2983 ἅπασι
1437 2915 1554 2987 τούτοις
1586 2916 1841 2995 κυριώτατος

648 3023 736 3100 νύμορ
761 3025 906 3101 κείμενοι.
931 3024 1016 3090 Satis
1040 3031 1088 3090 est
1112 3024 1247 3090 scribere
1273 3027 1417 3103 κύριος.

693 3244 773 3328 894
805 3266 835 3330 p.
863 3242 967 3311 1377:
999 3245 1051 3308 καὶ
1083 3244 1128 3309 ἔτι
1160 3245 1211 3309 καὶ
1243 3249 1291 3308 νῦν
1316 3253 1371 3319 της
1395 3244 1604 3321 οὶνδρσγαύύας
1627 3245 1736 3307 αὐτῶν
1763 3247 1842 3311 ύτσ-

649 3354 845 3427 μνήματα
872 3354 940 3424 ἠέν
960 3361 997 3433 τῇ
1019 3353 1141 3429 ποικίλη
1161 3359 1217 3434 ςοᾷ
1238 3354 1348 3430 γραφη
1372 3351 1606 3423 δεδήλωκεν.
1630 3349 1838 3438 Singularem

649 3478 822 3522 numerum
846 3460 987 3542 requiro:
1014 3458 1234 3533 ὑπόμνημα
1259 3464 1291 3523 et
1314 3460 1347 3522 in
1367 3456 1427 3522 fine
1448 3457 1586 3523 verbum
1610 3456 1841 3529 δεδήλωκεν

649 3566 730 3630 mire
754 3563 905 3629 abundat.

693 3766 773 3852 899
795 3791 826 3855 p.
852 3766 956 3834 1379:
981 3766 1055 3846 ὕδωρ
1079 3768 1142 3847 γὰρ
1168 3766 1263 3846 γενύ
1272 3792 1389 3844 μενον
1413 3776 1467 3842 τῆς
1489 3769 1604 3839 νυκτές.
1630 3768 1765 3836 Dicitur
1786 3772 1840 3837 hec

652 3880 804 3961 perpetuo
829 3875 1131 3953 έπιγενύμενον.

698 4083 801 4168 8103
826 4106 857 4169 p.
885 4079 986 4147 1380:
1012 4080 1144 4153 οἱλούσης
1170 4087 1225 4153 τῆς
1247 4081 1362 4149 πόλεως
1384 4081 1469 4145 κατὰ
1490 4081 1609 4159 ηρύτος.
1635 4079 1684 4146 De
1705 4081 1839 4149 Pleteeis

653 4192 705 4256 hic
729 4212 833 4256 sermo
857 4190 907 4267 fit;
933 4189 988 4254 sed
1008 4208 1135 4275 prorsus
1155 4186 1312 4271 discrepat
1330 4186 1364 4251 id
1383 4185 1468 4271 quod
1487 4185 1691 4273 Thucydides
1713 4190 1839 4256 tradidit

653 4299 700 4365 III
725 4297 777 4363 52.

699 4500 803 4586 8108
834 4523 864 4587 p.
893 4498 996 4566 1382:
1029 4494 1097 4563 εἶτα
1128 4503 1183 4575 τὴν
1207 4501 1351 4573 τοιαύτην
1377 4500 1428 4564 καὶ
1453 4506 1624 4580 περιφανῶς
1651 4501 1837 4579 ἐγνωσμένην

655 4609 712 4672 ύπδ
745 4609 867 4671 πάντων
895 4614 966 4684 γῆς
999 4604 1185 4685 περίοδον
1217 4606 1421 4685 εἰργασμένην
1452 4607 1616 4686 ψηφιεῒσύε
1642 4607 1722 4678 α’ςδην
1748 4603 1834 4681 εἶναι;

655 4715 727 4781 Non
759 4721 883 4801 praesto
913 4714 1057 4780 lectionis
1088 4717 1323 4792 sinceritatem,
1355 4713 1410 4780 sed
1440 4717 1466 4778 si
1496 4719 1601 4779 orator
1631 4716 1678 4778 ita
1700 4717 1838 4801 scripsit,

658 4819 697 4887 G.
729 4820 771 4885 H.
804 4821 952 4885 Schisero
983 4823 1136 4887 assentior
1168 4824 1282 4907 respici
1313 4821 1506 4887 locutionem
1530 4821 1662 4901 περίοδον
1687 4826 1784 4901 νικᾶν,
1806 4820 1838 4885 ds
