4525 5950
919 675 1141 724 nuoasrmcs.
1560 655 1625 720 369

429 841 558 906 definiri
581 862 643 905 non
667 847 782 926 potest.
808 839 937 908 Ceteras
961 840 1184 907 Romanorum
1208 847 1391 927 temporum
1415 862 1482 906 esse
1506 838 1626 904 littera·

432 968 509 1011 rum
532 947 653 1012 formae
678 953 845 1012 testantur.

480 1051 581 1118 Ouios
605 1055 718 1117 aetatis
743 1055 823 1118 vitia
847 1055 915 1118 sive
939 1056 1151 1138 proprietates
1174 1060 1250 1118 sunt
1272 1055 1371 1119 etiam
1395 1051 1626 1118 vocabulorum

432 1159 555 1223 formae
579 1157 688 1244 quales
712 1160 849 1223 εὐπλώια
871 1159 921 1239 (11Ο
941 1158 1008 1238 14),
1029 1161 1222 1231 eademne
1242 1158 1291 1238 (n⁰
1304 1161 1349 1238 9),
1371 1158 1490 1223 adunca
1511 1158 1561 1237 (n⁰
1574 1158 1626 1237 10,

437 1264 490 1341 11,
525 1265 589 1341 15),
623 1265 758 1340 ziam
790 1263 840 1345 (n⁰
865 1263 909 1343 3),
941 1268 1033 1331 cuius
1065 1268 1203 1330 nominis
1235 1267 1398 1350 antiquior
1428 1264 1533 1330 forma
1564 1265 1628 1329 fuit

436 1371 599 1448 Σάραπις,
630 1391 699 1435 voc.
732 1372 863 1450 Εὑτύχη
898 1369 947 1450 (110
972 1371 1002 1448 6,
1030 1370 1081 1449 13,
1108 1370 1181 1451 17),
1217 1371 1280 1436 dai.
1312 1372 1442 1452 Εὐτύχῳ
1473 1370 1522 1449 (11ο
1555 1369 1626 1449 12),

437 1475 648 1555 ’1011111010
674 1474 739 1556 15).

481 1579 683 1665 Quamquam
715 1603 779 1646 non
810 1587 858 1647 eat
889 1581 1142 1648 obliviscendum
1166 1584 1334 1648 rudiorum
1357 1583 1527 1648 hominum
1550 1584 1628 1648 haec

431 1707 502 1751 esse
527 1689 702 1752 conamina.

569 2627 639 2715 1111
667 2624 1067 2715 scsuuuicsluo
1098 2625 1322 2726 QUODAM
1352 2625 1494 2725 QUOD

475 2763 531 2851 IN
562 2761 839 2853 CICERONIS
869 2761 1139 2852 EPISTOLIS
1167 2761 1401 2852 cuclruu
1429 2761 1589 2850 virle.

967 2966 1091 3009 compari·

836 3119 867 3185 J.
899 3118 927 3184 J.
958 3118 1231 3184 HARTMAN.

922 3391 1136 3435 *Q*-

480 3607 626 3670 Primam
658 3603 869 3688 epistolarum
901 3602 1061 3669 Ciceronis
1092 3602 1132 3667 ad
1162 3604 1268 3667 varios
1298 3605 1449 3688 paginam
1480 3602 1518 3683 (I,
1552 3603 1580 3682 1,
1595 3604 1628 3683 2)

435 3711 561 3776 obsidet
595 3692 806 3794 vitiumque
840 3708 1009 3774 absurdius
1039 3728 1091 3772 me
1115 3706 1246 3772 nullum
1268 3728 1411 3793 unquam
1435 3709 1543 3775 ridere
1565 3731 1629 3774 me·

435 3819 534 3892 mini,
559 3815 643 3900 quod
669 3836 730 3879 non
755 3814 879 3880 dudum
902 3814 1065 3879 sublatum
1086 3813 1293 3879 vehementer
1312 3818 1422 3891 miror,
1443 3836 1506 3880 non
1523 3813 1629 3881 solum

435 3926 511 4009 quia
534 3924 567 3985 in
592 3926 744 4006 promptu
768 3929 815 3986 est
839 3924 1018 3987 certissima
1037 3920 1238 3998 emendatio,
1260 3920 1432 3985 sedetiam
1452 3923 1527 4006 quia
1546 3923 1630 4005 quis·

434 4050 496 4114 que
522 4034 670 4092 nostrum
693 4047 762 4091 eam
787 4032 914 4092 tantum
938 4048 1000 4092 non
1024 4024 1125 4091 oculis
1150 4028 1217 4089 suis
1240 4047 1365 4091 cernere
1388 4031 1504 4112 potest.

479 4131 657 4209 Lentulus,
682 4132 851 4217 proconsul
874 4130 1006 4199 Ciliciae
1030 4138 1063 4197 01
1087 4129 1205 4217 Cypri,
1230 4131 1436 4197 vehementer
1458 4134 1549 4217 cupit
1568 4132 1629 4196 sibi

433 4243 605 4327 negotium
637 4237 705 4302 dari
735 4237 911 4303 Ptolemaei
941 4241 975 4302 in
999 4257 1138 4322 regnum
1162 4236 1367 4315 restituendi,
1393 4242 1441 4314 01,
1467 4243 1505 4302 111
1527 4235 1630 4302 solent

434 4349 582 4413 homines
614 4345 820 4411 vehementer
842 4348 1024 4431 cupientes,
1050 4346 1158 4409 omnia
1182 4346 1317 4420 metuit,
1341 4346 1455 4409 anxius
1478 4349 1541 4420 001,
1567 4343 1629 4409 sol-

432 4453 554 4518 licitus.
579 4449 772 4515 Senatorum
794 4450 888 4515 modo
911 4450 997 4515 hunc
1020 4450 1116 4515 modo
1136 4447 1234 4513 illum
1254 4450 1314 4514 sibi
1334 4449 1429 4535 fingit
1446 4452 1627 4515 inimicum.

430 4559 502 4638 Quo
534 4558 646 4633 amici,
680 4577 784 4642 aquo
807 4556 946 4622 salutem
970 4559 1091 4642 accepit
1113 4558 1200 4641 ipse,
1225 4558 1339 4620 timore
1363 4559 1492 4642 cognito
1516 4552 1627 4622 Cicero

427 4663 555 4751 placare
586 4683 663 4728 eum
692 4663 819 4740 studet,
853 4662 988 4727 meliora
1018 4662 1167 4738 edocere,
1193 4664 1333 4727 eximere
1356 4660 1626 4726 sollicitudinem:

428 4774 460 4838 si
483 4791 547 4834 non
572 4771 731 4847 evenerit,
762 4769 846 4854 quod
870 4775 1036 4856 tantopere
1059 4767 1117 4833 ille
1141 4771 1268 4854 cupiat,
1292 4789 1361 4846 res,
1386 4789 1448 4833 non
1472 4769 1627 4853 potentio
