4525 5950
966 702 1104 750 cuorus.
1566 685 1632 750 383

435 887 550 930 versus
575 886 653 949 quos
676 867 730 930 vix
754 886 856 950 aequo
881 867 988 930 auimo
1012 865 1093 930 ferre
1117 868 1240 950 possint
1262 867 1409 931 homines
1434 869 1467 930 in
1491 866 1633 932 Homero

436 991 501 1034 nou
525 969 618 1054 plane
641 971 792 1055 hospites.

486 1075 569 1140 Nam
593 1076 708 1140 auditu
731 1078 875 1162 ingratos
896 1081 930 1139 et
950 1075 1016 1140 sere
1035 1075 1172 1141 dixerim
1192 1078 1326 1140 vitiosos
1345 1097 1412 1141 esse
1432 1076 1635 1143 hexametros

438 1201 550 1245 omues
580 1192 653 1266 post
684 1188 836 1265 quartum
868 1181 1054 1246 trochaeum
1079 1185 1195 1246 incisos
1219 1185 1291 1268 quis
1314 1179 1432 1268 neget?
1455 1182 1502 1247 De
1524 1182 1634 1247 latinis

435 1287 633 1351 hexametris
653 1302 751 1373 negat
771 1308 855 1351 unus
875 1289 1021 1351 omnium
1042 1291 1183 1352 maxime
1203 1287 1336 1353 idoneus
1356 1289 1453 1354 iudex
1474 1288 1634 1353 Lucienus

435 1392 616 1468 Miillerus‚
641 1399 737 1478 atque
760 1395 806 1457 sic
830 1393 991 1479 disputat:

488 1497 705 1575 „Graecorum
747 1499 1006 1564 hexametrorum
1049 1519 1123 1584 pars
1158 1503 1261 1564 maior
1294 1499 1503 1585 principalem
1539 1499 1635 1565 habet

438 1625 603 1669 caesuram
633 1611 706 1689 post
737 1606 857 1668 tertium
889 1606 1091 1683 trochaeum,
1117 1608 1142 1669 si
1168 1626 1245 1691 ergo
1268 1605 1389 1670 accedit
1411 1627 1540 1671 caesura
1563 1614 1635 1692 post

438 1716 593 1794 quartum
615 1710 819 1783 trochaeum,
843 1708 1110 1796 languidissimus
1134 1713 1244 1775 exist't
1269 1731 1379 1775 versus
1403 1716 1435 1775 et
1458 1715 1514 1776 vix
1537 1711 1636 1776 fereu-

437 1814 510 1879 dus.
541 1814 649 1899 Atque
680 1816 757 1880 haec
788 1818 976 1900 praesertim
1007 1836 1102 1880 causa
1125 1816 1188 1880 fuit
1212 1837 1269 1881 our
1292 1824 1403 1901 poetae
1427 1815 1542 1882 Graeci
1566 1823 1635 1882 tam

437 1923 531 1985 anxie
561 1941 723 1986 caesuram
758 1923 842 1985 sarit
875 1921 1022 2000 τέταρτον
1045 1928 1191 2001 τροχαῖον
1215 1924 1370 2000 vitarent;
1396 1930 1503 1987 contra
1526 1922 1635 1987 Latini

435 2028 634 2103 hexametri,
667 2028 722 2111 qui
754 2034 826 2112 post
857 2030 992 2091 tertium
1025 2027 1212 2092 trochaeum
1236 2027 1447 2112 principalem
1470 2048 1634 2092 caesuram

436 2132 574 2207 habent,
606 2139 655 2196 sat
686 2135 750 2197 rari
782 2138 875 2211 sunt,
906 2131 1052 2217 plerique
1083 2135 1117 2197 in
1149 2134 1245 2197 tertio
1277 2132 1356 2217 pede
1380 2139 1452 2218 post
1474 2132 1633 2219 syllabam

435 2237 568 2324 longam
591 2237 778 2302 inciduntur
802 2244 944 2317 (caesura
966 2237 1133 2318 mascula),
1156 2259 1234 2325 ergo
1258 2238 1382 2302 Latinis
1402 2241 1504 2324 poetis
1522 2239 1634 2304 eadem

437 2342 577 2407 formido
603 2364 664 2407 uon
688 2343 783 2408 fuit.”

484 2447 571 2529 Quae
600 2452 735 2514 minime
765 2449 900 2514 absurda
922 2470 989 2515 esse
1014 2453 1121 2535 quivis
1145 2450 1303 2516 concedet.
1328 2448 1452 2528 Quanto
1477 2453 1562 2515 enim
1585 2453 1633 2515 in·

438 2557 563 2639 gratior
586 2554 626 2618 ad
649 2575 742 2619 aures
766 2555 888 2620 accedit
912 2576 1022 2619 versus
1046 2555 1150 2640 qualis
1173 2556 1226 2620 hic
1249 2561 1315 2620 est:

576 2659 696 2732 Πηλεὺς
722 2662 772 2734 θήν
796 2685 847 2736 μοι
873 2660 983 2724 ἔπειτα
1007 2661 1019 2748 l
1041 2671 1178 2738 γυναῖκα
1202 2660 1214 2749 l
1237 2662 1438 2737 γαμέσσεται
1464 2662 1556 2732 αὐτός

439 2785 538 2849 quem

575 2870 681 2933 πολλὰ
706 2871 731 2934 δ’
756 2869 804 2949 ἄρ’
829 2869 898 2935 ἔνθα
924 2872 973 2934 nal
999 2871 1055 2936 tet·
1079 2871 1090 2960 l
1115 2871 1195 2936 ἴθυσε
1220 2870 1231 2959 l
1254 2873 1348 2951 μάχη
1374 2872 1495 2936 πεδίοιο.

485 2978 527 3040 at
551 2998 611 3041 non
635 2998 763 3062 prorsus
783 2977 918 3043 Milleri
938 2987 1127 3065 argumento
1149 2979 1256 3043 Latini
1275 2986 1387 3064 poetae
1408 2979 1630 3057 defenduntur,

437 3104 511 3169 pars
535 3082 647 3167 culpae
671 3091 823 3150 remanet.
849 3084 968 3149 Versus
991 3088 1076 3150 enim
1102 3084 1212 3170 quales
1237 3092 1329 3150 sunt:

574 3188 617 3252 ut
640 3190 756 3274 quibus
780 3197 828 3255 est
851 3189 945 3254 undis
968 3188 980 3278 ΙΙ
1001 3190 1129 3268 audita,
1154 3189 1165 3277 l
1189 3193 1329 3255 ao'e'rcuit
1353 3211 1463 3255 omnes

435 3293 489 3359 vel

574 3399 694 3463 Ponere
718 3400 871 3464 duritiem
895 3399 906 3488 l
929 3422 1059 3486 coepere
1082 3398 1093 3487 l
1116 3422 1275 3486 suumque
1299 3403 1439 3487 rigorem

434 3503 581 3568 elumbes
604 3512 679 3569 eunt
703 3513 735 3570 et
758 3504 970 3585 habebuntur,
994 3506 1149 3591 quamdiu
1173 3506 1311 3573 Graecos
1330 3507 1519 3572 habebimus
1539 3507 1632 3572 hexa-

432 3615 556 3674 metros
581 3610 782 3696 adquorum
807 3611 1001 3698 elegantiam
1026 3635 1078 3678 eos
1101 3616 1331 3677 examinemus.

481 3713 566 3781 (lum
601 3738 679 3803 ergo
715 3718 869 3782 Ovidium
906 3718 1058 3784 vidissem
1089 3720 1123 3782 in
1154 3720 1295 3803 primum
1328 3718 1630 3803 Metamorphoseon

427 3821 555 3886 librum
579 3828 646 3887 tam
667 3823 847 3907 frequenter
865 3823 947 3889 illud
968 3825 1192 3890 admittentem
1213 3827 1351 3896 vitium.
1372 3822 1487 3889 alibine
1506 3826 1631 3889 cautius

430 3928 555 4009 egisset
587 3948 660 3992 sum
683 3936 917 4014 perscrutatus,
942 3937 1038 4015 atque
1061 3934 1205 4015 primum
1229 3932 1431 4014 cumprime
1455 3929 1536 3994 libro
1562 3951 1632 3995 oon-

431 4032 500 4097 tuli
535 4031 661 4111 locum,
697 4056 760 4119 quo
796 4035 925 4101 nullum
960 4037 1092 4101 fortasse
1127 4039 1307 4101 accuratius
1344 4034 1521 4100 elaboravit
1554 4033 1629 4100 ille:

429 4137 611 4204 Armorum
630 4137 803 4206 Iudicium.
823 4141 872 4206 Ibi
893 4163 1045 4207 versuum
1065 4140 1131 4207 398
1153 4142 1245 4207 hosce
1265 4144 1374 4206 iuveni
1394 4149 1466 4226 post
1478 4149 1630 4227 quartum

428 4245 552 4309 incisos
576 4245 781 4311 trochaeum:

503 4347 547 4413 23
572 4349 701 4415 Moenia
726 4354 782 4436 qui
805 4353 881 4417 sorti
904 4353 1041 4418 Troiana
1064 4352 1076 4440 l
1100 4355 1159 4418 sub
1184 4351 1324 4418 Hercule
1348 4354 1443 4436 cepit.

504 4454 548 4518 25
573 4458 695 4521 Aeacus
719 4458 795 4523 huic
819 4467 909 4544 pater
933 4465 997 4537 est,
1024 4463 1079 4545 qui
1101 4458 1203 4547 iura}
1226 4458 1395 4524 silentibus
1417 4455 1496 4521 illic.

503 4561 547 4625 32
571 4562 726 4649 Sisyphio
749 4565 907 4651 furtisque
934 4571 966 4630 et
990 4565 1101 4631 fraude
1124 4563 1136 4651 l
1159 4563 1348 4630 simillimus
1372 4562 1432 4627 illi.

502 4665 546 4731 36
571 4669 670 4734 Arma
694 4672 838 4757 neganda
860 4672 944 4736 mihi
967 4675 1133 4756 potiorque
1156 4671 1168 4759 l
1192 4671 1353 4736 videbitur
1376 4668 1441 4733 ille.

502 4772 545 4836 42
571 4772 758 4841 Obtulimus
782 4781 857 4862 quia
879 4799 936 4843 nos
959 4778 998 4842 ad
1022 4780 1127 4863 prima
1150 4778 1161 4866 l
1184 4776 1327 4861 pericula
1350 4779 1463 4841 simus.
