4525 5950
965 667 1101 716 orroros.
1564 649 1630 717 373

486 834 528 912 11,
555 833 622 898 810
658 833 761 914 Quam
786 855 860 898 cum
884 836 1020 920 spinosis
1043 836 1129 919 ignis
1153 838 1345 919 supponitur
1369 835 1486 900 herbis.

473 941 531 1018 ΙΙΙ,
559 939 625 1006 628
661 940 831 1004 Haeeieeem
854 939 988 1024 quamuis
1011 963 1110 1003 ameue
1132 941 1165 1003 iu
1182 942 1267 1024 sume
1289 948 1429 1006 retectae.

558 1046 623 1112 662
658 1047 736 1110 Illi
760 1047 994 1110 admirantes
1017 1069 1192 1109 remorum
1217 1047 1258 1109 iu
1282 1048 1429 1111 uerbere
1445 1056 1634 1130 perstaret.

475 1152 528 1230 IV,
577 1150 619 1217 33
654 1153 886 1237 Intempestive
911 1152 1074 1217 turbantes
1097 1151 1179 1216 feste
1202 1153 1361 1217 Minerva.

476 1297 517 1308 -
556 1258 622 1324 560
661 1261 724 1340 Quo
748 1281 879 1344 quaeque
901 1257 934 1320 im
953 1264 1040 1338 quatu
1062 1259 1208 1339 deprome
1231 1264 1275 1321 eet
1297 1259 1395 1322 luaeeit
1417 1259 1450 1322 in
1473 1259 1538 1325 illo.

557 1364 623 1430 622
658 1366 749 1429 Naue
771 1366 837 1438 huc,
861 1364 1039 1428 marcillac
1062 1363 1194 1446 erempto
1217 1365 1304 1427 uubis
1326 1387 1463 1450 aquaeue.

554 1468 619 1537 776
655 1471 691 1537 Id
714 1492 747 1535 se
770 1469 893 1535 sollerti
917 1471 1047 1548 furtim,
1073 1470 1149 1535 dum
1176 1470 1324 1547 traditur,
1348 1477 1431 1536 astu.

492 1577 529 1656 V,
559 1577 621 1642 108
656 1577 816 1654 Invictus,
840 1579 929 1642 vinci
952 1580 978 1642 si
1002 1584 1131 1662 possent
1154 1578 1313 1642 caestibus
1336 1598 1434 1642 enses.

559 1683 621 1749 139
657 1680 788 1749 Cervice
810 1689 921 1748 exucta
943 1693 993 1748 est
1015 1686 1049 1747 in
1072 1690 1242 1769 partesque
1265 1687 1383 1749 emicat
1406 1684 1525 1750 ambas.

558 1788 620 1854 171
656 1790 728 1853 Noa
749 1789 967 1871 circumeatis
991 1797 1123 1853 eructum
1146 1790 1260 1853 uiribus
1283 1812 1389 1854 eurem.

557 1894 622 1960 340
659 1897 764 1980 Atque
788 1895 866 1960 haec
888 1898 1045 1980 percussis
1068 1896 1238 1981 subiungit
1261 1899 1402 1960 carmine
1425 1900 1543 1962 nervis.

558 2000 623 2066 556
658 2000 762 2081 Quem
785 2007 956 2085 postquam
979 2006 1047 2066 toto
1068 2001 1187 2065 frustra
1210 2004 1380 2086 quaesistis
1403 2004 1438 2065 in
1461 2001 1545 2067 orbe.

477 2107 529 2185 Vl,
578 2106 620 2172 68
656 2107 731 2170 Illic
755 2114 783 2170 et
808 2107 918 2170 mutum
932 2107 1004 2190 Jitie
1027 2106 1192 2171 inmittitur
1214 2129 1329 2170 aurum.

557 2212 621 2278 365
658 2214 728 2277 IIue
750 2213 826 2276 illue
848 2213 950 2277 limum
973 2213 1055 2277 eattu
1077 2235 1190 2276 mouere
1213 2212 1354 2295 malipuo.

556 2318 621 2384 456
658 2318 761 2398 Quem
784 2320 886 2403 siquis
909 2321 995 2384 canis
1017 2321 1130 2404 ignem
1154 2325 1312 2404 supponet
1335 2320 1453 2382 aristis.

557 2422 621 2491 637
657 2425 845 2490 Lacteutem
869 2425 972 2489 fetum
996 2446 1052 2510 per
1074 2424 1173 2490 silvas
1197 2428 1292 2511 tigris
1316 2445 1437 2510 opscus.

558 2531 623 2596 703
658 2531 808 2596 Excussit
831 2551 965 2616 pennas;
991 2551 1127 2615 quarum
1150 2532 1322 2596 iactatibus
1344 2532 1458 2595 omnis.

461 2636 532 2714 VII,
558 2636 622 2701 140
658 2640 738 2700 Aee
762 2636 916 2719 depulerat
938 2636 1069 2699 Martem
1093 2637 1237 2700 comeatit
1258 2636 1291 2699 im
1315 2637 1404 2718 ipsos.

560 2741 623 2807 152
658 2742 745 2806 Haec
761 2750 918 2828 postquam
939 2741 1055 2824 aparuit
1076 2742 1204 2806 hethaei
1222 2743 1359 2823 prumiae
1380 2743 1455 2806 suci.

557 2848 621 2913 189
657 2848 719 2914 'I'er
742 2870 776 2914 se
799 2851 971 2925 convertit,
996 2854 1044 2912 ter
1068 2850 1208 2932 sumptis
1231 2848 1363 2913 flumine
1387 2851 1519 2913 crinem.

557 2955 622 3020 225
660 2953 844 3042 Othrysque
867 2954 1052 3040 Pindusque
1074 2959 1107 3020 et
1131 2954 1234 3020 Pindo
1258 2956 1360 3020 maior
1382 2952 1553 3042 Olympus.

557 3061 623 3127 258
660 3061 865 3125 Bacchantum
887 3060 950 3123 ritu
965 3062 1136 3143 stuprantes
1159 3060 1268 3124 eiecerit
1293 3083 1374 3124 arae.

557 3164 622 3234 277
659 3169 772 3232 Arenti
794 3187 883 3232 remo
906 3168 972 3230 iam
994 3166 1118 3251 pridem
1144 3168 1234 3231 mitis
1257 3165 1371 3232 olivae.

558 3273 623 3337 442
660 3275 718 3337 na
740 3280 886 3336 terram
909 3271 993 3335 late
1014 3295 1234 3353 sparsurae
1258 3295 1424 3355 corpora
1441 3272 1576 3355 pimus.

443 3378 529 3456 VIII,
554 3378 618 3444 525
654 3378 810 3442 Paulatim
832 3401 908 3441 caua
925 3401 1057 3460 prumam
1077 3378 1195 3441 celante
1211 3379 1344 3462 scritta.

559 3485 624 3551 532
659 3485 777 3570 Exegit
800 3504 915 3569 poenas
938 3492 1009 3549 ecto
1033 3505 1090 3569 per
1112 3488 1236 3550 viscere
1258 3485 1349 3549 ferro.

561 3591 626 3658 760
661 3590 798 3677 Coepere
820 3612 856 3657 ac
878 3590 968 3677 longi
991 3590 1147 3676 pallorem
1172 3592 1285 3656 ducere
1308 3593 1400 3655 remi.

477 3698 536 3775 IX,
562 3697 626 3762 169
663 3700 734 3760 Aut
757 3698 885 3760 haeret
907 3697 1074 3761 membris
1091 3698 1250 3783 frustra
1274 3702 1452 3778 temptata
1475 3696 1629 3761 revelli.

559 3803 622 3867 241
661 3802 857 3887 Securasque
881 3811 969 3866 artus
992 3809 1308 3888 contemptoremque
1332 3804 1470 3887 petebat.

560 3907 625 3972 362
661 3905 861 3974 Crescentem
885 3914 1036 3973 truncum
1061 3929 1230 3993 ramosque
1254 3907 1402 3993 amplexa
1425 3914 1579 3974 moretur.

560 4012 625 4079 388
661 4012 748 4077 Dum
773 4016 863 4098 tangi
886 4034 1018 4098 possum
1040 4034 1242 4098 parvumque
1266 4013 1407 4080 attollite
1429 4020 1553 4080 natum.

478 4120 537 4198 XI,
583 4120 626 4186 29
661 4119 731 4185 Η55
754 4118 900 4206 glaebas,
925 4119 1003 4185 illae
1027 4120 1166 4205 direptos
1191 4122 1303 4186 arbore
1326 4141 1443 4185 ramos.

560 4226 625 4292 238
661 4225 732 4291 11115
756 4234 788 4291 15
813 4225 945 4303 Ρ51555,
970 4233 1008 4291 51
1031 4226 1149 4291 Somno
1173 4228 1282 4291 vincta
1304 4226 1438 4291 iecebae.

461 4333 537 4411 XII,
564 4333 627 4399 139
670 4332 713 4397 Vi
736 4332 853 4396 multa
876 4333 993 4395 uertit
1016 4338 1214 4416 terraeque
1237 4331 1409 4416 adflixit
1432 4330 1613 4396 Achilles.

561 4439 624 4503 142
659 4437 793 4503 11111551
816 4438 922 4502 fauces
944 4442 976 4502 et
999 4439 1193 4522 respiramen
1215 4439 1349 4522 iterque.

560 4544 623 4609 192
660 4544 843 4609 Multorum
867 4543 986 4608 frustra
1009 4546 1093 4609 velle
1118 4549 1228 4629 optata
1250 4565 1431 4628 procorum.

562 4650 627 4715 236
663 4651 814 4735 Antiquae
837 4657 954 4726 eruter;
976 4672 1059 4735 quem
1081 4657 1196 4714 vastum
1218 4652 1332 4714 vastior
1353 4650 1426 4731 ipse.

559 4756 625 4822 256
662 4754 808 4841 Cumque
831 4764 900 4822 utro
923 4759 1042 4823 mixtos
1065 4763 1270 4843 spumantem
1295 4759 1451 4843 sanguine
1475 4756 1593 4822 dentes.
