4525 5950
964 723 1115 772 rasurus.
1571 708 1634 774 131

433 887 512 972 Ipse
539 890 646 972 potius
668 908 842 972 exponam,
866 907 963 972 quam
989 887 1071 951 mihi
1095 891 1279 973 opinionem
1304 889 1342 952 de
1363 888 1512 955 Pseudoli
1531 889 1636 955 indole

434 1000 471 1058 et
493 996 725 1078 compositione
748 994 1001 1058 informaverim.

484 1100 555 1165 Non
580 1100 687 1164 deesse
709 1101 743 1162 in
769 1096 926 1163 Pseudolo
951 1118 1031 1182 quae
1054 1097 1340 1183 interpolationum
1366 1100 1419 1165 vel
1440 1103 1637 1166 contamina-

434 1208 537 1269 tionis
556 1208 770 1290 suspicionem
787 1225 917 1268 movere
936 1206 1075 1288 possint,
1097 1203 1175 1268 olim
1196 1206 1401 1271 observatum
1420 1215 1469 1270 est
1479 1227 1637 1291 nemoque

438 1310 585 1396 negabit.
617 1309 663 1374 De
695 1330 758 1394 qua
785 1330 818 1374 re
849 1316 887 1373 ut
917 1312 977 1373 rite
1002 1313 1228 1388 aestimemus,
1254 1311 1429 1396 disputatio
1456 1311 1637 1399 incipienda

439 1421 491 1481 est
521 1414 689 1481 afabulae
713 1417 912 1491 narratione,
936 1417 969 1478 in
993 1436 1057 1500 quo
1080 1419 1147 1480 iam
1170 1419 1281 1481 statim
1305 1418 1501 1495 cavendum,
1525 1441 1565 1484 ne
1588 1422 1636 1482 in-

437 1522 585 1587 cidamus
607 1524 639 1585 in
664 1542 803 1586 errorem
824 1523 988 1596 omniurn,
1009 1523 1043 1584 ni
1061 1519 1165 1597 fallor,
1184 1525 1414 1606 interpretum,
1436 1526 1492 1607 qui
1511 1523 1636 1590 fabulae

435 1630 673 1712 expositionem
695 1627 865 1692 ordiuntur
888 1647 907 1690 a
930 1646 1021 1690 scena
1041 1626 1065 1703 l,
1086 1627 1356 1711 praeterridentes
1374 1629 1408 1691 in
1427 1648 1465 1692 ea
1482 1631 1635 1694 omissam

436 1754 505 1797 esse
530 1753 598 1797 rem
623 1739 695 1797 ante
719 1738 825 1797 actam
848 1751 991 1816 quaeque
1016 1730 1054 1796 ad
1079 1734 1309 1817 expositionem
1333 1736 1463 1799 omnino
1487 1738 1636 1820 pertinet,

437 1838 494 1902 sed
518 1859 599 1923 quae
620 1836 744 1923 legitur
763 1837 895 1901 demum
916 1836 931 1900 Ι
952 1834 982 1900 3.
997 1835 1061 1901 351
1076 1858 1156 1922 sqq„
1178 1838 1235 1902 ubi
1257 1835 1424 1904 Calidorus
1435 1842 1481 1903 sic
1493 1839 1638 1925 loquitur

438 1943 479 2009 ad
505 1943 703 2010 Ballionem:

530 2050 615 2129 Quid
638 2053 702 2126 ais,
726 2056 884 2135 qnantum
909 2056 1027 2112 terram
1053 2051 1165 2134 tetigit
1184 2049 1354 2114 hominum
1374 2047 1614 2134 periurissimel

530 2155 705 2220 Iuravistin
730 2162 761 2219 te
784 2152 876 2218 illam
899 2152 982 2217 nulli
1005 2154 1214 2218 venditurum
1240 2157 1302 2218 nisi
1325 2152 1429 2219 mihil

531 2260 591 2324 ΒΔ.
615 2260 740 2325 Fateor.
766 2258 844 2325 cm.
870 2259 993 2344 Nempe
1015 2262 1176 2344 conceptis
1200 2256 1327 2323 verbisl
1352 2259 1410 2323 ΒΑ.
1435 2258 1542 2323 Etiam
1567 2281 1636 2325 con·

1327 2367 1408 2427 sutis
1431 2385 1566 2449 quoque.

533 2469 611 2538 Can.
641 2470 871 2546 Periuravist',
901 2468 1042 2533 sceleste.
1075 2467 1132 2533 Bi.
1163 2470 1206 2533 At
1229 2477 1399 2555 argentum
1423 2469 1494 2546 (XV
1519 2472 1636 2549 minas)

1323 2578 1411 2639 intus
1435 2576 1570 2640 condidi.

437 2681 473 2746 Si
498 2703 573 2746 cnm
597 2681 648 2745 his
671 2700 894 2766 comparamus
919 2700 999 2765 quae
1022 2679 1200 2744 Pseudolus
1224 2680 1306 2744 dixit
1329 2680 1414 2746 279:

506 2787 602 2851 Hunc
625 2786 744 2872 pudet,
769 2786 853 2870 quod
878 2786 938 2849 tibi
960 2787 1110 2870 promisit
1133 2805 1259 2870 quoque
1281 2785 1314 2849 id
1338 2787 1486 2869 promisit
1509 2787 1578 2862 die,

508 2892 590 2972 Quia
613 2893 671 2957 tibi
697 2895 815 2979 viginti
840 2894 944 2955 minas
969 2912 1025 2976 pro
1048 2893 1151 2955 amica
1174 2893 1272 2955 etiam
1297 2913 1358 2955 non
1382 2891 1487 2967 dedit,

435 3007 570 3084 apparet
586 2997 784 3075 Ballionem,
806 2997 1029 3082 aliquanto
1050 3006 1145 3062 ante
1164 2997 1494 3082 stipulationem
1515 2998 1637 3063 illam

432 3125 526 3169 cum
557 3103 700 3168 milite
726 3104 810 3168 undo
840 3103 967 3169 fabulae
990 3107 1147 3188 expositio
1172 3106 1285 3188 incipit
1309 3106 1341 3166 in
1366 3103 1380 3166 I
1406 3106 1434 3182 l,
1457 3108 1578 3169 iurasse
1602 3126 1635 3168 se

435 3209 648 3273 Phoenicium
680 3208 761 3273 nulli
785 3209 995 3273 venditurum
1019 3211 1081 3272 nisi
1105 3207 1254 3273 Calidoro
1277 3228 1410 3293 eamque
1435 3210 1510 3274 huic
1534 3230 1636 3274 cessu-

435 3335 511 3377 rum
536 3335 602 3378 esse
626 3316 654 3377 si
676 3315 869 3399 praestituta
892 3314 943 3377 die
968 3312 1029 3375 XX
1054 3315 1157 3376 minas
1181 3312 1330 3377 dedisset.

485 3418 592 3503 igitur
610 3421 649 3483 ab
670 3420 728 3483 hoc
747 3419 820 3483 iude
840 3426 983 3502 temporo
1002 3415 1170 3484 Calidorus
1189 3425 1359 3503 argentum
1380 3439 1489 3502 parare
1501 3426 1633 3483 conatus

435 3531 505 3599 est,
531 3523 614 3606 quod
639 3532 782 3609 spectant
805 3524 945 3588 Simonis
969 3524 1067 3588 rerba
1090 3523 1128 3587 ad
1154 3520 1377 3607 Calliphanam
1400 3522 1415 3586 1
1440 3524 1470 3588 5.
1484 3523 1567 3588 418:

529 3628 577 3692 lta
601 3650 685 3694 nuno
708 3651 764 3714 per
786 3631 900 3693 urbem
925 3629 1010 3693 solus
1034 3632 1174 3693 sermoni
1197 3630 1379 3706 omnibust,

530 3733 613 3797 Eum
640 3734 723 3798 velle
746 3738 884 3798 amicam
907 3733 1043 3798 liberare
1066 3744 1098 3798 et
1122 3755 1272 3819 quaerere

530 3840 713 3923 Argentum
736 3839 775 3903 ad
799 3861 869 3904 eam
892 3859 975 3904 rem:
1001 3840 1060 3903 hoc
1083 3838 1139 3903 alii
1163 3840 1245 3903 mihi
1267 3842 1451 3904 renuntiant

531 3946 637 4029 Atque
660 3945 692 4008 id
716 3948 781 4009 ism
806 3945 930 4029 pridem
954 3947 1037 4008 sensi
1061 3954 1093 4009 et
1116 3944 1283 4009 subolebat
1305 3944 1387 4008 mihi

530 4049 591 4114 Sed
616 4048 869 4115 dissimulabam.

433 4164 466 4219 at
491 4155 530 4218 ad
555 4153 752 4219 Pseudolum
776 4152 860 4217 484:

1091 4259 1215 4345 Eloquar
1241 4261 1358 4345 viginti
1379 4263 1494 4326 minas.

527 4363 653 4428 Paritas
678 4372 714 4428 nt
737 4384 755 4428 a
779 4364 852 4429 med
876 4362 1021 4430 auferasl

682 4489 760 4553 quas
783 4490 855 4534 meo
878 4477 977 4555 gnato
1000 4470 1072 4545 des,
1097 4471 1153 4553 qui
1177 4472 1313 4534 amicam
1336 4468 1472 4534 liberet?
1488 4471 1511 4549 ¹)

467 4729 496 4786 1)
515 4727 652 4789 Utrumque
667 4725 744 4774 locum
763 4726 886 4788 {renger
903 4725 991 4787 aliique
1010 4740 1134 4788 perparum
1151 4729 1279 4773 turrerunt
1297 4726 1523 4790 adstipulationem
1544 4729 1632 4778 Ballio·

436 4812 473 4858 ni·
492 4824 547 4856 cum
567 4808 655 4863 milite,
674 4807 735 4854 nude
753 4807 827 4854 mirac
844 4805 929 4853 turbas
945 4812 1012 4853 ortae
1027 4817 1082 4853 runt
