<?xml version="1.0" encoding="UTF-8"?>
<!DOCTYPE html PUBLIC "-//W3C//DTD XHTML 1.0 Transitional//EN"
    "http://www.w3.org/TR/xhtml1/DTD/xhtml1-transitional.dtd">
<html xmlns="http://www.w3.org/1999/xhtml" xml:lang="en" lang="en">
 <head>
  <title>
</title>
<meta http-equiv="Content-Type" content="text/html;charset=utf-8" />
  <meta name='ocr-system' content='tesseract 3.04.00' />
  <meta name='ocr-capabilities' content='ocr_page ocr_carea ocr_par ocr_line ocrx_word'/>
</head>
<body>
  <div class='ocr_page' id='page_1' title='image "./mnemosyne07verdgoog_0839.png"; bbox 0 0 4525 5950; ppageno 0'>
   <div class='ocr_carea' id='block_1_1' title="bbox 639 694 1320 761">
    <p class='ocr_par' dir='ltr' id='par_1_1' title="bbox 639 694 1320 761">
     <span class='ocr_line' id='line_1_1' title="bbox 639 694 1320 761; baseline 0.003 -2"><span class='ocrx_word' id='word_1_1' title='bbox 639 694 706 760; x_wconf 81' lang='lat'><strong>354</strong></span> <span class='ocrx_word' id='word_1_2' title='bbox 1144 712 1320 761; x_wconf 78' lang='lat' dir='ltr'><strong>urcunsus</strong></span> 
     </span>
    </p>
   </div>
   <div class='ocr_carea' id='block_1_2' title="bbox 639 877 1850 2022">
    <p class='ocr_par' dir='ltr' id='par_1_2' title="bbox 639 877 1850 2022">
     <span class='ocr_line' id='line_1_2' title="bbox 640 877 1849 968; baseline 0.002 -25"><span class='ocrx_word' id='word_1_3' title='bbox 640 878 775 964; x_wconf 82' lang='lat' dir='ltr'>lugubri</span> <span class='ocrx_word' id='word_1_4' title='bbox 805 883 914 942; x_wconf 88' lang='lat' dir='ltr'><strong>renata</strong></span> <span class='ocrx_word' id='word_1_5' title='bbox 944 879 1005 955; x_wconf 85' lang='lat' dir='ltr'><strong>eit,</strong></span> <span class='ocrx_word' id='word_1_6' title='bbox 1036 877 1091 942; x_wconf 90' lang='lat' dir='ltr'><strong>sed</strong></span> <span class='ocrx_word' id='word_1_7' title='bbox 1114 880 1182 963; x_wconf 91' lang='lat' dir='ltr'><strong>ipse</strong></span> <span class='ocrx_word' id='word_1_8' title='bbox 1206 877 1298 944; x_wconf 89' lang='lat' dir='ltr'><strong>docet</strong></span> <span class='ocrx_word' id='word_1_9' title='bbox 1319 879 1492 968; x_wconf 80' lang='lat' dir='ltr'><strong>Lycurgus</strong></span> <span class='ocrx_word' id='word_1_10' title='bbox 1516 881 1714 948; x_wconf 76' lang='lat' dir='ltr'><strong>Messanam</strong></span> <span class='ocrx_word' id='word_1_11' title='bbox 1739 907 1849 948; x_wconf 76' lang='grc' dir='ltr'><strong><em>τεττι-</em></strong></span> 
     </span>
     <span class='ocr_line' id='line_1_3' title="bbox 639 979 1848 1066; baseline 0.003 -17"><span class='ocrx_word' id='word_1_12' title='bbox 639 990 748 1054; x_wconf 62' lang='lat' dir='ltr'><strong>nectere</strong></span> <span class='ocrx_word' id='word_1_13' title='bbox 784 981 883 1047; x_wconf 79' lang='grc' dir='ltr'><strong><em>ἔτεσιν</em></strong></span> <span class='ocrx_word' id='word_1_14' title='bbox 920 979 1022 1063; x_wconf 75' lang='grc' dir='ltr'><strong><em>ῧςερον</em></strong></span> <span class='ocrx_word' id='word_1_15' title='bbox 1057 984 1091 1047; x_wconf 82' lang='grc' dir='ltr'><strong>ἐκ</strong></span> <span class='ocrx_word' id='word_1_16' title='bbox 1126 989 1185 1046; x_wconf 78' lang='grc' dir='ltr'><strong>τῶν</strong></span> <span class='ocrx_word' id='word_1_17' title='bbox 1218 985 1378 1065; x_wconf 72' lang='grc' dir='ltr'><strong><em>τυχόντων</em></strong></span> <span class='ocrx_word' id='word_1_18' title='bbox 1414 988 1577 1066; x_wconf 66' lang='lat' dir='ltr'><strong>daiphron</strong></span> <span class='ocrx_word' id='word_1_19' title='bbox 1611 990 1848 1063; x_wconf 72' lang='grc' dir='ltr'><strong><em>συνοικισθῆται.</em></strong></span> 
     </span>
     <span class='ocr_line' id='line_1_4' title="bbox 639 1088 1849 1174; baseline 0.007 -22"><span class='ocrx_word' id='word_1_20' title='bbox 639 1088 724 1169; x_wconf 81' lang='lat' dir='ltr'><strong>Quid</strong></span> <span class='ocrx_word' id='word_1_21' title='bbox 747 1096 796 1154; x_wconf 90' lang='lat' dir='ltr'><strong>est</strong></span> <span class='ocrx_word' id='word_1_22' title='bbox 818 1091 935 1174; x_wconf 79' lang='lat' dir='ltr'><strong>nugari</strong></span> <span class='ocrx_word' id='word_1_23' title='bbox 958 1097 991 1154; x_wconf 93' lang='lat' dir='ltr'><strong>et</strong></span> <span class='ocrx_word' id='word_1_24' title='bbox 1015 1089 1076 1154; x_wconf 91' lang='lat' dir='ltr'><strong>sibi</strong></span> <span class='ocrx_word' id='word_1_25' title='bbox 1099 1091 1163 1174; x_wconf 90' lang='lat' dir='ltr'><strong>ipsi</strong></span> <span class='ocrx_word' id='word_1_26' title='bbox 1187 1090 1403 1156; x_wconf 79' lang='lat' dir='ltr'><strong>contradicere</strong></span> <span class='ocrx_word' id='word_1_27' title='bbox 1425 1095 1489 1156; x_wconf 89' lang='lat' dir='ltr'><strong>nisi</strong></span> <span class='ocrx_word' id='word_1_28' title='bbox 1513 1093 1574 1158; x_wconf 91' lang='lat' dir='ltr'><strong>hoc</strong></span> <span class='ocrx_word' id='word_1_29' title='bbox 1599 1092 1674 1159; x_wconf 81' lang='lat' dir='ltr'><strong>eet?</strong></span> <span class='ocrx_word' id='word_1_30' title='bbox 1709 1094 1798 1174; x_wconf 83' lang='lat' dir='ltr'><strong>Quin</strong></span> <span class='ocrx_word' id='word_1_31' title='bbox 1819 1102 1849 1160; x_wconf 87' lang='lat' dir='ltr'><strong>et</strong></span> 
     </span>
     <span class='ocr_line' id='line_1_5' title="bbox 639 1193 1848 1282; baseline 0.006 -23"><span class='ocrx_word' id='word_1_32' title='bbox 639 1198 728 1279; x_wconf 87' lang='lat' dir='ltr'><strong>ipsae</strong></span> <span class='ocrx_word' id='word_1_33' title='bbox 752 1194 914 1271; x_wconf 81' lang='lat' dir='ltr'><strong>Athenae,</strong></span> <span class='ocrx_word' id='word_1_34' title='bbox 938 1193 1115 1259; x_wconf 88' lang='lat' dir='ltr'><strong>secundum</strong></span> <span class='ocrx_word' id='word_1_35' title='bbox 1138 1196 1156 1278; x_wconf 64' lang='grc' dir='ltr'><strong>ξ</strong></span> <span class='ocrx_word' id='word_1_36' title='bbox 1179 1193 1255 1272; x_wconf 82' lang='grc'><strong>123,</strong></span> <span class='ocrx_word' id='word_1_37' title='bbox 1279 1196 1450 1282; x_wconf 89' lang='lat' dir='ltr'><strong>aliquando</strong></span> <span class='ocrx_word' id='word_1_38' title='bbox 1474 1199 1631 1266; x_wconf 68' lang='grc' dir='ltr'><strong><em>ἆνὲτατοι</em></strong></span> <span class='ocrx_word' id='word_1_39' title='bbox 1657 1200 1798 1266; x_wconf 87' lang='lat' dir='ltr'><strong>fuerunt</strong></span> <span class='ocrx_word' id='word_1_40' title='bbox 1818 1209 1848 1266; x_wconf 85' lang='lat' dir='ltr'><strong>et</strong></span> 
     </span>
     <span class='ocr_line' id='line_1_6' title="bbox 640 1300 1846 1389; baseline 0.004 -23"><span class='ocrx_word' id='word_1_41' title='bbox 640 1307 749 1366; x_wconf 87' lang='lat' dir='ltr'><strong>tamen</strong></span> <span class='ocrx_word' id='word_1_42' title='bbox 772 1307 900 1365; x_wconf 79' lang='lat' dir='ltr'>renatae</span> <span class='ocrx_word' id='word_1_43' title='bbox 923 1308 1008 1365; x_wconf 87' lang='lat' dir='ltr'><strong>eunt.</strong></span> <span class='ocrx_word' id='word_1_44' title='bbox 1032 1300 1101 1364; x_wconf 85' lang='lat' dir='ltr'><strong>Inm</strong></span> <span class='ocrx_word' id='word_1_45' title='bbox 1123 1301 1281 1387; x_wconf 83' lang='lat' dir='ltr'><strong>Hyperid.</strong></span> <span class='ocrx_word' id='word_1_46' title='bbox 1305 1302 1483 1389; x_wconf 89' lang='lat' dir='ltr'><strong>Philippid.</strong></span> <span class='ocrx_word' id='word_1_47' title='bbox 1504 1304 1575 1388; x_wconf 78' lang='lat'><strong>§82</strong></span> <span class='ocrx_word' id='word_1_48' title='bbox 1598 1307 1726 1370; x_wconf 77' lang='grc' dir='ltr'><strong><em>τολλαὶ</em></strong></span> <span class='ocrx_word' id='word_1_49' title='bbox 1746 1310 1846 1380; x_wconf 72' lang='grc' dir='ltr'><strong><em>πόλεις</em></strong></span> 
     </span>
     <span class='ocr_line' id='line_1_7' title="bbox 641 1404 1848 1495; baseline 0.007 -25"><span class='ocrx_word' id='word_1_50' title='bbox 641 1404 732 1484; x_wconf 73' lang='grc' dir='ltr'><strong><em>ἄρδην</em></strong></span> <span class='ocrx_word' id='word_1_51' title='bbox 756 1407 961 1485; x_wconf 72' lang='grc' dir='ltr'><strong>ἀναιρεθεῖσαι</strong></span> <span class='ocrx_word' id='word_1_52' title='bbox 986 1406 1085 1471; x_wconf 79' lang='grc' dir='ltr'><strong><em>σοι’λιν</em></strong></span> <span class='ocrx_word' id='word_1_53' title='bbox 1108 1409 1257 1487; x_wconf 73' lang='grc' dir='ltr'><strong><em>ἴσχυσαν.</em></strong></span> <span class='ocrx_word' id='word_1_54' title='bbox 1285 1407 1410 1474; x_wconf 82' lang='lat' dir='ltr'><strong>Deinde</strong></span> <span class='ocrx_word' id='word_1_55' title='bbox 1432 1409 1517 1494; x_wconf 85' lang='lat' dir='ltr'><strong>quod</strong></span> <span class='ocrx_word' id='word_1_56' title='bbox 1540 1414 1690 1495; x_wconf 80' lang='lat' dir='ltr'>pertinet</span> <span class='ocrx_word' id='word_1_57' title='bbox 1715 1413 1759 1478; x_wconf 69' lang='lat' dir='ltr'><strong>nd</strong></span> <span class='ocrx_word' id='word_1_58' title='bbox 1780 1413 1848 1479; x_wconf 79' lang='lat' dir='ltr'><strong>illos</strong></span> 
     </span>
     <span class='ocr_line' id='line_1_8' title="bbox 641 1513 1850 1598; baseline 0.004 -21"><span class='ocrx_word' id='word_1_59' title='bbox 641 1533 740 1578; x_wconf 89' lang='lat' dir='ltr'><strong>annos</strong></span> <span class='ocrx_word' id='word_1_60' title='bbox 763 1515 957 1598; x_wconf 82' lang='lat' dir='ltr'><strong>quingentos</strong></span> <span class='ocrx_word' id='word_1_61' title='bbox 981 1513 1099 1598; x_wconf 89' lang='lat' dir='ltr'><strong>quibus</strong></span> <span class='ocrx_word' id='word_1_62' title='bbox 1122 1513 1247 1579; x_wconf 88' lang='lat' dir='ltr'><strong>deserta</strong></span> <span class='ocrx_word' id='word_1_63' title='bbox 1269 1513 1419 1580; x_wconf 85' lang='lat' dir='ltr'><strong>Messana</strong></span> <span class='ocrx_word' id='word_1_64' title='bbox 1441 1518 1558 1592; x_wconf 84' lang='lat' dir='ltr'><strong>iacuit,</strong></span> <span class='ocrx_word' id='word_1_65' title='bbox 1594 1525 1688 1582; x_wconf 88' lang='lat' dir='ltr'><strong>recte</strong></span> <span class='ocrx_word' id='word_1_66' title='bbox 1713 1518 1850 1584; x_wconf 86' lang='lat' dir='ltr'><strong>ostendit</strong></span> 
     </span>
     <span class='ocr_line' id='line_1_9' title="bbox 641 1615 1848 1710; baseline 0.007 -29"><span class='ocrx_word' id='word_1_67' title='bbox 641 1616 877 1683; x_wconf 85' lang='lat' dir='ltr'><strong>Vandenessius</strong></span> <span class='ocrx_word' id='word_1_68' title='bbox 908 1640 939 1704; x_wconf 90' lang='lat' dir='ltr'><strong>p.</strong></span> <span class='ocrx_word' id='word_1_69' title='bbox 964 1615 1008 1682; x_wconf 83' lang='lat'><strong>92</strong></span> <span class='ocrx_word' id='word_1_70' title='bbox 1031 1622 1116 1683; x_wconf 85' lang='lat' dir='ltr'><strong>inter</strong></span> <span class='ocrx_word' id='word_1_71' title='bbox 1140 1620 1254 1684; x_wconf 91' lang='lat' dir='ltr'><strong>urbem</strong></span> <span class='ocrx_word' id='word_1_72' title='bbox 1277 1618 1363 1685; x_wconf 89' lang='lat' dir='ltr'><strong>Iram</strong></span> <span class='ocrx_word' id='word_1_73' title='bbox 1386 1642 1405 1685; x_wconf 88' lang='lat' dir='ltr'><strong>a</strong></span> <span class='ocrx_word' id='word_1_74' title='bbox 1428 1620 1699 1689; x_wconf 71' lang='lat' dir='ltr'><strong>Lacedaemoniis</strong></span> <span class='ocrx_word' id='word_1_75' title='bbox 1724 1631 1848 1710; x_wconf 80' lang='lat' dir='ltr'><strong>captam</strong></span> 
     </span>
     <span class='ocr_line' id='line_1_10' title="bbox 642 1723 1850 1814; baseline 0.006 -27"><span class='ocrx_word' id='word_1_76' title='bbox 642 1725 922 1808; x_wconf 89' lang='lat' dir='ltr'><strong>compositumque</strong></span> <span class='ocrx_word' id='word_1_77' title='bbox 942 1724 1119 1789; x_wconf 91' lang='lat' dir='ltr'><strong>secundum</strong></span> <span class='ocrx_word' id='word_1_78' title='bbox 1139 1723 1375 1790; x_wconf 83' lang='lat' dir='ltr'><strong>Messeniacnm</strong></span> <span class='ocrx_word' id='word_1_79' title='bbox 1395 1726 1517 1791; x_wconf 91' lang='lat' dir='ltr'><strong>bellum</strong></span> <span class='ocrx_word' id='word_1_80' title='bbox 1537 1735 1569 1791; x_wconf 89' lang='lat' dir='ltr'><strong>et</strong></span> <span class='ocrx_word' id='word_1_81' title='bbox 1585 1749 1744 1814; x_wconf 70' lang='lat' dir='ltr'><strong>pugnam</strong></span> <span class='ocrx_word' id='word_1_82' title='bbox 1757 1730 1850 1796; x_wconf 69' lang='lat' dir='ltr'><strong>leno</strong></span> 
     </span>
     <span class='ocr_line' id='line_1_11' title="bbox 641 1830 1848 1918; baseline 0.006 -24"><span class='ocrx_word' id='word_1_83' title='bbox 641 1832 756 1894; x_wconf 84' lang='lat' dir='ltr'>tricem</span> <span class='ocrx_word' id='word_1_84' title='bbox 787 1831 844 1894; x_wconf 83' lang='lat' dir='ltr'><strong>vix</strong></span> <span class='ocrx_word' id='word_1_85' title='bbox 875 1831 938 1894; x_wconf 88' lang='lat' dir='ltr'><strong>tria</strong></span> <span class='ocrx_word' id='word_1_86' title='bbox 970 1832 1185 1895; x_wconf 87' lang='lat' dir='ltr'><strong>intercessisse</strong></span> <span class='ocrx_word' id='word_1_87' title='bbox 1217 1830 1353 1896; x_wconf 88' lang='lat' dir='ltr'><strong>saecule.</strong></span> <span class='ocrx_word' id='word_1_88' title='bbox 1384 1830 1447 1896; x_wconf 83' lang='lat' dir='ltr'><strong>Sed</strong></span> <span class='ocrx_word' id='word_1_89' title='bbox 1479 1832 1563 1918; x_wconf 92' lang='lat' dir='ltr'><strong>quod</strong></span> <span class='ocrx_word' id='word_1_90' title='bbox 1596 1837 1733 1899; x_wconf 86' lang='lat' dir='ltr'><strong>amicus</strong></span> <span class='ocrx_word' id='word_1_91' title='bbox 1762 1858 1848 1901; x_wconf 84' lang='lat' dir='ltr'><strong>mene</strong></span> 
     </span>
     <span class='ocr_line' id='line_1_12' title="bbox 641 1934 1849 2022; baseline 0.004 -23"><span class='ocrx_word' id='word_1_92' title='bbox 641 1934 816 2020; x_wconf 82' lang='lat' dir='ltr'><strong>diligenter</strong></span> <span class='ocrx_word' id='word_1_93' title='bbox 847 1941 1017 2000; x_wconf 84' lang='lat' dir='ltr'><strong>exsecutus</strong></span> <span class='ocrx_word' id='word_1_94' title='bbox 1041 1942 1090 2000; x_wconf 91' lang='lat' dir='ltr'><strong>eet</strong></span> <span class='ocrx_word' id='word_1_95' title='bbox 1112 1957 1145 2021; x_wconf 89' lang='lat' dir='ltr'><strong>p.</strong></span> <span class='ocrx_word' id='word_1_96' title='bbox 1170 1936 1211 2000; x_wconf 89' lang='grc'><strong>91</strong></span> <span class='ocrx_word' id='word_1_97' title='bbox 1238 1943 1271 2000; x_wconf 90' lang='lat' dir='ltr'><strong>et</strong></span> <span class='ocrx_word' id='word_1_98' title='bbox 1297 1934 1372 2012; x_wconf 90' lang='grc'><strong>109,</strong></span> <span class='ocrx_word' id='word_1_99' title='bbox 1397 1941 1496 2002; x_wconf 90' lang='lat' dir='ltr'><strong>etiam</strong></span> <span class='ocrx_word' id='word_1_100' title='bbox 1520 1958 1620 2022; x_wconf 91' lang='lat' dir='ltr'><strong>enpra</strong></span> <span class='ocrx_word' id='word_1_101' title='bbox 1644 1940 1849 2006; x_wconf 77' lang='lat' dir='ltr'><strong>Andocidem</strong></span> 
     </span>
    </p>
   </div>
   <div class='ocr_carea' id='block_1_3' title="bbox 644 2144 1849 2331">
    <p class='ocr_par' dir='ltr' id='par_1_3' title="bbox 644 2144 1849 2331">
     <span class='ocr_line' id='line_1_13' title="bbox 644 2144 1849 2233; baseline 0.004 -24"><span class='ocrx_word' id='word_1_102' title='bbox 644 2144 760 2211; x_wconf 87' lang='lat' dir='ltr'><strong>melina</strong></span> <span class='ocrx_word' id='word_1_103' title='bbox 781 2146 932 2231; x_wconf 88' lang='lat' dir='ltr'><strong>estquod</strong></span> <span class='ocrx_word' id='word_1_104' title='bbox 952 2145 1132 2211; x_wconf 78' lang='lat' dir='ltr'><strong>Dinarchus</strong></span> <span class='ocrx_word' id='word_1_105' title='bbox 1152 2146 1299 2231; x_wconf 79' lang='lat' dir='ltr'><strong>perhibet</strong></span> <span class='ocrx_word' id='word_1_106' title='bbox 1322 2168 1348 2212; x_wconf 88' lang='lat' dir='ltr'><strong>c.</strong></span> <span class='ocrx_word' id='word_1_107' title='bbox 1369 2146 1537 2213; x_wconf 88' lang='lat' dir='ltr'><strong>Demosth.</strong></span> <span class='ocrx_word' id='word_1_108' title='bbox 1560 2148 1661 2233; x_wconf 75' lang='lat'><strong>§732</strong></span> <span class='ocrx_word' id='word_1_109' title='bbox 1686 2154 1849 2226; x_wconf 67' lang='grc' dir='ltr'><strong><em>Μεσσήνην</em></strong></span> 
     </span>
     <span class='ocr_line' id='line_1_14' title="bbox 648 2249 1167 2331; baseline 0.002 -16"><span class='ocrx_word' id='word_1_110' title='bbox 648 2253 869 2329; x_wconf 74' lang='grc' dir='ltr'><strong><em>τετρακοσιοτιῖι</em></strong></span> <span class='ocrx_word' id='word_1_111' title='bbox 894 2249 955 2315; x_wconf 79' lang='grc' dir='ltr'><strong><em>ἔτει</em></strong></span> <span class='ocrx_word' id='word_1_112' title='bbox 979 2249 1167 2331; x_wconf 70' lang='grc' dir='ltr'><strong><em>κατῴκισαν.</em></strong></span> 
     </span>
    </p>
   </div>
   <div class='ocr_carea' id='block_1_4' title="bbox 585 2466 1849 3199">
    <p class='ocr_par' dir='ltr' id='par_1_4' title="bbox 585 2466 1849 3199">
     <span class='ocr_line' id='line_1_15' title="bbox 687 2466 1849 2556; baseline 0.007 -21"><span class='ocrx_word' id='word_1_113' title='bbox 687 2466 780 2554; x_wconf 60' lang='lat'><strong>573.</strong></span> <span class='ocrx_word' id='word_1_114' title='bbox 818 2469 895 2535; x_wconf 84' lang='lat' dir='ltr'><strong>Post</strong></span> <span class='ocrx_word' id='word_1_115' title='bbox 924 2490 1069 2556; x_wconf 77' lang='lat' dir='ltr'><strong>pugnem</strong></span> <span class='ocrx_word' id='word_1_116' title='bbox 1100 2469 1141 2535; x_wconf 93' lang='lat' dir='ltr'><strong>ad</strong></span> <span class='ocrx_word' id='word_1_117' title='bbox 1170 2469 1446 2556; x_wconf 77' lang='lat' dir='ltr'><strong>Eurymedontem</strong></span> <span class='ocrx_word' id='word_1_118' title='bbox 1478 2471 1598 2537; x_wconf 80' lang='lat' dir='ltr'><strong>factam</strong></span> <span class='ocrx_word' id='word_1_119' title='bbox 1632 2475 1849 2542; x_wconf 80' lang='lat' dir='ltr'><strong>Athenienses</strong></span> 
     </span>
     <span class='ocr_line' id='line_1_16' title="bbox 644 2573 1848 2656; baseline 0.003 -14"><span class='ocrx_word' id='word_1_120' title='bbox 644 2573 775 2642; x_wconf 72' lang='grc' dir='ltr'><strong><em>ἅπασαν</em></strong></span> <span class='ocrx_word' id='word_1_121' title='bbox 808 2577 863 2649; x_wconf 69' lang='grc' dir='ltr'><strong>τὴν</strong></span> <span class='ocrx_word' id='word_1_122' title='bbox 895 2578 1004 2640; x_wconf 69' lang='grc' dir='ltr'><strong><em>Ἀσίαν</em></strong></span> <span class='ocrx_word' id='word_1_123' title='bbox 1036 2582 1139 2648; x_wconf 78' lang='grc' dir='ltr'><strong><em>κακῶς</em></strong></span> <span class='ocrx_word' id='word_1_124' title='bbox 1171 2581 1324 2647; x_wconf 72' lang='grc' dir='ltr'><strong><em>ποιοῦντες</em></strong></span> <span class='ocrx_word' id='word_1_125' title='bbox 1357 2579 1684 2656; x_wconf 74' lang='grc' dir='ltr'><strong><em>περιέπλευσαν.</em></strong></span> <span class='ocrx_word' id='word_1_126' title='bbox 1716 2582 1848 2648; x_wconf 82' lang='lat' dir='ltr'><strong>Etiamsi</strong></span> 
     </span>
     <span class='ocr_line' id='line_1_17' title="bbox 646 2680 1846 2765; baseline 0.007 -20"><span class='ocrx_word' id='word_1_127' title='bbox 646 2681 778 2746; x_wconf 80' lang='lat' dir='ltr'><strong>sortasse</strong></span> <span class='ocrx_word' id='word_1_128' title='bbox 810 2681 887 2745; x_wconf 82' lang='lat' dir='ltr'><strong>ferri</strong></span> <span class='ocrx_word' id='word_1_129' title='bbox 917 2681 1031 2747; x_wconf 87' lang='lat' dir='ltr'><strong>debeat</strong></span> <span class='ocrx_word' id='word_1_130' title='bbox 1062 2680 1162 2765; x_wconf 75' lang='lat'><strong>§153</strong></span> <span class='ocrx_word' id='word_1_131' title='bbox 1195 2686 1303 2746; x_wconf 77' lang='grc' dir='ltr'><strong><em>τασαν</em></strong></span> <span class='ocrx_word' id='word_1_132' title='bbox 1326 2686 1381 2754; x_wconf 72' lang='grc' dir='ltr'><strong>τὴν</strong></span> <span class='ocrx_word' id='word_1_133' title='bbox 1404 2684 1580 2757; x_wconf 75' lang='grc' dir='ltr'><strong><em>οἰκουμένην</em></strong></span> <span class='ocrx_word' id='word_1_134' title='bbox 1606 2689 1846 2764; x_wconf 71' lang='grc' dir='ltr'><strong><em>περιπλέοντες,</em></strong></span> 
     </span>
     <span class='ocr_line' id='line_1_18' title="bbox 585 2785 1847 2874; baseline 0.008 -24"><span class='ocrx_word' id='word_1_135' title='bbox 585 2852 589 2859; x_wconf 76' lang='grc'><em>,</em></span> <span class='ocrx_word' id='word_1_136' title='bbox 648 2807 721 2851; x_wconf 92' lang='lat' dir='ltr'><strong>nam</strong></span> <span class='ocrx_word' id='word_1_137' title='bbox 753 2806 856 2851; x_wconf 88' lang='lat' dir='ltr'><strong>sermo</strong></span> <span class='ocrx_word' id='word_1_138' title='bbox 887 2786 923 2851; x_wconf 88' lang='lat' dir='ltr'><strong>fit</strong></span> <span class='ocrx_word' id='word_1_139' title='bbox 946 2786 985 2851; x_wconf 90' lang='lat' dir='ltr'><strong>de</strong></span> <span class='ocrx_word' id='word_1_140' title='bbox 1008 2787 1239 2852; x_wconf 75' lang='lat' dir='ltr'><strong>mercatoribus</strong></span> <span class='ocrx_word' id='word_1_141' title='bbox 1263 2790 1320 2871; x_wconf 89' lang='lat' dir='ltr'><strong>qui</strong></span> <span class='ocrx_word' id='word_1_142' title='bbox 1341 2785 1454 2853; x_wconf 84' lang='lat' dir='ltr'><strong>littora</strong></span> <span class='ocrx_word' id='word_1_143' title='bbox 1477 2787 1594 2874; x_wconf 79' lang='lat' dir='ltr'><strong>legunt</strong></span> <span class='ocrx_word' id='word_1_144' title='bbox 1618 2792 1847 2859; x_wconf 81' lang='lat' dir='ltr'><strong>mediterranei</strong></span> 
     </span>
     <span class='ocr_line' id='line_1_19' title="bbox 644 2892 1845 2987; baseline 0.007 -30"><span class='ocrx_word' id='word_1_145' title='bbox 644 2895 753 2968; x_wconf 87' lang='lat' dir='ltr'><strong>maris,</strong></span> <span class='ocrx_word' id='word_1_146' title='bbox 778 2913 840 2957; x_wconf 92' lang='lat' dir='ltr'><strong>non</strong></span> <span class='ocrx_word' id='word_1_147' title='bbox 859 2898 968 2958; x_wconf 89' lang='lat' dir='ltr'><strong>tamen</strong></span> <span class='ocrx_word' id='word_1_148' title='bbox 989 2913 1139 2979; x_wconf 76' lang='lat' dir='ltr'><strong>assequor</strong></span> <span class='ocrx_word' id='word_1_149' title='bbox 1157 2892 1317 2978; x_wconf 92' lang='lat' dir='ltr'><strong>quomodo</strong></span> <span class='ocrx_word' id='word_1_150' title='bbox 1336 2894 1413 2958; x_wconf 78' lang='lat' dir='ltr'><strong>Asia</strong></span> <span class='ocrx_word' id='word_1_151' title='bbox 1433 2896 1533 2979; x_wconf 90' lang='lat' dir='ltr'><strong>possit</strong></span> <span class='ocrx_word' id='word_1_152' title='bbox 1552 2897 1845 2987; x_wconf 65' lang='lat' dir='ltr'><strong>circumnavigam</strong></span> 
     </span>
     <span class='ocr_line' id='line_1_20' title="bbox 644 2997 1845 3086; baseline 0.003 -20"><span class='ocrx_word' id='word_1_153' title='bbox 644 3002 754 3086; x_wconf 80' lang='lat' dir='ltr'><strong>agitur</strong></span> <span class='ocrx_word' id='word_1_154' title='bbox 778 2999 816 3064; x_wconf 93' lang='lat' dir='ltr'><strong>de</strong></span> <span class='ocrx_word' id='word_1_155' title='bbox 840 3020 915 3083; x_wconf 92' lang='lat' dir='ltr'><strong>pace</strong></span> <span class='ocrx_word' id='word_1_156' title='bbox 940 2997 1063 3066; x_wconf 87' lang='lat' dir='ltr'><strong>Oalliae</strong></span> <span class='ocrx_word' id='word_1_157' title='bbox 1086 3020 1167 3083; x_wconf 91' lang='lat' dir='ltr'><strong>quae</strong></span> <span class='ocrx_word' id='word_1_158' title='bbox 1190 2998 1309 3064; x_wconf 88' lang='lat' dir='ltr'><strong>dicitur</strong></span> <span class='ocrx_word' id='word_1_159' title='bbox 1328 3002 1485 3084; x_wconf 85' lang='lat' dir='ltr'><strong>vetitiqne</strong></span> <span class='ocrx_word' id='word_1_160' title='bbox 1504 2999 1623 3066; x_wconf 90' lang='lat' dir='ltr'><strong>Persae</strong></span> <span class='ocrx_word' id='word_1_161' title='bbox 1644 3012 1729 3070; x_wconf 86' lang='lat' dir='ltr'><strong>sunt</strong></span> <span class='ocrx_word' id='word_1_162' title='bbox 1747 3007 1845 3083; x_wconf 71' lang='grc' dir='ltr'><strong><em>μακρᾷ</em></strong></span> 
     </span>
     <span class='ocr_line' id='line_1_21' title="bbox 645 3106 1845 3199; baseline 0.004 -29"><span class='ocrx_word' id='word_1_163' title='bbox 645 3107 739 3185; x_wconf 66' lang='lat' dir='ltr'><strong>oracio</strong></span> <span class='ocrx_word' id='word_1_164' title='bbox 776 3109 818 3181; x_wconf 70' lang='lat' dir='ltr'><strong>ut</strong></span> <span class='ocrx_word' id='word_1_165' title='bbox 855 3115 945 3170; x_wconf 80' lang='grc' dir='ltr'><strong><em>πλεῖν</em></strong></span> <span class='ocrx_word' id='word_1_166' title='bbox 978 3106 1060 3177; x_wconf 69' lang='grc' dir='ltr'><strong><em>ἐντὸς</em></strong></span> <span class='ocrx_word' id='word_1_167' title='bbox 1098 3107 1238 3171; x_wconf 77' lang='grc' dir='ltr'><strong><em>Κυανέων</em></strong></span> <span class='ocrx_word' id='word_1_168' title='bbox 1274 3107 1327 3170; x_wconf 68' lang='grc' dir='ltr'><strong><em>καί</em></strong></span> <span class='ocrx_word' id='word_1_169' title='bbox 1359 3107 1547 3191; x_wconf 72' lang='grc' dir='ltr'><strong><em>Φασήλιδα,</em></strong></span> <span class='ocrx_word' id='word_1_170' title='bbox 1581 3109 1674 3175; x_wconf 90' lang='lat' dir='ltr'><strong>unde</strong></span> <span class='ocrx_word' id='word_1_171' title='bbox 1710 3115 1845 3199; x_wconf 85' lang='lat' dir='ltr'><strong>suspicor</strong></span> 
     </span>
    </p>
   </div>
   <div class='ocr_carea' id='block_1_5' title="bbox 643 3210 1291 3297">
    <p class='ocr_par' dir='ltr' id='par_1_5' title="bbox 643 3210 1291 3297">
     <span class='ocr_line' id='line_1_22' title="bbox 643 3210 1291 3297; baseline 0.002 -21"><span class='ocrx_word' id='word_1_172' title='bbox 643 3210 862 3297; x_wconf 88' lang='lat' dir='ltr'><strong>reponendum</strong></span> <span class='ocrx_word' id='word_1_173' title='bbox 885 3231 953 3276; x_wconf 81' lang='lat' dir='ltr'><strong>esse</strong></span> <span class='ocrx_word' id='word_1_174' title='bbox 977 3234 1001 3274; x_wconf 83' lang='grc' dir='ltr'><strong><em>τ</em></strong></span> <span class='ocrx_word' id='word_1_175' title='bbox 1011 3235 1056 3291; x_wconf 94' lang='grc' dir='ltr'><strong><em>αρ</em></strong></span> <span class='ocrx_word' id='word_1_176' title='bbox 1066 3210 1080 3275; x_wconf 74' lang='lat' dir='ltr'><strong>i</strong></span> <span class='ocrx_word' id='word_1_177' title='bbox 1091 3226 1144 3275; x_wconf 85' lang='grc' dir='ltr'><strong>τλ</strong></span> <span class='ocrx_word' id='word_1_178' title='bbox 1155 3234 1223 3275; x_wconf 91' lang='grc' dir='ltr'><strong>ευσ</strong></span> <span class='ocrx_word' id='word_1_179' title='bbox 1235 3235 1255 3274; x_wconf 92' lang='grc' dir='ltr'><strong><em>α</em></strong></span> <span class='ocrx_word' id='word_1_180' title='bbox 1266 3237 1291 3277; x_wconf 87' lang='grc' dir='ltr'><strong>ν.</strong></span> 
     </span>
    </p>
   </div>
   <div class='ocr_carea' id='block_1_6' title="bbox 642 3411 1841 3816">
    <p class='ocr_par' dir='ltr' id='par_1_6' title="bbox 642 3411 1841 3816">
     <span class='ocr_line' id='line_1_23' title="bbox 689 3411 1841 3497; baseline 0.002 -18"><span class='ocrx_word' id='word_1_181' title='bbox 689 3411 781 3497; x_wconf 60' lang='lat'><strong>574.</strong></span> <span class='ocrx_word' id='word_1_182' title='bbox 808 3413 973 3479; x_wconf 87' lang='lat' dir='ltr'><strong>Leocrates</strong></span> <span class='ocrx_word' id='word_1_183' title='bbox 996 3419 1045 3478; x_wconf 89' lang='lat' dir='ltr'><strong>est</strong></span> <span class='ocrx_word' id='word_1_184' title='bbox 1067 3411 1098 3486; x_wconf 78' lang='grc' dir='ltr'><strong>ὃς</strong></span> <span class='ocrx_word' id='word_1_185' title='bbox 1123 3412 1186 3478; x_wconf 80' lang='grc' dir='ltr'><strong>οὔτ’</strong></span> <span class='ocrx_word' id='word_1_186' title='bbox 1212 3413 1369 3478; x_wconf 78' lang='grc' dir='ltr'><strong><em>ἔδεισεν</em></strong></span> <span class='ocrx_word' id='word_1_187' title='bbox 1393 3414 1457 3478; x_wconf 76' lang='grc' dir='ltr'><strong>οὔτ’</strong></span> <span class='ocrx_word' id='word_1_188' title='bbox 1478 3414 1618 3496; x_wconf 70' lang='grc' dir='ltr'><strong><em>ᾐσχύνθη</em></strong></span> <span class='ocrx_word' id='word_1_189' title='bbox 1639 3417 1743 3494; x_wconf 73' lang='grc' dir='ltr'><strong><em>ὑμᾶς.</em></strong></span> <span class='ocrx_word' id='word_1_190' title='bbox 1768 3418 1841 3483; x_wconf 86' lang='lat' dir='ltr'><strong>Mihi</strong></span> 
     </span>
     <span class='ocr_line' id='line_1_24' title="bbox 642 3518 1840 3605; baseline 0.002 -20"><span class='ocrx_word' id='word_1_191' title='bbox 642 3518 774 3603; x_wconf 86' lang='lat' dir='ltr'><strong>quidem</strong></span> <span class='ocrx_word' id='word_1_192' title='bbox 798 3519 903 3605; x_wconf 89' lang='lat' dir='ltr'><strong>placet</strong></span> <span class='ocrx_word' id='word_1_193' title='bbox 926 3541 1075 3604; x_wconf 89' lang='lat' dir='ltr'><strong>reponere</strong></span> <span class='ocrx_word' id='word_1_194' title='bbox 1100 3521 1282 3596; x_wconf 75' lang='grc' dir='ltr'><strong><em>ἠλέησεν,</em></strong></span> <span class='ocrx_word' id='word_1_195' title='bbox 1308 3518 1382 3585; x_wconf 90' lang='lat' dir='ltr'><strong>coll.</strong></span> <span class='ocrx_word' id='word_1_196' title='bbox 1406 3518 1501 3604; x_wconf 72' lang='lat'><strong>§172</strong></span> <span class='ocrx_word' id='word_1_197' title='bbox 1527 3519 1599 3585; x_wconf 84' lang='grc' dir='ltr'><strong><em>οὔτε</em></strong></span> <span class='ocrx_word' id='word_1_198' title='bbox 1621 3523 1698 3595; x_wconf 79' lang='grc' dir='ltr'><strong><em>τοὺς</em></strong></span> <span class='ocrx_word' id='word_1_199' title='bbox 1722 3525 1840 3599; x_wconf 71' lang='grc' dir='ltr'><strong><em>λιμένας</em></strong></span> 
     </span>
     <span class='ocr_line' id='line_1_25' title="bbox 643 3624 1841 3707; baseline 0.004 -20"><span class='ocrx_word' id='word_1_200' title='bbox 643 3632 699 3697; x_wconf 73' lang='grc' dir='ltr'><strong>τῆς</strong></span> <span class='ocrx_word' id='word_1_201' title='bbox 733 3626 851 3696; x_wconf 69' lang='grc' dir='ltr'><strong><em>πόλεως</em></strong></span> <span class='ocrx_word' id='word_1_202' title='bbox 884 3625 1032 3703; x_wconf 75' lang='grc' dir='ltr'><strong><em>ἐλεῶν,</em></strong></span> <span class='ocrx_word' id='word_1_203' title='bbox 1065 3624 1135 3689; x_wconf 81' lang='grc' dir='ltr'><strong><em>οὔτε</em></strong></span> <span class='ocrx_word' id='word_1_204' title='bbox 1159 3626 1202 3688; x_wconf 74' lang='grc' dir='ltr'><strong>τὰ</strong></span> <span class='ocrx_word' id='word_1_205' title='bbox 1227 3624 1318 3705; x_wconf 76' lang='grc' dir='ltr'><strong><em>τείχει</em></strong></span> <span class='ocrx_word' id='word_1_206' title='bbox 1343 3632 1398 3699; x_wconf 76' lang='grc' dir='ltr'><strong>τῆς</strong></span> <span class='ocrx_word' id='word_1_207' title='bbox 1423 3624 1570 3702; x_wconf 74' lang='grc' dir='ltr'><strong><em>πατρίδος</em></strong></span> <span class='ocrx_word' id='word_1_208' title='bbox 1598 3628 1841 3707; x_wconf 69' lang='lat' dir='ltr'><strong>‹tinxerint-</strong></span> 
     </span>
     <span class='ocr_line' id='line_1_26' title="bbox 643 3729 1665 3816; baseline 0.001 -22"><span class='ocrx_word' id='word_1_209' title='bbox 643 3755 722 3808; x_wconf 82' lang='grc' dir='ltr'><strong><em>νος,</em></strong></span> <span class='ocrx_word' id='word_1_210' title='bbox 747 3734 765 3816; x_wconf 78' lang='lat'>§</span> <span class='ocrx_word' id='word_1_211' title='bbox 787 3730 848 3795; x_wconf 85' lang='lat'><strong>39:</strong></span> <span class='ocrx_word' id='word_1_212' title='bbox 875 3731 921 3803; x_wconf 73' lang='grc' dir='ltr'><strong>τίς</strong></span> <span class='ocrx_word' id='word_1_213' title='bbox 946 3732 1000 3795; x_wconf 80' lang='grc' dir='ltr'><strong>οὐκ</strong></span> <span class='ocrx_word' id='word_1_214' title='bbox 1024 3731 1062 3794; x_wconf 75' lang='grc' dir='ltr'><strong>ιἰν</strong></span> <span class='ocrx_word' id='word_1_215' title='bbox 1086 3732 1141 3803; x_wconf 68' lang='grc' dir='ltr'><strong>τὴν</strong></span> <span class='ocrx_word' id='word_1_216' title='bbox 1165 3730 1253 3794; x_wconf 78' lang='grc' dir='ltr'><strong><em>πόλιν</em></strong></span> <span class='ocrx_word' id='word_1_217' title='bbox 1278 3729 1422 3808; x_wconf 61' lang='lat' dir='ltr'><strong>cizinum</strong></span> <span class='ocrx_word' id='word_1_218' title='bbox 1446 3732 1525 3793; x_wconf 88' lang='lat' dir='ltr'><strong>item</strong></span> <span class='ocrx_word' id='word_1_219' title='bbox 1551 3729 1665 3813; x_wconf 74' lang='lat' dir='ltr'><strong>§ML</strong></span> 
     </span>
    </p>
   </div>
   <div class='ocr_carea' id='block_1_7' title="bbox 646 3945 1842 4435">
    <p class='ocr_par' dir='ltr' id='par_1_7' title="bbox 646 3945 1842 4435">
     <span class='ocr_line' id='line_1_27' title="bbox 691 3945 1839 4033; baseline 0.003 -21"><span class='ocrx_word' id='word_1_220' title='bbox 691 3951 708 4033; x_wconf 60' lang='grc' dir='ltr'>ξ</span> <span class='ocrx_word' id='word_1_221' title='bbox 729 3947 788 4012; x_wconf 84' lang='lat'><strong>88:</strong></span> <span class='ocrx_word' id='word_1_222' title='bbox 815 3945 979 4025; x_wconf 74' lang='grc' dir='ltr'><strong><em>Ὀροῖτε·</em></strong></span> <span class='ocrx_word' id='word_1_223' title='bbox 1006 3948 1111 4020; x_wconf 66' lang='grc' dir='ltr'><strong><em>ὁμοίως</em></strong></span> <span class='ocrx_word' id='word_1_224' title='bbox 1138 3947 1263 4025; x_wconf 71' lang='grc' dir='ltr'><strong><em>ἐφίλουν</em></strong></span> <span class='ocrx_word' id='word_1_225' title='bbox 1287 3948 1341 4018; x_wconf 71' lang='grc' dir='ltr'><strong>τὴν</strong></span> <span class='ocrx_word' id='word_1_226' title='bbox 1365 3948 1501 4027; x_wconf 76' lang='grc' dir='ltr'><strong><em>πατρίδα</em></strong></span> <span class='ocrx_word' id='word_1_227' title='bbox 1526 3950 1713 4027; x_wconf 68' lang='grc' dir='ltr'><strong><em>Λεωκράτει</em></strong></span> <span class='ocrx_word' id='word_1_228' title='bbox 1734 3953 1760 4016; x_wconf 78' lang='grc' dir='ltr'><strong>οἱ</strong></span> <span class='ocrx_word' id='word_1_229' title='bbox 1780 3952 1839 4015; x_wconf 71' lang='grc' dir='ltr'><strong><em>τότε</em></strong></span> 
     </span>
     <span class='ocr_line' id='line_1_28' title="bbox 646 4047 1841 4130; baseline 0.004 -14"><span class='ocrx_word' id='word_1_230' title='bbox 646 4053 880 4130; x_wconf 81' lang='grc' dir='ltr'><strong><em>βασιλεύοντες.</em></strong></span> <span class='ocrx_word' id='word_1_231' title='bbox 911 4053 1040 4117; x_wconf 79' lang='lat' dir='ltr'><strong>Eximio</strong></span> <span class='ocrx_word' id='word_1_232' title='bbox 1064 4051 1246 4116; x_wconf 81' lang='lat' dir='ltr'><strong>emendavit</strong></span> <span class='ocrx_word' id='word_1_233' title='bbox 1270 4050 1405 4118; x_wconf 78' lang='lat' dir='ltr'><strong>Corace:</strong></span> <span class='ocrx_word' id='word_1_234' title='bbox 1425 4047 1524 4128; x_wconf 71' lang='grc' dir='ltr'><strong><em>Ἀραὶ</em></strong></span> <span class='ocrx_word' id='word_1_235' title='bbox 1548 4076 1595 4129; x_wconf 76' lang='grc' dir='ltr'><strong>γε</strong></span> <span class='ocrx_word' id='word_1_236' title='bbox 1620 4054 1735 4128; x_wconf 73' lang='grc' dir='ltr'><strong><em>ὁμοίως</em></strong></span> <span class='ocrx_word' id='word_1_237' title='bbox 1760 4060 1841 4122; x_wconf 87' lang='lat' dir='ltr'><strong>item·</strong></span> 
     </span>
     <span class='ocr_line' id='line_1_29' title="bbox 647 4153 1842 4243; baseline 0.001 -20"><span class='ocrx_word' id='word_1_238' title='bbox 647 4180 709 4243; x_wconf 90' lang='lat' dir='ltr'><strong>que</strong></span> <span class='ocrx_word' id='word_1_239' title='bbox 731 4156 813 4223; x_wconf 88' lang='lat' dir='ltr'><strong>illud</strong></span> <span class='ocrx_word' id='word_1_240' title='bbox 836 4153 898 4233; x_wconf 75' lang='lat' dir='ltr'><strong>circi</strong></span> <span class='ocrx_word' id='word_1_241' title='bbox 922 4181 961 4233; x_wconf 75' lang='grc' dir='ltr'><strong>γε</strong></span> <span class='ocrx_word' id='word_1_242' title='bbox 985 4158 1157 4242; x_wconf 83' lang='lat' dir='ltr'><strong>Lycurgus</strong></span> <span class='ocrx_word' id='word_1_243' title='bbox 1180 4156 1277 4221; x_wconf 91' lang='lat' dir='ltr'><strong>habet</strong></span> <span class='ocrx_word' id='word_1_244' title='bbox 1301 4154 1386 4241; x_wconf 78' lang='lat'>§70‚</span> <span class='ocrx_word' id='word_1_245' title='bbox 1410 4155 1473 4221; x_wconf 88' lang='lat'><strong>119</strong></span> <span class='ocrx_word' id='word_1_246' title='bbox 1494 4164 1526 4223; x_wconf 88' lang='lat' dir='ltr'><strong>et</strong></span> <span class='ocrx_word' id='word_1_247' title='bbox 1548 4155 1625 4222; x_wconf 80' lang='lat'>123.</span> <span class='ocrx_word' id='word_1_248' title='bbox 1650 4160 1722 4226; x_wconf 89' lang='lat' dir='ltr'><strong>Nec</strong></span> <span class='ocrx_word' id='word_1_249' title='bbox 1743 4170 1842 4227; x_wconf 83' lang='lat' dir='ltr'><strong>tamen</strong></span> 
     </span>
     <span class='ocr_line' id='line_1_30' title="bbox 646 4263 1842 4348; baseline 0.002 -19"><span class='ocrx_word' id='word_1_250' title='bbox 646 4263 855 4329; x_wconf 76' lang='lat' dir='ltr'><strong>Thalhemiue</strong></span> <span class='ocrx_word' id='word_1_251' title='bbox 886 4265 1115 4329; x_wconf 86' lang='lat' dir='ltr'><strong>correctionem</strong></span> <span class='ocrx_word' id='word_1_252' title='bbox 1147 4265 1179 4325; x_wconf 91' lang='lat' dir='ltr'><strong>in</strong></span> <span class='ocrx_word' id='word_1_253' title='bbox 1212 4266 1340 4327; x_wconf 82' lang='lat' dir='ltr'><strong>textum</strong></span> <span class='ocrx_word' id='word_1_254' title='bbox 1371 4263 1487 4328; x_wconf 85' lang='lat' dir='ltr'><strong>inferre</strong></span> <span class='ocrx_word' id='word_1_255' title='bbox 1519 4282 1619 4327; x_wconf 83' lang='lat' dir='ltr'><strong>ausus</strong></span> <span class='ocrx_word' id='word_1_256' title='bbox 1652 4274 1715 4332; x_wconf 88' lang='lat' dir='ltr'><strong>est.</strong></span> <span class='ocrx_word' id='word_1_257' title='bbox 1748 4268 1842 4348; x_wconf 83' lang='lat' dir='ltr'><strong>Quem</strong></span> 
     </span>
     <span class='ocr_line' id='line_1_31' title="bbox 646 4367 1329 4435; baseline -0.004 -1"><span class='ocrx_word' id='word_1_258' title='bbox 646 4372 836 4435; x_wconf 87' lang='lat' dir='ltr'><strong>temerarius</strong></span> <span class='ocrx_word' id='word_1_259' title='bbox 859 4371 990 4434; x_wconf 87' lang='lat' dir='ltr'><strong>criticus</strong></span> <span class='ocrx_word' id='word_1_260' title='bbox 1016 4367 1067 4432; x_wconf 92' lang='lat' dir='ltr'><strong>illi</strong></span> <span class='ocrx_word' id='word_1_261' title='bbox 1092 4368 1190 4433; x_wconf 90' lang='lat' dir='ltr'><strong>debeo</strong></span> <span class='ocrx_word' id='word_1_262' title='bbox 1215 4367 1329 4434; x_wconf 82' lang='lat' dir='ltr'><strong>videri.</strong></span> 
     </span>
    </p>
   </div>
   <div class='ocr_carea' id='block_1_8' title="bbox 642 4578 1842 4877">
    <p class='ocr_par' dir='ltr' id='par_1_8' title="bbox 642 4578 1889 4877">
     <span class='ocr_line' id='line_1_32' title="bbox 693 4578 1842 4666; baseline 0.002 -21"><span class='ocrx_word' id='word_1_263' title='bbox 693 4580 785 4666; x_wconf 68' lang='lat'><strong>588.</strong></span> <span class='ocrx_word' id='word_1_264' title='bbox 816 4580 863 4646; x_wconf 93' lang='lat' dir='ltr'><strong>De</strong></span> <span class='ocrx_word' id='word_1_265' title='bbox 894 4581 1024 4666; x_wconf 80' lang='lat' dir='ltr'><strong>regibus</strong></span> <span class='ocrx_word' id='word_1_266' title='bbox 1053 4579 1302 4645; x_wconf 88' lang='lat' dir='ltr'><strong>Atheniensium</strong></span> <span class='ocrx_word' id='word_1_267' title='bbox 1331 4582 1378 4646; x_wconf 91' lang='lat' dir='ltr'><strong>ita</strong></span> <span class='ocrx_word' id='word_1_268' title='bbox 1408 4578 1567 4666; x_wconf 80' lang='lat' dir='ltr'><strong>legimus:</strong></span> <span class='ocrx_word' id='word_1_269' title='bbox 1600 4590 1770 4664; x_wconf 78' lang='grc' dir='ltr'><strong><em>τοιγαροῦν</em></strong></span> <span class='ocrx_word' id='word_1_270' title='bbox 1791 4607 1842 4661; x_wconf 76' lang='grc' dir='ltr'><strong><em>με</em></strong></span> 
     </span>
     <span class='ocr_line' id='line_1_33' title="bbox 647 4685 1841 4770; baseline 0.006 -21"><span class='ocrx_word' id='word_1_271' title='bbox 647 4687 816 4750; x_wconf 86' lang='grc' dir='ltr'><strong><em>νώτατοι</em></strong></span> <span class='ocrx_word' id='word_1_272' title='bbox 849 4687 997 4761; x_wconf 76' lang='grc' dir='ltr'><strong><em>ἐπώνυμοι</em></strong></span> <span class='ocrx_word' id='word_1_273' title='bbox 1030 4692 1085 4758; x_wconf 66' lang='grc' dir='ltr'><strong>τοῖς</strong></span> <span class='ocrx_word' id='word_1_274' title='bbox 1117 4686 1220 4764; x_wconf 72' lang='grc' dir='ltr'><strong><em>χώρας</em></strong></span> <span class='ocrx_word' id='word_1_275' title='bbox 1253 4685 1339 4750; x_wconf 69' lang='grc' dir='ltr'><strong><em>εἰσίν.</em></strong></span> <span class='ocrx_word' id='word_1_276' title='bbox 1371 4685 1443 4751; x_wconf 88' lang='lat' dir='ltr'><strong>Non</strong></span> <span class='ocrx_word' id='word_1_277' title='bbox 1474 4705 1591 4770; x_wconf 81' lang='lat' dir='ltr'><strong>quaero</strong></span> <span class='ocrx_word' id='word_1_278' title='bbox 1620 4708 1712 4755; x_wconf 89' lang='lat' dir='ltr'><strong>nunc</strong></span> <span class='ocrx_word' id='word_1_279' title='bbox 1735 4709 1841 4756; x_wconf 73' lang='lat' dir='ltr'><strong>verene</strong></span> 
     </span>
     <span class='ocr_line' id='line_1_34' title="bbox 642 4791 1838 4877; baseline 0.003 -21"><span class='ocrx_word' id='word_1_280' title='bbox 642 4794 702 4857; x_wconf 88' lang='lat' dir='ltr'><strong>hoc</strong></span> <span class='ocrx_word' id='word_1_281' title='bbox 726 4798 831 4857; x_wconf 87' lang='lat' dir='ltr'><strong>orator</strong></span> <span class='ocrx_word' id='word_1_282' title='bbox 852 4791 1019 4857; x_wconf 86' lang='lat' dir='ltr'><strong>tradiderit</strong></span> <span class='ocrx_word' id='word_1_283' title='bbox 1039 4791 1077 4856; x_wconf 91' lang='lat' dir='ltr'><strong>de</strong></span> <span class='ocrx_word' id='word_1_284' title='bbox 1097 4791 1207 4856; x_wconf 89' lang='lat' dir='ltr'><strong>decem</strong></span> <span class='ocrx_word' id='word_1_285' title='bbox 1226 4792 1373 4857; x_wconf 86' lang='lat' dir='ltr'><strong>tribubus</strong></span> <span class='ocrx_word' id='word_1_286' title='bbox 1392 4811 1566 4877; x_wconf 87' lang='lat' dir='ltr'><strong>earumque</strong></span> <span class='ocrx_word' id='word_1_287' title='bbox 1589 4797 1767 4862; x_wconf 92' lang='lat' dir='ltr'><strong>nominum</strong></span> <span class='ocrx_word' id='word_1_288' title='bbox 1785 4797 1838 4863; x_wconf 87' lang='lat' dir='ltr'><strong>ori·</strong></span> 
     </span>
    </p>
   </div>
   <div class='ocr_carea' id='block_1_9' title="bbox 0 0 2270 5940">
    <p class='ocr_par' dir='ltr' id='par_1_9' title="bbox 0 0 2270 5940">
     <span class='ocr_line' id='line_1_35' title="bbox 0 0 2270 5940; baseline 0 0"><span class='ocrx_word' id='word_1_289' title='bbox 0 0 2270 5940; x_wconf 95' lang='lat' dir='ltr'><strong> </strong></span> 
     </span>
    </p>
   </div>
  </div>
 </body>
</html>
