4525 5950
650 681 716 746 314
1170 697 1325 744 nonnius.

651 863 740 928 arida
770 862 874 926 differt
907 861 1036 927 nubila'’
1068 859 1160 940 (Gau.
1186 860 1233 925 ΙΙΙ
1259 858 1338 941 197)
1363 898 1404 909 -
1429 868 1443 942 (
1467 867 1479 940 )
1503 869 1532 924 et
1553 862 1591 925 in
1615 861 1783 944 Adelphis,
1807 861 1852 924 nt

651 992 746 1032 aeram
766 992 819 1047 me,
840 969 967 1053 differor
987 967 1138 1032 doloribus
1152 968 1268 1032 -hoo
1288 973 1337 1032 ost
1356 970 1389 1031 in
1409 967 1576 1033 diversum
1596 971 1698 1054 rapit,
1712 968 1852 1054 dissipat

698 1073 893 1160 Exemplum
924 1076 1074 1161 magistri
1107 1095 1163 1159 per
1194 1094 1228 1138 se
1252 1077 1330 1138 satis
1354 1079 1485 1158 aptum,
1510 1082 1548 1139 ut
1572 1077 1609 1139 in
1632 1074 1668 1140 ΙΙ
1697 1075 1730 1140 1.
1744 1074 1789 1140 24
1811 1075 1853 1154 (2)

653 1201 758 1264 supra.
788 1177 841 1258 (O)

697 1331 728 1396 ΙΙ
760 1331 790 1395 5.
811 1330 862 1395 18.
899 1331 979 1396 Don.
1011 1329 1076 1411 (3):
1115 1332 1272 1408 „memini
1303 1329 1434 1396 videre’'
1469 1352 1526 1417 pro
1556 1331 1697 1398 vidisse.
1735 1331 1853 1397 Ennius

655 1440 810 1514 „memini
833 1458 886 1501 me
909 1440 1035 1522 [quam]
1059 1436 1127 1501 fieri
1151 1436 1307 1521 pavum.'’
1331 1436 1466 1501 Alii-
1491 1438 1557 1518 (4):
1582 1437 1629 1502 air
1650 1439 1801 1516 „memini
1819 1438 1854 1502 nt

653 1543 755 1622 ὀστέ’,
786 1550 819 1606 ut
850 1543 940 1620 „novi
963 1543 1117 1625 probare’'
1143 1581 1186 1590 —
1213 1542 1337 1620 „forma
1363 1542 1466 1608 bona”
1489 1544 1543 1619 (of.
1569 1565 1658 1609 vers.
1685 1543 1778 1625 Ter.)
1801 1544 1855 1608 die

655 1653 822 1735 tinguant.

698 1756 831 1820 Notavit
864 1755 913 1819 W.
956 1755 1069 1819 Utrius
1109 1757 1153 1818 sit
1188 1753 1380 1838 interpolata
1414 1757 1574 1819 sententia
1608 1777 1679 1820 non
1718 1764 1853 1842 apparet

653 1860 804 1928 Ceterum
828 1860 868 1926 ad
891 1861 1022 1924 Phorm.
1047 1859 1061 1923 Ι
1083 1859 1115 1925 2.
1129 1858 1174 1923 24
1196 1861 1314 1924 citatur
1333 1880 1352 1925 a
1370 1859 1494 1926 Donato
1513 1860 1566 1925 hio
1585 1859 1683 1927 locus
1704 1870 1740 1928 et
1759 1862 1854 1926 denuo

654 1967 789 2032 Ennius.

698 2118 755 2184 19.
790 2118 826 2182 ln
850 2118 993 2204 longiore
1017 2117 1138 2183 soholio
1163 2117 1279 2182 Donati
1303 2116 1406 2182 denuo
1428 2116 1479 2182 W.
1504 2121 1634 2183 notavit
1661 2121 1769 2186 verba
1790 2122 1855 2185 insi

657 2228 750 2291 tinia:
784 2225 981 2307 (amplecti),
1014 2225 1095 2310 quod
1116 2225 1200 2305 volgo
1223 2223 1356 2287 dieitur:
1379 2246 1443 2286 eum
1466 2223 1525 2286 itta
1547 2246 1688 2300 manere,
1715 2250 1780 2291 am
1804 2227 1853 2290 illa

654 2333 793 2397 dormire.
1246 2401 1250 2413 ¹

701 2439 815 2503 Neutri
838 2445 924 2503 corto
947 2438 1109 2523 adsignari
1133 2442 1238 2522 potest
1260 2457 1334 2522 prae
1358 2436 1469 2503 altero.

703 2604 733 2668 ll
765 2604 829 2670 6.3
864 2603 929 2684 (2):
968 2624 1088 2689 „aeque
1117 2605 1288 2688 quicquam
1321 2624 1404 2668 nuno
1435 2603 1602 2689 quidem'',
1636 2605 1726 2672 bene
1759 2628 1854 2684 „nuno

659 2709 811 2796 quidem'’
837 2747 880 2758 -
904 2709 1046 2773 simililer
1069 2732 1169 2786 ,mano
1188 2709 1289 2773 attia
1309 2708 1442 2789 (Heaut.
1463 2708 1493 2772 ΙΙ
1514 2708 1544 2775 3.
1558 2708 1618 2790 26)
1639 2748 1689 2760 —
1711 2720 1750 2778 ut
1768 2711 1853 2798 paulo

657 2822 741 2893 ante,
766 2838 841 2881 cnm
865 2816 948 2880 dixit
973 2815 1026 2892 „id
1051 2814 1190 2900 populus
1212 2821 1304 2880 curat
1327 2815 1470 2881 scilieet'’
1494 2815 1523 2894 (Ι
1545 2816 1668 2897 214).

702 2924 845 2989 Donatus
868 2922 997 2988 denotat
1020 2924 1189 3008 utriusque
1208 2920 1272 2987 looi
1289 2924 1440 3000 ironiam,
1461 2922 1676 3007 interpolatio
1698 2933 1853 3013 comparat

656 3030 832 3096 locutiones
856 3050 985 3116 prorsus
1008 3029 1159 3093 diversas.
1185 3028 1318 3094 Notavit
1344 3029 1393 3093 W.
1419 3028 1471 3108 (O)

705 3196 745 3262 16
771 3195 1002 3273 „Subtristis'':
1029 3195 1133 3273 „sub”
1160 3199 1449 3279 temperamentum
1469 3201 1518 3259 est
1535 3192 1653 3279 plenae
1676 3202 1855 3284 pronuntin-

656 3305 753 3368 tionis
778 3339 820 3351 -
844 3309 878 3365 ut
910 3302 1086 3377 „subridet”
1117 3324 1177 3364 non
1208 3303 1250 3364 ad
1266 3299 1392 3382 plenum
1416 3300 1529 3382 [tristia
1550 3304 1619 3384 aab]
1647 3306 1736 3369 ridet
1759 3343 1802 3353 —
1826 3311 1855 3368 ut

655 3408 884 3473 confessionem
909 3406 1047 3473 eliceret.

702 3515 835 3579 Notavit
858 3512 908 3577 W.

700 3664 747 3729 ΙΙΙ
774 3664 837 3729 1.2
864 3663 1031 3740 „Invenias
1052 3662 1183 3727 virum’'
1204 3662 1377 3727 secundam
1396 3684 1453 3747 pro
1473 3665 1568 3728 tertia
1588 3685 1735 3750 persona
1757 3673 1858 3754 posuit

656 3808 697 3819 —
718 3793 777 3853 pro
808 3769 944 3833 inueniat
976 3768 1044 3853 quia
1072 3769 1120 3831 uel
1149 3768 1285 3831 inuenire
1317 3768 1385 3852 quia
1408 3770 1573 3850 possit-
1598 3777 1639 3834 ut
1676 3773 1857 3862 Vergilius:

657 3878 849 3962 „migrantis
872 3895 981 3940 cernas
1005 3880 1134 3960 totaque
1158 3895 1197 3939 ex
1222 3874 1301 3938 urbe
1324 3874 1475 3940 ruentes'’
1499 3873 1556 3954 (IV
1581 3875 1669 3957 401>

702 3982 836 4046 Notavit
859 3979 909 4044 W.
934 3979 1007 4044 Utri
1030 3980 1090 4044 hoo
1112 3979 1253 4044 dandum
1277 3982 1405 4045 sitnon
1429 3986 1569 4066 apparet.
1594 3981 1695 4050 Idem
1717 3988 1857 4054 scholion

660 4094 784 4173 praeter
806 4085 1087 4170 interpolationem
1110 4084 1234 4170 legitur
1257 4086 1356 4149 otiam
1379 4085 1393 4149 Ι
1422 4086 1450 4151 1.
1464 4085 1516 4164 39,
1541 4093 1575 4151 et
1597 4088 1641 4152 of.
1669 4090 1686 4155 Ι
1712 4092 1783 4159 2.8
1806 4096 1857 4173 (2),

659 4200 690 4258 et
721 4192 897 4256 Servius
929 4190 968 4255 ad
991 4190 1012 4255 l.
1039 4190 1134 4276 Verg.
1159 4191 1218 4255 hou
1242 4190 1427 4256 adnotavit:
1460 4189 1638 4270 „Garnae
1666 4196 1808 4265 honesta
1829 4200 1857 4263 fi-

656 4320 739 4385 gura
769 4300 796 4361 si
829 4319 896 4361 rem
929 4300 1042 4362 tertiae
1073 4318 1225 4382 personae
1254 4300 1289 4362 in
1313 4299 1485 4364 secundam
1509 4299 1647 4378 referas,
1676 4304 1740 4371 hoe
1765 4309 1857 4373 estsi

658 4407 730 4490 quis
754 4403 893 4468 oornat”.

705 4510 782 4574 Nece
806 4508 911 4574 simile
935 4508 1200 4574 additamentum.

706 4674 744 4737 ll
771 4674 819 4754 (3)
851 4674 921 4751 „Ex
951 4676 1141 4761 peregrina''
1173 4675 1206 4740 id
1236 4682 1285 4741 est
1316 4698 1355 4741 ex
1379 4679 1561 4755 meretrioe;
1587 4678 1754 4750 mulieres
1777 4689 1855 4753 enirn

657 4782 843 4866 peregrinae
874 4781 1061 4847 inhonestae
1093 4803 1129 4847 ao
1160 4785 1342 4848 meretrices
1372 4784 1586 4863 habebentur;
1616 4790 1667 4854 sic
1691 4792 1765 4877 ipse
1788 4792 1856 4859 alibi
