4525 5950
639 666 705 732 232
1158 687 1314 735 nonnius.

681 851 697 915 Ι
722 851 752 915 5.
769 850 820 916 13.
847 854 926 917 Αθῖε
941 850 964 932 ¹)
987 873 1023 918 ao
1047 858 1215 917 transacta.

682 957 778 1022 Don.:
806 956 1004 1043 proverbiale
1028 964 1076 1022 θεῖ
1097 961 1130 1021 in
1154 957 1188 1023 id
1210 960 1350 1042 negotii,
1374 958 1411 1023 de
1435 978 1497 1043 quo
1521 957 1606 1022 nihil
1626 960 1777 1043 supersit
1797 957 1838 1022 ad

636 1063 808 1150 agendum.
834 1063 936 1128 Phil:
964 1063 1088 1141 „faeta”
1113 1085 1131 1129 a
1155 1063 1342 1149 Pamphilo,
1369 1065 1568 1141 „transacta”
1594 1061 1800 1131 a'Ghreme.

681 1169 854 1235 Distinetio
878 1169 966 1234 falsa.

684 1321 737 1386 15.
763 1321 895 1407 Aliquid
920 1326 1056 1388 monstri
1080 1322 1174 1387 alunt

682 1428 809 1514 Duplex
840 1429 1035 1495 contumelia
1065 1436 1115 1495 θεῖ
1127 1427 1153 1509 ²)
1183 1435 1216 1494 et
1250 1429 1429 1507 „monstri”
1453 1435 1485 1494 et
1510 1428 1700 1514 „aliquid”;
1729 1434 1841 1496 minus

637 1538 724 1601 enim
756 1543 840 1600 esset
864 1535 1014 1621 „aliquod
1039 1536 1255 1603 monstrum'’.
1287 1536 1338 1601 Sia
1361 1535 1438 1600 alibi
1464 1536 1562 1620 „quid
1587 1536 1739 1602 hominis
1764 1559 1843 1603 uxo

636 1662 704 1705 rem
728 1639 868 1706 habesl’'
893 1642 986 1720 (Hes.
1011 1641 1054 1706 lv
1079 1645 1110 1706 4.
1126 1642 1193 1722 21).

683 1744 781 1813 Godd.
806 1749 837 1811 h.
862 1747 884 1812 l.
910 1769 1018 1813 omnes
1044 1748 1226 1825 „hominis”
1251 1770 1307 1834 pro
1333 1746 1530 1824 ,mulieris'’,
1557 1768 1613 1832 per
1635 1747 1775 1815 librarii
1799 1772 1843 1816 er·

638 1874 758 1929 rorem,
791 1857 910 1939 opinor.
943 1854 1027 1920 Nam
1056 1855 1144 1919 idem
1174 1854 1229 1920 ille
1260 1855 1298 1920 ad
1330 1854 1476 1941 Hecyrae
1506 1854 1615 1920 locum
1639 1855 1706 1921 hoe
1733 1857 1842 1922 dedit:

640 1960 744 2040 „Quid
769 1960 936 2026 mulieris¹’
962 1961 1061 2038 dixit,
1085 1983 1124 2026 ne
1148 1961 1281 2038 diceret,
1304 1961 1453 2046 „qualem
1476 1960 1675 2026 mulierem”
1702 1972 1766 2029 aut
1791 1964 1844 2030 ali·

638 2067 715 2153 quid
748 2069 891 2153 gravius.
929 2067 1051 2132 Ibidem
1087 2068 1250 2133 Donatus:
1293 2067 1412 2133 'lotum
1446 2070 1694 2152 percunctative
1734 2075 1843 2156 potius

639 2195 737 2260 quam
767 2176 989 2258 pronuntiaret
1019 2182 1051 2240 et
1082 2174 1218 2240 diceret:
1257 2176 1456 2251 „Pessimum
1485 2173 1660 2239 mulierem
1697 2186 1734 2242 et
1759 2177 1844 2244 male

640 2288 798 2345 moratam
829 2301 960 2344 uxorem
992 2280 1122 2358 babes”,
1154 2287 1186 2346 et
1217 2282 1420 2366 reprehensio
1451 2288 1597 2345 osteum
1622 2290 1843 2370 contemptu,

642 2390 687 2452 sio
710 2394 743 2452 et
767 2386 866 2472 „quid
891 2384 1072 2451 hominisl''

685 2539 738 2603 44.
775 2537 883 2603 Adeon
907 2559 1000 2623 porro
1023 2541 1190 2624 ingratum
1214 2545 1270 2602 ant
1293 2538 1506 2602 inhumanum
1530 2546 1587 2602 aut
1611 2538 1749 2619 ferum,

775 2644 819 2710 Ut
842 2665 944 2730 neque
967 2665 1019 2709 me
1042 2644 1236 2710 consuetudo
1258 2665 1361 2730 neque
1384 2665 1475 2710 amor
1497 2664 1599 2730 neque
1624 2647 1741 2731 pudor

776 2749 988 2818 Commoveat

686 2856 783 2922 Don.:
825 2857 1062 2934 „consuetudo”
1106 2857 1256 2922 adversus
1291 2857 1469 2934 feritatem,
1507 2856 1640 2932 „amor”
1689 2862 1849 2929 adversus

638 2965 928 3044 inhumanitatem,
963 2963 1105 3050 „pudor”
1143 2963 1294 3029 adversus
1324 2966 1491 3051 ingratum
1522 2965 1689 3031 animum.
1794 2970 1849 3037 Illo

639 3069 872 3156 philosophice:
904 3093 967 3136 non
999 3071 1142 3137 ordinem
1166 3071 1321 3149 reddidit,
1348 3070 1495 3148 „ferum”
1520 3073 1606 3135 enim
1630 3074 1790 3144 reddidit
1813 3079 1849 3144 ad

638 3178 902 3244 consuetudinem
926 3177 1027 3256 (codd.
1053 3184 1257 3256 mansuet.),
1280 3198 1342 3263 qua
1362 3180 1460 3243 etiam
1483 3178 1566 3242 ferae
1586 3198 1847 3260 mansuescunt3

640 3306 763 3370 „neque
787 3285 897 3350 amor'’
924 3285 962 3350 ad
985 3283 1067 3348 illud
1093 3284 1367 3362 „inhumanum'’:
1393 3305 1482 3349 amor
1504 3306 1645 3370 namque
1668 3291 1850 3358 vehemen-

636 3395 700 3456 tior
735 3399 783 3456 est
816 3394 850 3455 in
886 3391 1047 3467 homines,
1084 3389 1264 3475 Vergilius:
1299 3391 1398 3475 „quid
1427 3393 1570 3465 iuvenis,
1597 3412 1775 3479 magnum
1800 3401 1850 3463 cui

638 3504 746 3564 versat
777 3500 810 3561 in
842 3497 965 3562 ossibus
987 3499 1098 3581 ignem
1122 3496 1222 3561 durus
1246 3494 1375 3561 amor?”
1399 3494 1529 3583 (Georg.
1555 3495 1603 3562 III
1629 3497 1742 3580 258„
1770 3526 1850 3591 „pu-

639 3602 770 3669 dorem”
796 3603 836 3667 ad
862 3603 1069 3689 „ingratum”
1094 3602 1231 3668 rettulit.

685 3755 738 3820 46.
764 3754 808 3818 Ut
831 3776 956 3819 memor
980 3776 1062 3819 esses
1087 3758 1137 3819 sui

684 3862 730 3925 De
759 3861 945 3945 imperfecto
977 3862 1102 3937 „esses”
1129 3860 1272 3925 Donatus
1296 3862 1390 3925 soite:
1415 3860 1571 3925 invidiose
1595 3868 1698 3946 quasi
1724 3868 1849 3935 oblito:

639 3968 717 4033 adeo
748 3973 970 4032 commovetur
1002 3968 1060 4030 hoo
1093 3966 1178 4030 dioto
1208 3964 1409 4051 Pamphilus.
1502 3964 1609 4030 Alter:
1643 3968 1736 4038 bene
1762 3996 1851 4060 prae

637 4076 732 4138 terito
766 4073 871 4149 effert,
907 4076 1061 4157 quoniam
1096 4093 1177 4157 quae
1214 4076 1386 4157 praeterita
1422 4080 1514 4149 sunt,
1549 4074 1582 4136 in
1615 4079 1849 4147 recordatione

637 4182 743 4265 magis
766 4178 977 4243 lacrimabilis
1000 4185 1032 4242 et
1057 4179 1253 4243 miserabilia
1276 4185 1368 4254 sunt,
1393 4188 1431 4241 ut
1454 4176 1633 4264 Vergilius:
1670 4189 1751 4258 „oui
1779 4209 1849 4272 par·

638 4305 698 4348 vus
724 4283 831 4360 Iulus,
855 4287 908 4348 oui
933 4290 1022 4368 pater
1045 4292 1076 4348 et
1099 4287 1236 4350 coniunx
1261 4283 1419 4368 quondam
1444 4291 1500 4348 tua
1519 4283 1605 4347 diota
1626 4285 1848 4375 relinquor?”

638 4388 682 4468 (II
707 4388 803 4468 677„
828 4389 913 4454 idem
938 4389 1032 4453 alibi:
1059 4411 1136 4474 ,per
1159 4397 1255 4475 eaput
1278 4390 1336 4454 hoo
1359 4392 1448 4466 iuro,
1470 4410 1526 4477 per
1544 4388 1630 4475 quod
1652 4401 1754 4477 pater
1773 4407 1850 4466 ante

636 4493 779 4559 solebat'’
806 4494 866 4573 (IX
892 4495 982 4574 300).

671 4724 698 4784 l)
715 4721 754 4770 Sie
773 4724 832 4770 Don.
850 4722 933 4786 legisse
951 4723 1055 4774 videtur.

671 4804 698 4865 a)
716 4804 751 4853 (ti.
770 4819 843 4869 supro
860 4804 871 4852 1
890 4806 962 4854 223.
