4525 5950
1042 717 1186 766 3333333.
1632 701 1699 767 323

502 888 602 969 31333
626 884 702 948 huic
720 881 790 948 loco
809 889 923 968 aptum
943 902 1028 958 esse,
1048 880 1131 946 illud
1146 885 1276 964 propior
1295 881 1362 961 (vel
1374 883 1515 964 pronior)
1535 888 1702 968 tamquam

502 1009 742 1074 supervacuum
767 986 871 1052 delere
894 993 1027 1052 conatus
1050 993 1107 1052 est.

546 1095 591 1169 II,
619 1093 672 1159 69.
704 1093 869 1159 Venenum
901 1091 1091 1158 Germanico
1123 1113 1142 1157 3
1172 1094 1287 1159 Pisone
1318 1093 1430 1158 datum
1454 1094 1602 1172 Tacitus,
1624 1094 1701 1161 11331

501 1205 572 1286 ipse
596 1223 660 1266 non
682 1200 789 1265 credat
812 1205 857 1278 (v.
883 1198 940 1275 III,
967 1198 1032 1279 14),
1057 1205 1095 1262 31
1117 1198 1262 1284 legentes
1287 1201 1415 1265 credant
1439 1199 1493 1265 dat
1516 1221 1644 1285 operam
1669 1207 1701 1266 et

502 1306 568 1373 alia
591 1307 749 1371 narrando
772 1309 805 1369 31
827 1306 922 1370 haec:
1097 1288 1101 1295 ⁵

549 1412 659 1490 „Tum
690 1411 867 1476 Seleuciam
899 1410 1079 1496 digreditur
1110 1412 1223 1492 (Piso),
1254 1414 1420 1497 opperiens
1443 1415 1698 1499 aegritudinem,

502 1539 585 1604 3333
617 1539 729 1582 rursus
760 1516 951 1583 Germanico
981 1517 1147 1582 acciderat.
1180 1517 1317 1582 Saeuam
1340 1521 1409 1583 vim
1433 1519 1536 1583 morbi
1559 1521 1699 1605 augebat

502 1627 668 1711 persuasio
692 1625 805 1688 veneni
828 1643 847 1687 3
870 1623 984 1687 Pisone
1009 1622 1108 1686 dati.'’

546 1729 583 1795 Si
608 1732 680 1815 quis
702 1749 863 1793 venenum
887 1729 948 1792 sibi
972 1729 1084 1792 datum
1108 1749 1176 1794 esse
1199 1729 1318 1807 credit,
1342 1729 1482 1796 aliamve
1505 1731 1545 1796 ob
1569 1752 1697 1797 oausam

502 1856 694 1922 persuasum
720 1836 782 1898 sibi
809 1834 904 1898 habet
929 1833 1100 1898 insanabili
1126 1855 1159 1898 se
1187 1833 1331 1900 laborare
1352 1836 1480 1914 morbo,
1502 1839 1611 1902 inanes
1631 1859 1699 1903 esse
1758 1859 1763 1868 ·

502 1941 606 2008 solent
636 1940 835 2005 medicorum
865 1938 1005 2005 labores:
1038 1938 1195 2024 quidquid
1225 1947 1351 2005 tentant
1381 1948 1413 2006 31
1442 1954 1606 2019 33333133,
1631 1946 1700 2027 ipse

502 2068 600 2133 aeger
634 2048 721 2110 tristi
755 2044 812 2109 illa
842 2047 991 2129 opinione
1023 2065 1135 2108 eorum
1169 2048 1232 2109 arti
1264 2052 1296 2110 et
1326 2067 1420 2111 curae
1451 2054 1628 2132 repugnat;
1653 2050 1699 2111 313

502 2152 596 2218 facile
627 2152 776 2228 morbus,
807 2153 955 2234 quamvis
983 2148 1083 2224 levis,
1109 2150 1274 2214 funestum
1298 2151 1414 2215 habere
1437 2154 1561 2216 exitum
1583 2156 1698 2237 potest.

502 2258 565 2325 Sed
589 2259 650 2323 hoc
671 2260 735 2343 ipsi
757 2264 890 2321 naturae
914 2259 1110 2321 contrarium
1134 2257 1292 2320 eiusmodi
1315 2258 1519 2342 opinionibus
1540 2258 1598 2322 vim
1621 2260 1697 2336 (1.3.

502 2365 657 2447 impetam)
680 2363 786 2428 morbi
809 2363 931 2448 augeri.
957 2360 1161 2428 Contrarium
1181 2362 1234 2426 hic
1253 2367 1286 2425 et
1305 2382 1365 2447 ego
1386 2368 1518 2447 expecto
1539 2369 1571 2428 et
1589 2384 1699 2448 quem-

502 2491 565 2556 que
589 2477 772 2553 exspectare
795 2471 917 2553 opinor,
942 2469 998 2552 qui
1021 2476 1166 2532 accurate
1191 2471 1298 2530 totum
1321 2466 1428 2531 locum
1452 2467 1559 2553 legat:

549 2575 673 2652 „Saeva
693 2578 742 2640 vis
760 2574 866 2639 morbi
885 2574 1025 2658 augebat
1043 2574 1280 2657 persuasionem
1302 2575 1414 2638 veneni
1435 2594 1454 2637 a
1469 2573 1584 2639 Pisone
1597 2573 1697 2639 dati.''

547 2681 636 2758 Hoc,
668 2703 727 2746 333
761 2681 793 2744 11
826 2678 910 2764 3331
942 2678 1097 2743 traditum
1129 2684 1193 2755 est,
1218 2699 1236 2742 a
1259 2677 1369 2743 Tacito
1393 2681 1551 2764 seriptum
1575 2700 1642 2746 esse
1665 2687 1699 2745 31

502 2789 575 2854 1133
599 2787 712 2863 oredo,
736 2789 811 2871 quia
835 2788 945 2850 statim
971 2787 1152 2849 annectitur
1174 2782 1238 2848 alia
1261 2805 1327 2861 res,
1352 2805 1433 2869 3333
1455 2785 1592 2849 333133
1611 2784 1699 2851 3133-

502 2902 575 2960 133
596 2893 761 2969 habuerit,
781 2912 897 2977 nempe
918 2895 955 2955 ut
973 2889 1030 2955 illa
1042 2891 1202 2972 permaoio
1223 2895 1406 2977 augeretur.
1431 2889 1591 2957 (13311333
1608 2895 1696 2956 3313

502 3003 669 3086 sequitur:

546 3111 603 3184 ,et
633 3104 872 3187 reperiebantur
903 3101 971 3167 solo
1002 3123 1038 3167 ac
1061 3102 1238 3187 parietibus
1261 3108 1370 3167 erutae
1394 3104 1609 3168 humanorum
1633 3125 1698 3168 cor-

502 3232 617 3300 porum
642 3208 811 3293 reliquiae,
836 3210 1040 3293 carminaque
1064 3213 1097 3273 31
1119 3208 1304 3273 devotiones
1324 3214 1357 3273 et
1375 3229 1491 3273 nomen
1512 3206 1697 3273 Germanici

502 3317 663 3405 plumbeis
697 3314 816 3379 tabulis
850 3313 1067 3400 insculptum,
1105 3317 1240 3378 semusti
1276 3316 1396 3378 3133333
1431 3320 1464 3379 31
1498 3316 1572 3380 1313
1603 3314 1696 3380 obliti

502 3423 629 3507 aliaque
661 3419 832 3497 maleficia,
864 3423 937 3504 3313
967 3419 1108 3483 creditur
1138 3421 1261 3483 animas
1283 3420 1470 3484 numinibus
1492 3421 1626 3485 infernis
1649 3441 1696 3484 sa·

502 3531 594 3595 arari.
619 3525 725 3591 Simul
747 3528 836 3590 missi
860 3546 879 3589 a
901 3526 1017 3589 Pisone
1041 3525 1279 3602 incusabantur,
1299 3532 1338 3589 ut
1357 3524 1545 3590 valitudinis
1565 3526 1697 3591 adversa

502 3631 689 3699 rimantes.’'

543 3738 604 3814 Ill,
630 3734 682 3801 67.
707 3735 835 3801 Silanus
855 3736 1106 3821 repetundarum
1125 3757 1164 3800 ex
1185 3738 1260 3800 Asia
1279 3743 1463 3812 accusatur;
1484 3740 1561 3822 quin
1582 3759 1695 3803 verum

502 3843 583 3910 1131
608 3842 706 3906 fuerit
729 3843 848 3906 crimen
873 3840 1002 3906 Tacitus
1026 3863 1088 3906 non
1112 3841 1255 3905 dubitat:
1280 3842 1369 3905 addit
1391 3843 1547 3905 soevitiam
1571 3864 1696 3927 333333

502 3954 569 4016 rius
601 3951 635 4011 13
665 3967 702 4011 33
734 3946 854 4012 1311313
886 3950 1039 4032 patuisse.
1063 3946 1106 4011 Et
1129 3954 1238 4011 tamen
1261 3947 1315 4011 dat
1339 3968 1468 4032 operam
1494 3954 1530 4012 ut
1553 3948 1697 4034 legentes

502 4058 545 4120 rei
579 4056 730 4117 misereat
752 4073 928 4137 eorumque
951 4055 985 4115 in
1010 4051 1175 4117 Tiberium
1199 4055 1248 4116 133
1270 4060 1450 4129 moveatur,
1474 4058 1506 4118 31
1528 4053 1592 4117 alia
1614 4076 1696 4120 333-

502 4180 684 4226 memorans
707 4165 740 4223 31
763 4158 858 4223 haee:

543 4287 629 4344 ,non
665 4267 865 4348 temperante
900 4261 1047 4339 Tiberio,
1082 4264 1160 4346 quin
1197 4268 1355 4347 premeret
1386 4284 1462 4327 voce
1493 4262 1607 4346 vultu,
1639 4285 1692 4341 eo,

502 4370 584 4459 [nod
615 4373 683 4454 ipse
713 4370 903 4434 ereberrime
932 4368 1169 4453 interrogabat,
1194 4388 1296 4452 neque
1320 4367 1463 4433 refellere
1487 4376 1544 4434 aut
1566 4369 1693 4436 eludere

502 4479 645 4551 labatur,
676 4496 712 4539 33
741 4495 833 4559 saepe
864 4476 962 4539 etiam
994 4473 1210 4538 confitendum
1242 4480 1326 4550 erat,
1358 4494 1398 4537 ne
1429 4474 1548 4539 frustra
1571 4479 1692 4560 quaesi-

502 4580 632 4649 risset.''

537 4689 668 4767 Quanta
691 4687 788 4750 fuerit
811 4685 914 4750 Taciti
938 4688 971 4749 in
997 4684 1164 4749 Tiberium
1183 4686 1338 4769 iniquitas
1359 4683 1408 4748 vel
1430 4706 1514 4749 unus
1533 4686 1585 4750 hic
1605 4685 1694 4751 locus

502 4799 574 4863 atis
598 4812 756 4877 superque
780 4791 927 4857 declarat.
953 4790 1037 4855 Nam
1061 4791 1160 4855 fuerit
1183 4789 1333 4854 Tiberius
1356 4791 1408 4854 hic
1433 4790 1529 4875 paulo
1552 4795 1693 4857 severior
