4525 5950
639 706 705 776 276
1114 719 1365 772 sarsrorsruns.

687 889 741 955 Vs.
767 889 843 954 841.
869 888 969 964 κύματ
994 890 1204 952 καθεῖσαν.

641 996 790 1061 Fortasse
811 995 897 1060 haud
916 993 1031 1058 inutile
1050 1001 1099 1058 est
1117 993 1284 1059 observare
1303 1000 1483 1058 constanter
1501 995 1655 1077 antiquos
1676 1000 1712 1058 et
1730 993 1842 1079 probos

642 1104 811 1186 scriptores
835 1103 867 1164 in
892 1101 951 1164 bac
974 1099 1198 1183 similibusque
1222 1098 1369 1163 formulis
1390 1101 1439 1162 uti
1459 1099 1555 1164 verbo
1577 1102 1703 1176 activo,
1724 1101 1842 1184 sequio

640 1227 689 1270 res
713 1228 788 1272 vero
811 1209 903 1270 iuxta
925 1204 984 1269 buc
1007 1203 1197 1290 plerumque
1221 1204 1324 1268 forma
1348 1204 1453 1269 media
1476 1205 1648 1268 καθίεσθαι.

687 1393 739 1457 Vs.
765 1392 955 1459 874-883.
986 1393 1116 1456 Mireris
1148 1391 1319 1456 mulierem
1349 1392 1447 1477 probe
1478 1394 1611 1455 atticam
1646 1391 1842 1456 confundere

639 1503 770 1566 nomina
803 1500 1020 1564 diversissima
1056 1500 1195 1571 Πρωτεύς
1231 1505 1263 1563 et
1296 1498 1448 1572 Πρωτέας.
1485 1497 1571 1561 Num
1605 1499 1722 1582 igitur
1753 1506 1843 1583 poeta

639 1609 759 1671 surdam
785 1626 855 1670 eam
879 1605 999 1690 fingere
1022 1604 1197 1669 censendus
1220 1602 1289 1668 est?
1312 1603 1494 1668 Videndum
1517 1624 1556 1667 an
1582 1625 1633 1668 vs.
1662 1602 1734 1668 974
1761 1606 1842 1667 σοι’σν

640 1711 804 1789 Πρωτέα
838 1710 890 1775 vel
922 1711 1102 1786 Πρωτέου
1126 1710 1351 1795 corrigendum
1377 1712 1419 1774 sit
1443 1730 1499 1793 pro
1524 1711 1736 1785 Πρωτέως.
1762 1710 1842 1774 Nam

640 1818 770 1883 sibimet
792 1819 861 1900 ipsa
884 1823 968 1881 certe
992 1822 1133 1880 constare
1157 1815 1299 1880 debebat.
1323 1815 1392 1880 lam
1416 1813 1494 1879 olim
1519 1814 1578 1878 beo
1599 1813 1642 1879 de
1665 1836 1702 1880 re
1722 1818 1842 1891 monui,

640 1922 695 1987 sed
718 1921 800 1986 nihil
822 1920 953 1985 adnotat
976 1921 1014 1985 ad
1039 1920 1070 1984 h.
1095 1919 1117 1985 l.
1143 1920 1255 1986 editor.

685 2105 738 2172 Vs.
763 2106 840 2173 889.
864 2109 896 2170 τέ
920 2106 955 2180 δὴ
980 2107 1017 2171 σὺ
1042 2108 1210 2176 θύσσεις
1237 2108 1301 2172 κτέ.

641 2211 803 2288 „Verbum
834 2210 955 2276 θάσσειν
986 2215 1126 2298 poeticae
1158 2220 1207 2277 est
1237 2213 1418 2278 dictionis”.
1443 2211 1493 2279 Ita
1515 2221 1581 2293 est;
1604 2216 1694 2280 item
1721 2218 1840 2280 θακεῖνι

639 2339 701 2404 quo
725 2321 831 2404 magis
852 2321 978 2382 mireris
999 2321 1239 2383 substantivum
1260 2321 1378 2390 θῖικος
1399 2345 1439 2369 =
1460 2323 1552 2397 θρόνος
1574 2342 1634 2384 neo
1657 2322 1839 2406 pedestrem

639 2444 818 2489 sermonem
848 2423 1085 2508 (Xenophontis
1115 2431 1147 2489 et
1178 2424 1335 2503 Platonis)
1365 2428 1525 2510 aspernari
1550 2446 1607 2490 nec
1634 2429 1838 2493 comoediam

639 2529 732 2608 (Ran.
755 2527 851 2593 1511.
875 2527 971 2592 1518.
1004 2528 1088 2593 Nnb.
1114 2528 1191 2605 980,
1222 2531 1256 2592 in
1284 2529 1838 2610 heroicoversucratin.1118,4

639 2633 765 2711 Mein).
792 2673 834 2682 -
860 2632 995 2711 θοάζετε
1020 2655 1038 2699 a
1061 2634 1216 2720 Sophocle
1237 2634 1273 2699 0.
1297 2636 1334 2700 R.
1361 2634 1381 2699 2
1406 2636 1469 2701 dici
1492 2640 1637 2721 potuisse
1663 2659 1725 2723 pro
1751 2641 1840 2703 θανέε-

639 2764 725 2819 σετε,
756 2743 779 2804 i.
805 2762 832 2806 e.
864 2741 1014 2817 θύσσετε,
1038 2761 1165 2824 semper
1188 2739 1323 2804 dubium
1347 2741 1520 2806 admodum
1544 2742 1628 2805 mibi
1658 2746 1777 2809 visum
1798 2752 1839 2810 est

639 2852 672 2910 et
696 2848 803 2931 potius
829 2865 903 2909 cum
931 2845 1117 2910 Hermanno
1146 2845 1262 2910 Snidae
1288 2849 1584 2931 interpretationem
1611 2849 1688 2918 θοῶς
1711 2854 1839 2928 προσαθ-

639 2955 725 3026 θκσθε
750 2951 1004 3037 amplectendam
1028 2972 1094 3017 esse
1118 2972 1240 3018 censeo.

687 3139 737 3205 Vs.
765 3139 862 3205 1004.
888 3142 966 3215 οἶμοι
991 3140 1195 3218 κακοδαίμων,
1221 3145 1344 3215 μᾶλλον
1369 3142 1598 3220 ἐπικρούεις
1627 3145 1670 3209 σύ
1696 3170 1752 3222 γε.

640 3245 706 3313 Our
729 3246 907 3312 vLeenwen
932 3245 1025 3310 malit
1050 3246 1302 3322 εἰτέκροινσιις
1326 3267 1456 3330 prorsus
1479 3269 1531 3313 me
1555 3247 1653 3314 latet.

684 3432 737 3498 Va.
763 3433 860 3499 1181.
886 3432 960 3513 Φέρε
985 3434 1139 3508 θοίμάτιον
1162 3431 1318 3510 ἄνωθεν,
1343 3431 1364 3497 ύ
1389 3435 1500 3513 τέκνον,
1525 3435 1607 3513 rodi,

888 3539 1067 3618 καθιζομένη
1093 3540 1118 3601 δ’
1144 3540 1194 3602 ἐστὶ
1218 3547 1296 3604 τοῖσι
1320 3540 1430 3616 γόνασι
1455 3547 1507 3605 τοῦ
1534 3543 1656 3606 Σκύθου

888 3645 929 3707 τὼ
954 3645 1026 3708 τάδε
1051 3643 1215 3723 πρότεινον,
1241 3642 1278 3708 ἵν’
1304 3647 1457 3711 ὑπολύσω.

639 3752 787 3815 Primum
806 3771 951 3826 versum,
971 3752 1003 3812 in
1025 3770 1087 3834 qno
1108 3749 1190 3814 nihil
1210 3757 1397 3836 corruptum
1418 3751 1546 3815 videtur
1565 3761 1698 3836 praeter
1721 3757 1838 3832 ἄνωθεν,

637 3859 851 3920 immutatum
885 3854 1063 3938 relinquere
1095 3876 1147 3920 me
1177 3854 1283 3920 indice
1315 3855 1420 3920 multo
1451 3863 1591 3940 praestat
1625 3881 1732 3943 qnam
1770 3884 1838 3928 oum

639 3962 761 4026 editore
791 3964 825 4023 in
856 3965 983 4024 textum
1015 3962 1152 4044 recipere
1176 3964 1404 4045 gravissimam
1427 3960 1591 4046 Blaydesii
1617 3971 1837 4033 mutationem

639 4067 714 4145 φέρε
747 4073 844 4141 (νον)
879 4067 1014 4128 κατθθσιι
1050 4066 1215 4142 θοίμάτιον,
1246 4087 1327 4151 qnae
1360 4067 1455 4131 verba
1483 4087 1546 4151 qno
1577 4077 1674 4153 pacto
1709 4076 1758 4138 sic
1781 4096 1837 4138 eor

639 4174 747 4256 rumpi
778 4173 957 4255 potuerint,
983 4192 1076 4236 nemo
1100 4171 1193 4236 facile
1216 4171 1375 4256 expediat.
1400 4172 1461 4235 Vir
1486 4180 1594 4236 autem
1620 4174 1742 4242 dubito
1766 4182 1837 4263 quin

639 4277 699 4341 sub
726 4275 896 4360 depravato
923 4274 1076 4340 vocabulo
1101 4275 1267 4340 delitescet
1289 4279 1503 4361 imperativus
1528 4276 1660 4362 aliquis.
1685 4279 1836 4348 Fueritne

886 4379 960 4459 φέρε
985 4380 1138 4453 θοίμάτιον
1163 4379 1256 4450 ἄνες
1281 4381 1370 4456 μέν,
1395 4377 1415 4443 ὦ
1440 4383 1552 4457 τέκνον,
1576 4383 1662 4460 τοδέ,

639 4483 724 4569 quod
756 4484 993 4550 dubitabundus
1023 4506 1165 4569 propono
1198 4484 1322 4550 dictum
1354 4505 1390 4549 eo
1420 4506 1531 4561 sensu,
1565 4506 1630 4569 qno
1663 4490 1834 4556 vernaculo

639 4611 785 4655 sermone
813 4591 930 4655 dixeris
963 4590 1050 4667 ‚dact
1077 4590 1217 4667 σσύθσθσνι,
1242 4591 1308 4653 loct
1330 4590 1441 4667 vollen,
1466 4591 1553 4653 moolr
1576 4592 1657 4670 lor”‚
1683 4616 1728 4660 an
1751 4595 1833 4662 aliud

638 4694 752 4771 lateat,
784 4694 923 4759 eliorum
958 4703 1024 4759 esto
1058 4694 1227 4760 indicium.
1266 4695 1335 4760 Hoc
1368 4716 1468 4758 unum
1500 4695 1609 4770 video.
1646 4699 1834 4766 facillimam

638 4800 719 4864 hanc
742 4819 810 4864 esse
834 4819 934 4884 neque
955 4802 1098 4884 ineptam
1121 4804 1346 4866 mutationem.
