4525 5950
915 668 1156 717 uruosrurrra.
1589 652 1632 718 29

439 836 501 909 θον,
522 837 644 918 Ικροιυγίη
669 833 720 899 καὶ
744 835 803 912 Boin
826 841 881 908 τῆς
905 837 1017 914 μητρθς
1041 836 1092 900 καί
1117 843 1174 900 τῶν
1198 835 1412 916 θεραπαινίδων
1437 833 1482 913 ἦν,
1506 836 1557 901 καί
1579 837 1633 911 μί-

438 967 494 1019 γις
528 945 598 1007 ποτ’
629 944 672 1014 είς
703 942 871 1019 βαλανεῖον
903 943 1077 1020 ἐνεγκόντες
1109 967 1150 1019 με
1183 945 1233 1007 καί
1253 943 1491 1021 περιπλύναντες
1515 941 1631 1020 ἔδειξαν

435 1059 503 1121 τοῖς
529 1051 640 1128 ἰατροῖς
663 1051 898 1116 -remoreris
920 1053 954 1114 in
978 1056 1164 1134 sequentem
1187 1051 1425 1137 paragraphum
1449 1055 1521 1134 post
1539 1071 1629 1115 roca·

435 1156 556 1222 bulum
588 1158 835 1236 παραγενέσθαι,
866 1156 960 1243 paulo
983 1155 1114 1241 quidem
1138 1159 1244 1243 aptius
1268 1159 1407 1221 narratio
1430 1155 1575 1222 decurret
1599 1162 1631 1222 et

436 1271 549 1329 tamen
573 1262 695 1350 aliquid
718 1262 913 1329 difficultatis
937 1264 1124 1329 remanebit.

486 1470 505 1553 ς
526 1467 566 1531 11
591 1490 622 1554 p.
649 1465 1053 1533 1260.Iaeetinleetu10
1077 1466 1160 1532 male
1182 1467 1343 1534 mulcatus
1368 1469 1482 1547 hom0;
1509 1468 1629 1546 πυρετοὶ

435 1574 471 1638 δὲ
505 1575 743 1654 παρηκολούθουν
775 1599 826 1651 μοι
857 1584 998 1655 συνεχεῖς
1030 1575 1081 1638 καί
1106 1575 1305 1653 ύλγύματα,
1329 1571 1398 1639 ὅλου
1422 1577 1477 1649 μὲν
1501 1580 1554 1640 τοῦ
1578 1577 1632 1639 σύ·

434 1704 541 1757 ματος
575 1683 657 1744 ποίνυ
688 1680 806 1760 σφοδροὶ
838 1681 890 1744 καί
922 1680 1022 1758 δεινοί,
1053 1681 1176 1757 μύλιςα
1208 1682 1237 1746 δὲ
1261 1687 1319 1745 τῶν
1345 1685 1478 1758 πλευρῶν
1502 1683 1552 1746 καί
1577 1687 1630 1747 τοῦ

437 1789 542 1865 ἤτρου.
574 1787 694 1854 Deinde
726 1787 804 1873 quid
835 1784 927 1852 tum?
960 1789 1011 1852 καί
1044 1790 1116 1852 τῶν
1148 1789 1287 1853 σιτίων
1310 1789 1630 1864 ἀπεκεκλείμην.

436 1893 589 1960 Medicus
619 1916 683 1960 non
715 1916 807 1972 sum,
832 1894 886 1959 sed
910 1897 988 1961 novi
1012 1901 1120 1960 tamen
1144 1917 1242 1980 quam
1265 1899 1309 1960 eit
1331 1895 1518 1961 incredibile
1541 1895 1634 1961 febri·

433 2004 595 2066 citantem
613 2002 786 2067 hominem
799 2004 930 2080 esurire,
951 2022 1053 2087 quum
1073 2001 1227 2067 alimenta
1246 2003 1307 2067 sibi
1325 2003 1633 2068 acircumstantibus

433 2107 639 2193 denegentur
647 2129 655 2186 ;
687 2113 720 2173 et
750 2129 849 2194 quam
879 2129 1026 2195 perverse
1051 2109 1110 2174 hoc
1134 2107 1257 2174 dictum
1280 2115 1330 2174 est
1352 2115 1410 2173 τῶν
1435 2111 1536 2174 σιτίον
1559 2111 1634 2174 οὶπο-

435 2217 612 2280 κλείεσθαι..
640 2214 763 2280 Ludere
795 2218 903 2280 iuvat:
936 2217 987 2279 καί
1013 2222 1159 2283 πνευςιῶν
1183 2217 1369 2290 κατεκείμην
1394 2222 1628 2296 (πνευΣΤΙΩΝ

435 2358 483 2372 --
498 2329 682 2400 ΣΙΤΙΩΝ).
714 2321 902 2387 Retractabo
932 2324 960 2386 si
983 2322 1061 2408 quid
1084 2321 1295 2388 verisimilius
1314 2317 1456 2408 'reperire
1479 2325 1630 2409 potueris·

435 2428 533 2509 Quod
561 2429 652 2494 brevi
675 2435 747 2514 post
768 2431 931 2513 sequitur:
956 2426 1100 2507 κάθαρσις
1126 2427 1259 2505 αίματος
1284 2431 1449 2505 αύτομοίτη
1474 2453 1524 2506 μοι
1548 2425 1631 2493 ποίου

436 2539 544 2608 πολλη
580 2535 693 2609 ουνίβη
731 2534 896 2613 περιωδύνῳ
931 2539 959 2597 τ’
991 2534 1052 2599 ύντι
1084 2535 1137 2599 καί
1169 2535 1428 2614 ύπορουμίνῳ
1463 2534 1534 2613 ἤδη,
1565 2556 1628 2601 non

434 2641 616 2730 praeferam
647 2662 721 2707 sane
752 2640 835 2726 quod
865 2639 1009 2706 Blassius
1040 2642 1148 2706 hiatus
1178 2641 1249 2707 odio
1279 2662 1336 2727 per
1358 2643 1573 2708 coniecturam
1595 2644 1630 2706 in

393 2812 396 2817 .
435 2756 568 2814 textum
590 2747 720 2813 intulit:
746 2749 1034 2827 ἀπορουμένων.

485 2936 567 3023 §25
599 2958 630 3023 p.
658 2935 762 3002 1264:
796 2938 821 3003 εί
853 2937 915 3016 γθρ
947 2939 972 3002 οί
997 2937 1144 3016 παρθντες
1170 2939 1238 3009 τοὺς
1263 2935 1487 3017 ἐξαμαρτάνειν
1503 2939 1633 3022 'tarxer-

434 3051 565 3122 ρούνπας
604 3046 690 3109 αὐτοὶ
727 3042 1040 3122 παροξυνοῦσιν,
1075 3044 1189 3118 οὐδεμί’
1225 3045 1309 3112 teir
1344 3047 1433 3115 ἐλπίς
1469 3048 1629 3124 σωτηρίας.

432 3152 543 3237 Lege:
568 3148 969 3231 προοποιροξυνοῦσιν
993 3158 1025 3216 et
1048 3149 1148 3219 ieter.
1615 3132 1626 3148 ’

484 3339 567 3426 §34
590 3363 621 3427 p.
650 3338 754 3407 1267:
782 3340 832 3404 τὸν
856 3342 1037 3419 Χαιρὲτιμον
1062 3342 1112 3405 τὸν
1138 3341 1351 3406 ἕπιπύλιον
1376 3342 1502 3406 τουτονί.
1534 3341 1625 3421 Quod

435 3447 673 3513 Herwerdenus
696 3448 808 3512 Mnem.
836 3445 921 3514 1875
946 3469 977 3533 p.
1002 3445 1067 3511 355
1093 3454 1185 3513 acute
1208 3450 1360 3513 coniecit:
1387 3449 1627 3525 ὑποπόλιον,

430 3554 467 3620 id
499 3575 561 3618 non
592 3553 739 3641 intelligo
769 3575 826 3618 cur
856 3552 999 3618 Blassius
1030 3575 1105 3619 cum
1135 3554 1285 3640 plurimis
1308 3554 1380 3620 aliis
1403 3576 1442 3620 ne
1466 3559 1627 3620 mentione

433 3659 567 3746 quidem
590 3660 727 3747 dignum
749 3659 952 3726 iudicaverit.

482 3848 566 3934 §39
596 3871 626 3935 p.
655 3848 759 3914 1269:
793 3849 929 3928 Βύκχιύν
961 3872 1048 3927 τινα,
1081 3842 1110 3920 te
1144 3856 1232 3928 παρ’
1264 3851 1355 3925 ύμῖν
1387 3851 1531 3916 οὶπίθανε.
1563 3849 1627 3915 Hic

434 3962 510 4021 utar
528 3956 650 4021 eadem
683 3958 875 4021 correctione
898 3977 961 4041 qua
983 3977 1079 4042 supra
1101 3956 1271 4021 subvenire
1294 3964 1425 4022 conatus
1448 3978 1521 4022 sum
1545 3956 1624 4021 Mid.

434 4061 538 4148 §161
572 4083 604 4147 p.
630 4061 695 4127 566
728 4068 761 4127 et
791 4061 930 4128 scribam
961 4059 991 4131 ὃς
1023 4064 1188 4140 πίροσιν
1213 4062 1358 4128 ἀπέθανε.
1383 4062 1480 4128 Recte
1503 4062 1627 4149 legitur

434 4168 575 4233 Halonn.
607 4168 693 4253 §20
724 4189 757 4253 p.
787 4167 849 4233 81:
891 4168 1089 4244 ηύδοκίμησεν
1125 4170 1139 4233 ί
1174 4172 1277 4233 Πύθων
1315 4171 1386 4248 παρ’
1423 4171 1492 4243 ύμῖν
1525 4171 1554 4233 ἐν
1586 4179 1624 4250 τῇ

436 4274 627 4354 anunente,
653 4272 707 4339 sed
731 4295 827 4339 sensu
852 4274 987 4339 diverso.

481 4466 499 4549 ξ
520 4462 563 4528 39
587 4485 618 4549 p.
645 4462 749 4528 1269:
785 4465 853 4532 τοὺς
878 4463 978 4541 ὄρχεις
1003 4463 1070 4534 τοὺς
1098 4465 1130 4526 ἐκ
1155 4468 1211 4525 τῶν
1236 4466 1343 4542 χοίρων
1366 4457 1409 4534 οίς
1434 4465 1623 4540 καθαίρουσιν

436 4566 534 4632 ὅταν
565 4571 712 4634 εἰσιέναι
745 4572 909 4645 μίλλοσιν.
943 4569 1038 4634 Hunc
1068 4568 1176 4634 locum
1207 4573 1263 4654 qui
1294 4572 1327 4632 in
1360 4567 1529 4636 Codicibus
1560 4593 1625 4636 cor·

435 4684 551 4762 ruptus
581 4683 648 4751 est,
680 4697 754 4742 cum
786 4698 848 4742 non
872 4675 972 4755 ὄρχεις
996 4675 1150 4752 habeant,
1174 4676 1228 4741 sed
1250 4676 1357 4756 ίρνεις,
1381 4680 1510 4762 egregie
1534 4699 1625 4763 erpe-

435 4783 520 4848 dirit
547 4782 812 4848 Hemsterhusius
836 4782 967 4848 Lucian.
992 4781 1023 4846 II
1047 4804 1077 4867 p.
1103 4780 1169 4847 398
1192 4781 1250 4847 Ed.
1276 4782 1345 4867 Bip.
1369 4782 1526 4868 Prytanes
1551 4791 1625 4849 sunt
