4525 5950
973 715 1114 764 recusa.
1567 701 1632 769 375

491 881 680 946 Tacitumne
716 879 881 946 credamus
915 883 1037 946 nomini
1071 881 1207 945 Corinthi
1241 881 1442 968 adscripsisse
1475 885 1634 961 „Achaiae

442 988 564 1064 urbe,”
597 1008 636 1052 an
668 1007 743 1052 cum
774 985 884 1052 Iacobo
914 988 976 1051 ista
1007 985 1178 1052 reddamus
1208 985 1326 1053 sciolo?
1349 987 1397 1054 Ne
1420 988 1562 1066 dubites,
1586 992 1634 1053 in·

442 1096 532 1178 spice
566 1113 645 1179 quaa
679 1093 719 1158 ad
753 1094 791 1158 A.
824 1091 861 1169 V,
889 1092 930 1157 10
961 1095 1197 1159 annotavimus.
1235 1093 1305 1159 Non
1338 1097 1444 1159 minus
1473 1094 1634 1160 insulsum

442 1207 562 1284 (neque
590 1201 695 1285 magis
728 1198 822 1275 utile)
852 1201 1173 1283 interpretamentum
1204 1202 1238 1263 in
1261 1200 1345 1266 hisce
1369 1201 1634 1287 deprehendimus

443 1306 502 1385 (Η.
534 1305 575 1383 ΙΙ,
599 1305 661 1371 20:
693 1305 731 1369 de
763 1301 896 1370 ancina
926 1307 1035 1391 agitur
1065 1326 1141 1371 cum
1172 1309 1314 1372 exercitu
1345 1329 1401 1393 per
1431 1307 1560 1374 Italiam
1589 1312 1635 1374 in·

443 1412 609 1495 cedente):
638 1418 809 1490 „ornatum
839 1413 941 1496 ipsius
971 1414 1147 1498 municipia
1174 1421 1207 1477 et
1231 1410 1372 1479 coloniae
1394 1415 1426 1478 in
1451 1416 1633 1501 superbiam

444 1519 631 1595 trahebant,
663 1517 747 1603 quod
771 1516 956 1584 versicolori
979 1517 1111 1604 augule,
1137 1518 1246 1584 bracas
1267 1520 1453 1602 [barbarum
1478 1524 1634 1608 tegimen]

443 1624 580 1690 indutus
602 1630 729 1710 togatos
753 1621 1001 1707 alloqueretur.’'

492 1732 682 1816 Unquamne
705 1732 876 1815 quisquam
898 1729 1030 1794 inclusis
1053 1731 1160 1796 verbis
1183 1732 1454 1816 patrocinabitur?
1483 1723 1634 1814 βροτοῖσιν

445 1838 529 1902 otiis
554 1839 619 1901 ἔστ’
643 1839 815 1910 ἀπώμοτον.

491 1943 533 2008 Η.
558 1942 677 2018 llas.
710 1942 853 2008 Marcius
876 1941 996 2019 Macer,
1026 1941 1090 2007 dux
1115 1941 1331 2023 Othonianus,
1356 1966 1424 2011 rem
1448 1948 1526 2012 bene
1549 1949 1634 2034 gerit

443 2051 499 2117 sed
523 2052 659 2116 victoria
681 2070 739 2115 sua
761 2070 823 2114 non
847 2049 1009 2113 abutitur:

492 2156 705 2242 ,Suspectum
739 2155 773 2220 id
807 2153 996 2220 Othonianis
1031 2154 1111 2234 fuit,
1142 2159 1250 2222 omnia
1281 2156 1399 2223 ducum
1430 2160 1513 2224 facta
1537 2181 1633 2246 prava

442 2264 698 2329 aestimantibus.
723 2258 896 2338 Certatim,
917 2264 1106 2349 utquisque
1127 2266 1235 2329 animo
1254 2266 1407 2351 ignavus,
1428 2287 1543 2351 procax
1564 2287 1632 2345 ore,

443 2371 588 2437 Annium
620 2367 751 2436 Gallum
783 2375 815 2433 et
844 2366 1034 2434 Suetonium
1065 2369 1240 2435 Paulinum
1271 2378 1304 2436 et
1334 2371 1476 2437 Marium
1501 2370 1633 2439 Celsum

445 2479 544 2542 variis
567 2475 758 2541 criminibus
780 2474 1010 2540 incessebant.”

491 2583 541 2648 Ad
575 2584 704 2648 nomina
738 2580 796 2645 illa
830 2580 998 2666 adscripsit
1031 2579 1163 2666 aliquis:
1197 2602 1294 2659 ,nam
1325 2604 1378 2649 eos
1400 2605 1525 2670 quoque
1548 2585 1632 2651 Otho

446 2687 680 2777 praefecerat,’'
713 2696 879 2771 tamquam
910 2689 937 2751 si
967 2688 1117 2772 cuiquam
1141 2686 1322 2773 legentium
1345 2692 1450 2777 ignoti
1475 2712 1542 2756 esse
1565 2713 1633 2777 pos·

443 2803 515 2862 sent
539 2797 684 2881 primarii
706 2793 755 2859 illi
775 2793 989 2879 praeclarique
1010 2793 1105 2859 duces
1124 2791 1317 2873 Othoniani,
1341 2796 1380 2861 ad
1400 2817 1479 2882 quos
1503 2805 1632 2875 cuncta,

413 2923 527 2992 ,quae
558 2903 702 2988 proxime
732 2900 935 2987 praecedunt,
967 2907 1042 2965 sunt
1069 2900 1250 2980 referenda,
1275 2901 1313 2966 de
1337 2903 1516 2990 quibusque
1538 2904 1563 2983 l,
1588 2903 1630 2969 87

443 3011 574 3075 disertis
593 3010 697 3074 verbis
717 3016 880 3073 narratum
900 3014 964 3074 est:
987 3008 1156 3094 „peditum
1175 3012 1385 3096 equitumque
1404 3014 1502 3097 copiis
1524 3012 1634 3077 Sueto

443 3120 518 3182 nius
539 3114 708 3193 Paulinus,
729 3114 853 3179 Marius
870 3112 997 3192 Oelsus,
1018 3116 1142 3179 Annius
1163 3113 1276 3182 Gallus
1295 3123 1432 3183 rectores
1450 3118 1633 3184 destinati.”

443 3224 513 3289 Iam
537 3225 632 3299 satis,
659 3230 693 3287 ut
717 3223 838 3305 opinor,
863 3241 946 3285 nunc
969 3230 1100 3307 apparet
1123 3243 1220 3306 quam
1244 3226 1390 3308 ineptum
1414 3225 1501 3289 istud
1521 3248 1633 3310 quoquc

441 3333 496 3396 sit.
517 3329 560 3393 111
578 3335 684 3394 tamen
705 3327 860 3412 puerilem
879 3330 975 3392 istam
996 3331 1251 3406 annotationem,
1270 3333 1304 3394 in
1317 3336 1442 3397 tartum
1455 3339 1630 3418 receptam,

441 3458 500 3522 per
521 3435 652 3521 longam
676 3432 876 3499 saeculorum
899 3437 1013 3499 seriem
1037 3455 1138 3520 aequo
1162 3438 1270 3502 animo
1290 3436 1432 3502 tulerunt
1454 3440 1517 3503 viri
1537 3438 1631 3515 docti,

441 3542 542 3607 donec
563 3539 691 3605 tandem
710 3539 881 3625 aliquando
902 3539 1039 3618 Rittero,
1060 3543 1130 3606 viro
1152 3544 1351 3619 acutissimo,
1372 3543 1458 3607 fraus
1478 3544 1631 3610 suboluit.

491 3646 534 3711 Η.
567 3645 607 3724 ΙΙ,
631 3645 685 3712 28.
717 3648 891 3712 Praetextu
921 3651 1026 3712 utitur
1059 3646 1174 3713 Valens
1205 3649 1245 3713 ad
1267 3648 1464 3715 Batavorum
1488 3651 1632 3717 cohortes

440 3752 586 3819 turbidas
617 3752 816 3817 amovendas.
850 3750 938 3831 Quod
969 3752 1025 3817 ubi
1057 3756 1169 3818 ceteris
1192 3753 1351 3820 militibus
1375 3758 1543 3842 cognitum
1566 3766 1631 3834 est,

440 3862 577 3926 fremere
609 3880 717 3924 omnes
748 3858 851 3923 orbari
878 3878 911 3922 se
934 3857 1133 3924 validissimo
1158 3859 1289 3926 auxilio.
1314 3861 1400 3948 Ergo
1423 3883 1497 3927 cum
1521 3865 1632 3929 acerba

441 3967 644 4053 querimonia
666 3973 698 4030 et
721 3964 784 4029 6116
806 3964 972 4050 disputant
995 3971 1028 4029 et
1049 3965 1145 4029 haec:
1621 3987 1624 3993 ·

493 4071 548 4149 ,Si
568 4071 753 4158 provincia”
774 4077 862 4152 (nam
882 4070 922 4135 ad
941 4090 1011 4136 eam
1032 4069 1261 4136 defendendam
1275 4072 1414 4139 Batavos
1426 4078 1503 4140 istos
1515 4076 1632 4142 Valens

441 4180 621 4259 dimiserat)
654 4178 753 4256 „urbe
784 4186 816 4242 61
846 4176 949 4242 salute
980 4179 1109 4261 imperii
1141 4180 1246 4263 potior
1268 4181 1329 4257 sit,
1353 4201 1463 4245 omnes
1486 4181 1565 4246 illuc
1587 4204 1632 4247 se

440 4292 632 4371 querentur:
675 4287 724 4349 sin
760 4285 912 4349 victoriae
954 4282 1101 4347 columen
1141 4286 1174 4347 in
1208 4282 1304 4350 Italia
1338 4293 1527 4363 verteretur,
1571 4309 1632 4353 non

440 4389 676 4475 abrumpendos
699 4397 736 4454 ut
759 4391 883 4475 corpori
906 4387 1123 4454 validissimos
1146 4390 1267 4455 artus.”

489 4495 685 4562 Vocabulum
718 4494 815 4580 paulo
844 4496 953 4559 minus
984 4497 1140 4560 usitatum
1171 4496 1303 4559 columen
1330 4495 1446 4583 aliquis
1469 4503 1631 4585 utcunque

439 4605 647 4688 interpretari
676 4608 724 4667 est
754 4607 885 4667 conatus
916 4602 1121 4666 adscribendo
1154 4606 1310 4679 ,‚sanitas,
1343 4605 1630 4671 sustentaculum.”

441 4713 549 4793 Atque
572 4709 659 4774 istud
679 4711 1018 4794 interpretamentum,
1040 4714 1105 4772 tam
1125 4710 1347 4794 importunum
1367 4715 1497 4795 tamque
1516 4732 1631 4797 parum

443 4825 577 4902 aptum,
605 4818 672 4880 sine
703 4814 770 4880 ulla
800 4822 877 4880 nota
907 4817 941 4878 in
973 4820 1063 4879 textu
1094 4818 1252 4900 perstitit,
1277 4815 1374 4880 donec
1397 4837 1415 4880 6
1438 4816 1632 4904 Nipperdeio
