4525 5950
924 721 967 768 nn
991 722 1125 770 333333
1149 722 1346 769 33333333.
1663 704 1729 770 343

539 884 650 954 ἄλλοις
675 886 925 966 ἐπιτηδεύμασιν,
949 889 980 952 ἓν
1003 883 1046 960 οἷς
1067 888 1138 959 ἴσως
1158 888 1196 953 ἂν
1218 890 1419 968 ιιιιτεσχὲθην,
1440 889 1466 952 el
1484 889 1616 970 ᾐσθόμην
1639 889 1730 965 ἐμαυ-

539 993 593 1054 τὸν
623 989 727 1062 roste<
763 992 904 1071 33311333
923 993 962 1075 ¹);
995 997 1115 1059 etenim
1146 995 1222 1060 haec
1255 997 1325 1080 ipsa
1355 999 1432 1059 sunt
1454 994 1551 1060 verbe
1574 995 1730 1072 hominis,

541 1099 618 1181 qui,
643 1104 800 1182 quantum
823 1100 856 1164 in
880 1121 913 1164 se
935 1107 1001 1177 est,
1025 1103 1059 1164 in
1079 1110 1163 1165 artes
1184 1101 1346 1166 discendas
1365 1100 1528 1178 incubuit,
1550 1101 1603 1166 sed
1621 1101 1729 1176 rebus,

538 1224 623 1288 quae
646 1207 696 1268 sui
719 1206 844 1270 arbitrii
867 1227 929 1270 non
952 1213 1041 1282 sunt,
1067 1206 1284 1284 obstantibus,
1305 1209 1435 1293 ingenio
1456 1215 1533 1292 puta
1552 1206 1729 1285 deficiente,

538 1331 604 1374 non
635 1318 781 1388 tantum,
814 1318 971 1396 quantum
1002 1315 1161 1398 speravit,
1194 1313 1361 1398 profecerit
1368 1335 1376 1391 ;
1412 1319 1482 1397 post
1513 1319 1622 1377 autem
1652 1313 1730 1378 bene

539 1417 664 1481 factum
688 1438 756 1483 esse
779 1421 931 1504 perspicit
955 1426 986 1483 et
1009 1418 1058 1482 dis
1081 1416 1276 1505 gratulatur,
1302 1417 1385 1502 quod
1404 1419 1564 1504 profectus
1583 1422 1616 1482 in
1636 1419 1731 1483 rebus

539 1521 717 1588 levioribus
752 1543 828 1588 eum
862 1546 926 1589 non
962 1524 1176 1602 detinuerint,
1212 1527 1382 1609 quominus
1418 1524 1457 1588 ad
1492 1528 1539 1589 rei
1572 1527 1731 1610 gravioris

539 1631 758 1715 cognitionem
778 1633 967 1715 perveniret.
992 1631 1161 1696 Postremo
1181 1631 1243 1694 huc
1263 1630 1385 1695 faciunt
1404 1629 1467 1695 loci
1486 1630 1535 1695 illi
1555 1640 1604 1695 sat
1623 1628 1730 1708 multi,

538 1738 575 1800 in
606 1736 723 1821 quibus
754 1742 865 1802 auctor
895 1759 927 1802 se
958 1736 998 1802 ad
1027 1757 1077 1802 res
1101 1737 1239 1824 agendae
1263 1743 1295 1801 et
1317 1737 1357 1802 ad
1379 1738 1509 1823 negotia
1532 1736 1731 1821 suscipienda

537 1841 738 1921 adhortatur,
774 1865 836 1927 qua
867 1843 1083 1909 admonitione
1113 1842 1204 1908 nulla
1233 1843 1298 1908 fere
1332 1846 1365 1907 in
1402 1841 1649 1909 Commentariis
1682 1849 1732 1907 est

536 1950 744 2035 frequentior.
777 1950 907 2015 Etenim
937 1950 1119 2037 obiurgatio
1151 1949 1206 2015 illa
1229 1953 1323 2015 toties
1347 1952 1483 2035 repetita
1505 1949 1730 2035 philosophum

538 2059 668 2142 arguit,
697 2059 769 2142 qui,
794 2056 873 2121 dum
895 2058 1039 2122 moribus
1062 2060 1129 2122 suis
1152 2056 1347 2144 corrigendis
1372 2077 1501 2142 operam
1526 2056 1596 2135 dat,
1621 2058 1732 2141 impri-

538 2166 603 2227 mis
634 2162 674 2226 ad
705 2161 775 2227 illas
806 2185 857 2229 res
887 2184 955 2229 3333
985 2165 1183 2241 exhortatur,
1215 2167 1247 2228 in
1272 2164 1388 2249 quibus
1410 2165 1578 2248 praecipue
1602 2184 1635 2228 se
1659 2161 1731 2228 defi·

537 2270 680 2334 cientem
711 2269 962 2354 deprehenderit.
993 2270 1106 2355 Itaque
1137 2274 1207 2355 ipsa
1238 2269 1295 2335 illa
1317 2269 1495 2334 adhortatio
1518 2268 1557 2333 ad
1580 2290 1729 2347 munera,

537 2375 580 2441 ad
612 2375 714 2441 officia
741 2375 901 2453 obeunda,
925 2376 963 2440 31
988 2379 1091 2442 vitam
1115 2379 1253 2442 activam
1277 2384 1314 2441 ut
1337 2379 1445 2456 aiunt,
1469 2374 1556 2440 haud
1578 2375 1729 2462 ambigue

538 2482 680 2559 indicat,
711 2481 815 2566 qualis
846 2482 944 2548 fuerit
975 2485 1082 2548 natira
1112 2490 1145 2548 et
1174 2485 1328 2569 primaria
1350 2485 1490 2547 auctoris
1513 2480 1651 2557 indoles,
1676 2480 1729 2547 vel

538 2592 650 2675 potius
682 2595 790 2672 aperte
823 2587 962 2654 declarat
991 2611 1063 2654 eam
1086 2589 1125 2654 ad
1150 2589 1256 2655 studia
1279 2595 1312 2655 et
1334 2588 1618 2674 contemplationes
1640 2587 1730 2652 incli-

537 2715 633 2760 nasse
647 2693 682 2774 ²).

585 2803 691 2885 Atque
710 2802 760 2865 his
780 2803 845 2866 iam
865 2803 983 2866 sensim
1004 2803 1043 2867 ad
1063 2823 1116 2880 ea,
1137 2823 1218 2887 quae
1237 2802 1343 2879 volui,
1364 2804 1578 2887 pervenimus.
1598 2801 1728 2866 Etenim

535 2909 566 2974 si
598 2914 683 2972 recte
714 2910 870 2972 statuitur
900 2908 1047 2975 Marcum
1071 2916 1103 2975 et
1125 2931 1257 2975 munere
1280 2911 1484 2995 imperatoris
1507 2910 1637 2995 egregie
1659 2929 1728 2993 per-

535 3015 688 3079 functum
708 3036 774 3081 esse
798 3021 830 3080 et
853 3023 967 3081 natura
990 3017 1152 3083 advitam
1176 3020 1242 3081 otio
1266 3023 1297 3081 ct
1320 3017 1436 3081 studiis
1459 3015 1600 3081 deditam
1620 3019 1728 3101 potius

536 3119 724 3196 inclinasse,
744 3123 864 3206 inquiri
883 3126 948 3188 iam
967 3131 1086 3208 potest,
1107 3145 1186 3187 num
1207 3144 1269 3209 qna
1289 3125 1426 3209 vestigia
1446 3123 1618 3189 discordiae
1637 3121 1728 3187 illius

536 3229 681 3291 internae
711 3228 989 3314 cupiditatumque
1015 3228 1241 3307 conflictionis,
1266 3229 1304 3295 de
1327 3231 1443 3314 quibus
1466 3230 1633 3315 Epictetus
1657 3230 1727 3295 1333

536 3352 636 3417 supra
659 3352 678 3396 3
701 3332 792 3398 nobis
816 3333 912 3400 allato
932 3343 1024 3401 acute
1045 3336 1205 3421 disputat,
1225 3339 1258 3400 in
1279 3332 1435 3401 Antonini
1455 3339 1582 3421 scriptis
1601 3343 1726 3402 extent:

574 3612 599 3672 1)
616 3611 734 3660 Similiter
757 3611 771 3659 l.
798 3610 818 3661 1.
835 3610 858 3662 1.
883 3611 981 3661 Rustico
1006 3615 1128 3678 acceptum
1146 3612 1219 3661 refert
1235 3615 1325 3670 auctor,
1344 3613 1407 3676 quod
1424 3627 1438 3659 3
1456 3612 1535 3661 313113
1554 3612 1686 3661 rhetoricae
1703 3617 1728 3662 et

534 3694 643 3760 poeticae
661 3693 753 3743 destitit
770 3698 794 3742 31
811 3694 929 3743 intellexit
946 3710 970 3743 33
988 3694 1094 3759 indigere
1112 3694 1258 3744 correctione
1276 3698 1299 3743 et
1316 3693 1439 3743 curatione
1458 3710 1558 3753 morum,
1575 3694 1726 3758 333133313

532 3775 586 3824 11113
609 3777 746 3841 3333133113
769 3790 845 3840 neque
870 3777 898 3824 ad
921 3776 1105 3825 aemulationem
1127 3777 1281 3842 sophisticam
1306 3775 1343 3824 vel
1366 3776 1395 3824 ad
1418 3775 1510 3824 libellos
1527 3776 1555 3824 de
1572 3775 1728 3825 theorematis

532 3856 715 3907 conscribendos
733 3857 770 3906 rel
788 3858 816 3907 ed
834 3857 996 3907 oratiunculae
1012 3858 1189 3907 adhortatorias
1203 3873 1228 3907 ee
1242 3857 1370 3906 declinavit
1386 3872 1460 3921 neque
1475 3872 1565 3913 rursus,
1580 3861 1605 3906 ut
1621 3857 1728 3906 homines

533 3940 563 3989 in
585 3944 707 4004 stuporem
730 3943 754 3988 et
777 3940 959 3990 admirationem
983 3941 1019 3989 331
1043 3944 1145 4006 raperet,
1164 3940 1242 3989 virum
1259 3942 1480 4002 strenueegentem
1497 3942 1562 3987 3133
1580 3945 1726 3989 exercentem

533 4021 674 4071 ostentarit.
692 4048 725 4058 -
742 4023 820 4087 Quem
837 4021 915 4071 locum
933 4022 953 4070 ai
971 4030 1033 4071 recte
1051 4022 1174 4079 enarravi,
1190 4026 1289 4087 apparet
1304 4021 1493 4070 emendationem
1508 4020 1622 4083 hylandri
1633 4018 1728 4083 133333·

535 4105 721 4153 3313333133
739 4104 764 4153 in
782 4108 919 4153 contextum
938 4104 1096 4170 recipiendam
1114 4119 1171 4153 esse.

571 4186 597 4245 2)
615 4186 695 4238 Fuisse
718 4188 830 4235 Marcum
851 4186 972 4235 hominem
996 4187 1166 4249 elegantiorem
1190 4188 1214 4234 et
1237 4186 1266 4234 ed
1285 4184 1388 4234 musicae
1405 4192 1429 4233 et
1446 4184 1550 4250 poeticae
1568 4184 1727 4233 delenimenta

533 4268 635 4318 minime
659 4269 758 4326 dnrnm,
782 4263 898 4317 indirecte
921 4268 993 4317 etiem
1016 4268 1117 4317 efficitur
1139 4283 1167 4317 ex
1190 4268 1206 4317 l.
1231 4267 1273 4317 xl.
1292 4268 1315 4324 2,
1339 4266 1378 4315 ubi
1402 4270 1497 4316 cantum
1517 4266 1553 4315 rel
1574 4265 1726 4315 saltationem

532 4350 629 4400 dulcem
651 4347 676 4399 ln
700 4350 806 4414 singulas
828 4355 910 4416 partes
932 4357 956 4400 et
977 4351 1044 4415 quasi
1069 4350 1187 4399 elementa
1209 4349 1366 4399 dirimendam
1389 4354 1461 4412 31333
1484 4349 1518 4396 113
1536 4348 1684 4397 1313311333
1702 4352 1727 4396 31

529 4438 676 4501 potestatem
693 4434 719 4482 in
737 4438 841 4483 mentem
859 4434 987 4483 humanam
1002 4434 1143 4498 frangendae
1161 4432 1205 4482 eibi
1223 4432 1369 4498 praescribit¹
1389 4433 1509 4495 Cumque
1524 4431 1575 4479 loco
1590 4430 1726 4479 conferetur

530 4516 613 4580 133113
627 4516 670 4564 1113
685 4516 805 4576 narratio,
821 4532 892 4581 quam
908 4518 984 4566 tradit
997 4516 1159 4565 Philostratus
1172 4515 1197 4563 13
1213 4516 1262 4564 rita
1276 4515 1389 4564 Aristidis
1404 4514 1450 4562 rol.
1465 4513 1491 4561 lI
1509 4530 1532 4578 p.
1552 4513 1591 4565 87.
1602 4514 1647 4561 lit:
1667 4511 1726 4568 ,τὴν

532 4600 586 4662 γὰρ
605 4601 677 4647 πόλιν
696 4596 791 4655 ταύτην
809 4602 850 4660 (ac.
869 4597 987 4661 Σμύρναν)
1004 4597 1183 4661 &parasiticae
1201 4595 1247 4645 ὑπὸ
1265 4603 1372 4657 σεισμῶν
1391 4613 1421 4645 rs
1438 4594 1481 4644 κιιῖ
1494 4594 1648 4658 χασμάτων,
1661 4594 1726 4643 ct'rer

534 4697 568 4728 τε
596 4678 742 4742 ὀλοφύρατο
768 4681 781 4728 δ
807 4679 961 4741 Ἀριστείδης
984 4682 1042 4741 πρὸς
1065 4681 1108 4728 τὸν
1135 4678 1239 4739 Μάρκον,
1263 4678 1294 4737 ὥς
1317 4683 1348 4743 τῇ
1374 4679 1419 4739 μὲν
1442 4678 1510 4741 itate
1534 4676 1641 4742 μσιςιδίᾳ
1659 4676 1726 4736 θαμὰ

533 4762 698 4827 ἔπιστινᾶξιιι
716 4764 760 4811 τὸν
778 4761 902 4823 βασιλέα,
920 4763 962 4811 ἐπὶ
978 4760 1005 4811 di
1023 4769 1059 4826 τῷ
1081 4760 1196 4823 ,Ζέφυρσι
1214 4759 1241 4810 dl
1259 4759 1347 4822 ὶρήμιιν
1365 4759 1560 4818 333-3333133313
1575 4758 1617 4809 real
1633 4757 1726 4819 δάκρυσι

531 4850 572 4907 τῷ
589 4843 681 4905 βιβλίῳ
699 4843 836 4911 darocam
854 4847 898 4895 τὸν
915 4842 1042 4907 βιισισιείιυ
1060 4841 1113 4893 eri.
