4525 5950
719 1041 793 1132 AD
820 1038 1081 1131 ΤΙΜΟΤΗΕΙ
1110 1039 1397 1131 PERSARUM

428 1208 653 1284 CARMINIS
674 1208 820 1283 LYRICI
844 1205 1145 1283 FRAGMENTUM
1166 1206 1312 1281 NUPllll
1331 1207 1564 1282 llllPllllTUll
1581 1201 1622 1286 ¹).

968 1399 1091 1441 scmusrr

795 1554 824 1620 J.
848 1553 935 1618 VAN
959 1552 1173 1618 LEEUWEN
1196 1552 1227 1618 J.
1239 1571 1267 1618 r.

951 1771 1109 1814 -νο-ο-

481 1948 628 2029 Quatuor
657 1949 791 2035 paginas
813 1948 889 2013 huic
911 1944 1061 2012 fasciculo
1085 1945 1193 2012 deesse
1215 1948 1382 2012 certiorem
1404 1968 1456 2013 me
1480 1947 1557 2013 facit
1578 1955 1627 2035 ty-

431 2055 638 2144 pographus;
659 2076 722 2140 quo
742 2057 844 2141 spatio
864 2059 937 2119 utar
956 2059 994 2117 ut
1014 2053 1052 2118 de
1068 2053 1175 2118 Persis
1187 2052 1349 2118 Timothei
1360 2075 1460 2139 pauca
1472 2054 1627 2140 quaedam

431 2165 614 2229 observem.
648 2159 806 2228 Carminis
836 2161 934 2225 huius
965 2158 1061 2245 lyrici
1084 2180 1157 2244 pars
1180 2161 1337 2243 posterior
1359 2181 1461 2245 nuper
1482 2162 1628 2225 innotuit

432 2293 454 2337 e
478 2268 642 2335 volumine
665 2287 857 2354 papyraceo,
881 2265 965 2352 quod
987 2268 1022 2330 iu
1045 2266 1196 2351 Aegypto
1219 2271 1268 2330 est
1290 2272 1462 2350 repertum.
1487 2266 1628 2333 Litterae

433 2396 575 2462 magnae
605 2381 638 2441 et
668 2373 796 2461 pulcrae
826 2380 859 2438 et
890 2375 1027 2458 priscam
1049 2371 1189 2458 figuram
1214 2378 1393 2437 servantes:
1417 2358 1492 2459 prae
1514 2376 1627 2439 ceteris

433 2481 595 2548 notabiles
625 2486 701 2545 sunt
732 2489 768 2557 E,
794 2489 839 2557 M,
865 2489 903 2557 Π,
930 2489 966 2556 Σ,
992 2487 1036 2543 Ω.
1068 2477 1194 2542 Nostris
1226 2483 1335 2543 autem
1357 2480 1502 2564 ipsorum
1526 2479 1627 2545 oculis

431 2592 502 2655 iam
522 2590 680 2653 cernimus
700 2587 869 2651 discrimen
890 2585 973 2671 quod
992 2584 1161 2650 intercedit
1180 2587 1264 2649 inter
1274 2583 1374 2650 libros
1387 2589 1628 2672 antiquissimos

434 2703 469 2762 et
491 2695 648 2760 editiones
672 2713 752 2778 quae
771 2699 881 2777 postea
900 2691 1110 2757 Alexandriae
1129 2690 1316 2776 prodierunt
1335 2713 1411 2758 cura
1429 2693 1628 2759 eruditorum

433 2802 744 2890 grammaticorum,
766 2819 839 2864 cum
859 2799 919 2864 hoc
939 2798 1109 2876 volumen,
1131 2798 1216 2883 quod
1236 2797 1295 2863 1v⁰
1314 2806 1386 2865 ante
1405 2797 1440 2866 0.
1453 2824 1484 2865 n.
1503 2800 1628 2867 saeculo

433 2930 455 2975 a
473 2910 580 2995 primo
600 2906 721 2972 editors
741 2906 906 2982 tribuitur,
924 2942 967 2955 -
985 2926 1086 2992 neque
1106 2905 1206 2970 habeo
1225 2905 1309 2991 quod
1329 2913 1438 2972 contra
1456 2907 1571 2987 dicam,
1587 2945 1627 2956 -

437 3037 513 3081 cum
545 3034 667 3100 papyro
697 3012 820 3078 duobus
852 3012 916 3078 fere
947 3010 1081 3078 sacculis
1111 3016 1286 3079 recentiore
1309 3017 1548 3100 componimus,
1573 3017 1629 3100 qui

434 3120 642 3206 Bacchylidis
665 3120 795 3185 exhibet
818 3122 970 3184 carmina.
994 3118 1044 3184 Ibi
1068 3119 1218 3185 versiculi
1238 3121 1366 3199 breves,
1388 3121 1467 3187 bene
1487 3120 1629 3186 distincti

434 3236 469 3295 et
492 3227 752 3292 emendatissime
775 3229 903 3314 scripti:
929 3225 1092 3292 Timothei
1115 3226 1173 3291 hoc
1198 3248 1326 3292 carmen
1349 3228 1387 3292 de
1410 3249 1519 3314 pugna
1542 3227 1629 3293 Sala·

434 3337 540 3399 minia
568 3354 633 3397 uno
665 3339 773 3398 tenore
805 3353 862 3417 per
890 3336 1025 3418 paginas
1055 3331 1229 3398 latissimas
1260 3339 1308 3398 est
1330 3341 1514 3412 exaratum,
1539 3334 1627 3400 nulla

433 3460 593 3507 versuum
615 3438 725 3503 habita
747 3442 885 3517 ratione,
910 3446 942 3504 et
966 3458 1062 3524 quam
1086 3437 1246 3504 sublestae
1265 3438 1338 3504 fidei
1358 3442 1457 3505 etiam
1477 3444 1627 3508 vetustis

433 3549 519 3613 sima
542 3545 662 3610 fuerint
685 3544 880 3630 exemplaria
902 3543 1083 3610 luculenter
1103 3551 1256 3624 testatur:
1277 3566 1351 3610 nam
1370 3544 1447 3611 licet
1465 3547 1627 3636 eleganter

431 3657 469 3719 in
503 3651 613 3716 charta
642 3650 744 3714 nitida
774 3653 818 3715 sit
850 3651 1014 3736 depictum
1045 3650 1131 3715 haud
1154 3654 1200 3715 ita
1223 3651 1279 3715 diu
1302 3658 1472 3738 postquam
1496 3655 1626 3741 abipso
1750 3683 1753 3687 “

432 3767 531 3847 poeta
562 3763 610 3823 est
642 3760 873 3843 compositum,
897 3794 940 3806 -
964 3757 1065 3823 altera
1094 3757 1231 3821 vixdum
1263 3758 1381 3824 saeculi
1403 3780 1476 3844 pars
1498 3761 1628 3827 videtur

430 3866 668 3941 intercessisse,
690 3901 732 3914 -
753 3866 845 3929 vitiis
865 3870 964 3930 scatet
984 3867 1112 3949 apertis.
1134 3863 1278 3943 Quorum
1298 3885 1370 3950 pars
1390 3865 1479 3932 nullo
1498 3871 1627 3954 negotio

430 3970 507 4038 tolli
530 3972 652 4056 potuit,
678 3968 740 4035 alia
762 3973 866 4057 primo
890 3971 1006 4037 editori
1029 3973 1239 4057 quantumvis
1260 3975 1365 4058 sagaci
1386 3975 1514 4059 negotia
1534 3975 1629 4042 faces·

431 4081 601 4155 siverunt,
625 4076 763 4142 necdum
787 4081 893 4143 omnia
917 4084 993 4144 sunt
1016 4077 1193 4144 emendata.

481 4183 592 4248 Etiam
627 4182 786 4249 emblema
819 4187 933 4249 inritis
963 4188 1106 4250 numeris
1138 4192 1170 4250 et
1201 4185 1372 4250 verborum
1404 4190 1564 4252 structura
1593 4191 1627 4254 in

428 4302 563 4358 textum
587 4293 716 4376 irrepsit
723 4311 732 4369 ;
757 4291 795 4356 de
818 4313 880 4377 qno
902 4312 941 4357 ue
966 4295 1000 4356 in
1020 4292 1146 4357 diversa
1166 4293 1280 4357 abeant
1298 4295 1441 4357 virorum
1460 4293 1626 4361 doctorum

426 4401 599 4485 opiniones
618 4418 679 4461 non
699 4396 913 4464 videturesse
934 4396 1134 4483 periculum,
1156 4398 1210 4462 sed
1230 4419 1340 4463 omnes
1352 4402 1463 4484 opinor
1475 4400 1626 4468 Wilamo

427 4507 578 4570 witaium
602 4516 776 4589 sequentur
799 4508 845 4570 sic
868 4504 1014 4571 edentem
1037 4512 1098 4584 (rs.
1123 4502 1256 4589 aasqp

468 4690 498 4752 1)
523 4690 570 4737 Der
592 4685 853 4751 'l'imolbcos-l’spyros.
873 4685 1148 4751 Liebtdrnckdusgsbe.
1165 4687 1262 4751 Leipzig
1280 4688 1353 4737 laea.
1371 4714 1404 4726 -
1422 4689 1565 4741 'limotbeoe
1583 4692 1628 4741 Die

427 4775 522 4823 Perser
541 4808 562 4820 ..
575 4807 598 4821 ..
616 4769 805 4833 bemurgegeben
824 4785 869 4819 ron
886 4770 917 4819 U.
936 4787 957 4820 r.
977 4770 1311 4820 tritemorian-monendum.
1329 4771 1424 4836 Leipzig
1442 4774 1513 4823 1⁹08.
