4525 5950
964 704 1119 753 nonanus.
1575 689 1640 755 307

495 867 521 932 V
546 867 611 933 2.8
636 868 744 933 Etiam
769 873 805 931 tu
829 867 889 932 hoc
911 867 1096 952 respondes,
1121 868 1198 953 quid
1221 871 1293 934 istic
1317 870 1376 934 tibi
1400 871 1562 958 negotist?

499 973 741 1060 „Respondes”:
767 972 856 1039 deest
880 994 941 1051 „an
965 973 1061 1039 non’'.

497 1141 540 1207 28
632 1141 657 1205 Ο
683 1139 852 1218 Chremes,
877 1143 1032 1227 pietatem
1056 1139 1167 1227 guetil

491 1246 658 1324 “suaeque
681 1283 723 1295 -
747 1247 840 1312 deest.
867 1249 953 1311 enim
985 1247 1117 1325 „vides”
1149 1254 1206 1313 aut
1236 1247 1358 1335 aliquid
1382 1250 1445 1316 tale
1471 1290 1513 1300 -
1537 1260 1569 1318 et
1592 1261 1640 1320 est

445 1354 552 1417 ironia
575 1373 632 1437 pro
658 1353 915 1438 „impietatem'’.
940 1350 987 1418 Cf.
1013 1372 1110 1437 supra
1133 1352 1164 1416 ll
1189 1352 1219 1417 6.
1234 1353 1264 1419 6.

496 1518 522 1583 V
548 1518 613 1583 6.6
639 1519 755 1595 „Pater
777 1520 900 1583 amicus
924 1518 1112 1583 summus’':
1139 1518 1226 1585 deest
1250 1521 1374 1599 „eius’'.
1481 1555 1483 1559 ·

494 1686 583 1752 Haec
606 1685 727 1752 scholia
749 1688 796 1750 ita
818 1692 1003 1770 comparata
1025 1690 1101 1750 sunt
1124 1689 1232 1752 omnia
1256 1693 1293 1751 ut
1316 1688 1355 1753 ab
1383 1709 1447 1752 uno
1473 1694 1640 1777 magistro,

445 1795 505 1878 qui
537 1793 576 1857 ab
607 1793 634 1856 A
665 1799 698 1857 et
728 1790 924 1876 Philosopho
955 1790 1099 1857 diversus
1130 1800 1196 1869 est,
1228 1792 1268 1857 ad
1296 1796 1514 1861 imitationem
1537 1798 1640 1864 denuo

446 1898 689 1964 consuetudinis
720 1903 753 1962 et
784 1896 999 1963 formularum
1024 1896 1142 1963 Donati
1166 1898 1314 1977 (deest,
1340 1901 1642 1989 ob—propter)

443 2011 478 2069 et
513 2024 755 2089 nonnumquam
790 2003 829 2067 ad
864 2002 1074 2088 supplendam
1110 2006 1179 2068 eius
1210 2003 1334 2090 ellipsis
1366 2006 1418 2070 vel
1449 2011 1641 2095 aposiopesis

445 2113 662 2186 notationem,
694 2109 826 2174 conficta
857 2129 924 2173 esse
954 2108 1097 2174 debeant.
1131 2108 1237 2175 Semel
1268 2113 1453 2196 iterumque
1482 2121 1644 2198 praeterea

446 2219 634 2281 invenimus
664 2214 823 2279 scholium
855 2235 912 2300 per
940 2213 1057 2279 deest
1088 2219 1263 2301 repetitum
1295 2237 1312 2281 e
1343 2217 1500 2284 Donatino
1530 2226 1579 2298 et,
1604 2228 1644 2285 ut
1674 2200 1676 2204 ⁸

451 2325 519 2388 veri
550 2321 657 2386 simila
688 2326 754 2397 est,
786 2323 956 2384 inventum
987 2322 1019 2384 in
1043 2319 1144 2385 altero
1169 2321 1254 2386 fonte
1278 2322 1460 2388 redactoris.
1491 2322 1641 2392 Ceterum

447 2427 552 2492 eidem
583 2428 739 2512 magistro
772 2427 840 2490 eine
870 2425 966 2489 dubio
990 2424 1054 2490 alia
1077 2446 1205 2510 quoque
1229 2426 1351 2491 scholia
1374 2429 1538 2507 debentur,
1562 2453 1642 2516 qnae

447 2540 558 2597 tamen
582 2531 673 2597 nulla
693 2532 813 2597 formae
833 2533 1028 2617 proprietate
1046 2534 1203 2618 insignita
1223 2535 1382 2618 repperire
1402 2533 1562 2601 difficilius
1582 2544 1641 2602 est.

798 2765 868 2852 §a
900 2766 1103 2851 Magistri
1136 2763 1161 2832 (l
1192 2771 1233 2831 et
1265 2765 1303 2832 D.

491 2988 670 3074 Supersunt
701 2985 806 3052 multa
837 2985 959 3052 scholia
989 3006 1007 3050 a
1037 2984 1197 3051 Donato
1230 2984 1352 3064 aliena,
1383 3007 1464 3072 quae
1487 3008 1548 3052 non
1572 2993 1640 3053 tam

440 3095 612 3160 manifesta
642 3096 782 3158 auctoris
813 3096 864 3157 sui
894 3092 1013 3157 indicia
1045 3112 1120 3177 prae
1151 3113 1184 3155 se
1208 3092 1334 3168 ferunt,
1360 3112 1457 3177 quam
1481 3114 1534 3171 ea,
1559 3115 1640 3178 quae

443 3203 612 3286 magistris
643 3201 670 3263 A
701 3207 734 3264 et
763 3199 791 3263 Β
823 3204 856 3263 et
886 3196 1081 3282 Philosopho
1111 3197 1375 3283 adsignavimus,
1415 3198 1470 3263 sed
1502 3220 1639 3283 quorum

444 3315 555 3371 tamen
586 3303 680 3370 facile
709 3305 772 3370 duo
803 3303 919 3369 saltem
949 3309 1092 3368 auctores
1124 3303 1372 3388 distinguuntur
1403 3309 1435 3368 et
1458 3305 1496 3368 ah
1521 3304 1586 3369 illis
1610 3312 1643 3371 et

446 3416 534 3476 inter
556 3432 589 3476 se
613 3410 744 3475 diversi.

496 3517 596 3596 Alter,
620 3539 683 3582 uon
705 3515 853 3581 indoctus
872 3519 904 3579 et
923 3521 1036 3579 natura
1057 3514 1216 3590 audacior,
1235 3513 1373 3580 libenter
1390 3516 1563 3601 impugnat
1583 3515 1641 3582 Do

444 3632 561 3689 natum
581 3623 718 3699 aliosve,
736 3623 791 3706 qui
810 3625 1065 3706 praecesserunt,
1085 3623 1293 3705 interpretes,
1310 3625 1342 3685 et
1354 3620 1483 3685 adhibet
1495 3621 1640 3706 exempla

445 3733 509 3795 sibi
541 3736 690 3817 prompta
721 3748 739 3793 a
770 3726 913 3813 Vergilio
943 3725 1151 3812 plerumque,
1183 3747 1252 3791 raro
1284 3748 1302 3791 a
1332 3724 1482 3793 Cicerone
1506 3725 1641 3813 aliisque

447 3837 590 3912 Latinis,
622 3853 863 3918 nonnumquam
888 3833 1019 3918 abipso
1044 3832 1211 3910 Terentio,
1236 3831 1291 3897 sed
1314 3838 1347 3898 et
1370 3831 1518 3918 exempla
1541 3841 1573 3898 et
1597 3835 1643 3898 in·

448 3942 637 4029 terpretatio
669 3942 738 4005 eius
773 3959 1001 4024 saepenumero
1039 3959 1153 4023 parum
1184 3938 1394 4004 satisfaciunt.
1430 3937 1510 4016 Hic,
1546 3959 1643 4022 quem

447 4046 615 4133 appellabo
639 4044 674 4122 C,
699 4048 731 4109 in
756 4047 948 4110 memoriam
971 4049 1100 4110 revocat
1122 4041 1310 4129 Philosophi
1334 4064 1480 4128 oporam,
1498 4043 1560 4109 ‘sed
1584 4044 1644 4108 dis

445 4162 554 4239 erepat
577 4173 705 4237 prorsus
729 4153 762 4215 in
786 4172 843 4227 eo,
869 4150 953 4235 quod
976 4170 1136 4234 nusquam
1161 4148 1416 4234 philosophatur.
1442 4149 1641 4227 Particulae,

446 4264 475 4326 si
504 4260 619 4344 quibus
642 4260 757 4334 utitur,
781 4263 857 4322 sunt
880 4258 944 4322 fere
969 4256 1189 4321 adversativae
1212 4253 1295 4334 (sed
1319 4260 1408 4334 cett.)
1431 4254 1482 4321 vel
1507 4256 1645 4320 disiunc-

447 4369 535 4430 tivae
562 4368 666 4443 (aut,
689 4360 782 4442 vel).

493 4470 584 4536 Alter
606 4473 715 4534 contra
737 4466 892 4553 placidior
915 4472 964 4532 est
987 4473 1019 4532 et
1041 4465 1177 4532 libenter
1200 4486 1267 4531 sese
1290 4463 1427 4550 adplicat
1446 4465 1587 4544 Donato,
1608 4467 1642 4530 in

446 4579 506 4641 hoc
537 4578 642 4662 igitur
673 4571 849 4639 consimilis
881 4575 1038 4659 magistro
1071 4572 1111 4648 A,
1142 4573 1189 4636 ita
1211 4579 1249 4636 ut
1272 4591 1510 4656 nonnumquam
1537 4592 1640 4636 unum

445 4682 648 4765 eundemque
676 4700 744 4745 esse
775 4681 964 4765 suspiceris,
995 4677 1050 4742 sed
1079 4678 1118 4742 ab
1150 4698 1186 4742 eo
1218 4676 1322 4742 differt
1351 4678 1384 4741 in
1409 4697 1464 4753 eo,
1488 4676 1573 4762 quod
1595 4677 1642 4740 in·

449 4790 694 4875 terpretationes
726 4786 900 4851 verborum
930 4791 961 4850 et
993 4786 1225 4849 sententiarum
1250 4783 1380 4870 praebet
1403 4784 1464 4848 sibi
1488 4784 1643 4869 proprias.
