4525 5950
1029 700 1202 749 Housman.

668 867 734 932 καὶ
759 867 908 946 κήρυκα
933 865 1120 932 Μέδοντα
1145 868 1373 945 σαώσομεν,
1398 862 1429 937 t<
1454 864 1489 930 τέ
1512 871 1564 944 με’
1588 866 1649 932 aiei

667 973 750 1051 εοέκῳ
774 973 804 1035 έν
829 972 964 1053 ήμετέρῳ
987 972 1162 1047 ’κηδέσκετο
1187 972 1296 1045 παιδδς
1322 972 1429 1043 έθντος.

532 1080 591 1146 Vix
624 1083 728 1167 igitur
752 1079 827 1143 huic
851 1079 955 1144 dicere
978 1081 1100 1164 potuit:
1130 1079 1255 1143 Contine
1277 1086 1306 1143 te
1329 1084 1362 1144 et
1378 1078 1468 1161 patri
1491 1077 1542 1141 θίο
1564 1081 1615 1158 (ut
1638 1076 1723 1142 idem

531 1188 650 1268 faciat),
675 1205 755 1270 quae
779 1206 864 1250 nunc
887 1187 997 1270 ipsum
1021 1185 1132 1250 fecisse
1156 1191 1297 1251 noverat.

577 1293 790 1378 Exspectatur
813 1289 936 1377 aliquid
959 1291 1198 1357 huiuscemodi:

667 1395 793 1477 tcta,
818 1397 879 1474 aa
902 1397 958 1473 μέν
982 1394 1062 1461 tte·
1087 1397 1173 1476 περὶ
1200 1395 1237 1461 δέ
1262 1395 1360 1477 σχέο
1386 1394 1635 1475 <λισσομένοιο>,

668 1503 713 1580 μή
737 1527 776 1578 με
802 1503 935 1582 πατήρ
958 1503 1096 1567 θεάνοιν
1120 1503 1289 1577 δηλήσεται
1315 1501 1379 1579 teti
1399 1503 1522 1582 χαλκῷ.

533 1609 581 1677 Of.
614 1608 718 1674 A393
750 1608 950 1688 περίσχεο
983 1608 1093 1680 παιδθς
1124 1614 1157 1673 et
1189 1606 1293 1673 ι199.
1329 1608 1376 1674 De
1409 1608 1499 1673 verbi
1531 1605 1725 1686 περισθενέων

532 1718 668 1825 sanitate
690 1717 756 1779 iam
781 1713 969 1779 dubitarunt
992 1713 1140 1780 editores.

578 1928 692 2010 94379.
714 1928 834 2010 ἑζέσθην
858 1927 884 1992 δ’
907 1928 969 2009 ἄρα
992 1929 1034 1993 τά
1059 1952 1098 2007 γε
1123 1929 1291 2007 (Phemius
1313 1933 1346 1994 et
1369 1927 1501 2009 Medon)
1525 1926 1598 1998 Διὸς
1624 1926 1730 2004 μεμά-

1438 2049 1489 2098 λον
1512 2033 1581 2098 ποτέ
1608 2033 1727 2111 βιομθν,

713 2140 846 2205 παντθσε
871 2142 1098 2218 παπταίνοντε,
1124 2140 1216 2220 Φθνον
1239 2139 1450 2219 ποτιδεγμένω
1475 2139 1546 2204 αθεέ.

532 2246 567 2313 Si
586 2248 621 2312 hi
640 2266 752 2312 versus
770 2248 905 2332 genuini
925 2252 1017 2323 sunt,
1039 2252 1171 2332 apparet
1191 2253 1365 2330 utrumque
1386 2248 1484 2311 etiam
1502 2245 1728 2331 postbenigna

532 2353 638 2418 Ulixis
661 2353 757 2418 verba
781 2350 846 2416 372
866 2372 911 2436 sq.
936 2349 1041 2430 θάροεο
1065 2353 1129 2415 asi.
1154 2354 1239 2416 vitae
1263 2371 1339 2416 suae
1361 2354 1525 2416 metuisse.
1558 2349 1589 2415 Is
1615 2357 1727 2416 autem

532 2479 579 2524 vs.
605 2456 670 2522 375
695 2456 802 2521 dicens

713 2564 788 2627 ἀλλ’
813 2560 986 2637 ἐξελθόντες
1010 2561 1155 2641 μεγάρων
1179 2559 1318 2642 ἕζεσθε
1343 2562 1451 2644 θύραζε

713 2670 743 2740 ές
768 2668 859 2749 Φθνον
885 2669 926 2739 εἷς
952 2668 1051 2742 αύλήν

532 2775 618 2840 Iovis
649 2796 754 2852 aram,
786 2775 843 2839 ubi
875 2773 1105 2840 considendum
1137 2776 1177 2838 iis
1207 2778 1300 2851 esset,
1331 2794 1392 2838 non
1423 2773 1630 2840 indicaverat.
1656 2774 1727 2840 Iam

532 2902 624 2957 vero,
649 2883 676 2945 si
699 2882 861 2966 genuinus
885 2885 934 2945 est
959 2902 1003 2944 vs.
1029 2878 1105 2957 379,
1130 2886 1238 2966 aperte
1257 2881 1345 2944 omni
1365 2882 1544 2966 suspicione
1563 2885 1658 2945 vacat
1677 2902 1725 2946 vs.

531 3007 682 3071 sequens,
718 3007 815 3072 quare
846 2987 1057 3072 improbanda
1087 2987 1218 3052 videtur
1240 2986 1412 3051 Hartmani
1435 2990 1616 3052 coniectura
1639 2988 1726 3052 hunc

531 3113 661 3159 versum
691 3092 799 3156 solum
830 3090 983 3169 delentis,
1015 3091 1069 3156 sed
1100 3097 1156 3156 aut
1188 3093 1282 3157 ambo
1313 3091 1412 3156 simul
1443 3092 1591 3158 servandi
1622 3093 1723 3177 (quod

445 3193 448 3197 ⁴
532 3199 658 3280 malim)
681 3205 737 3263 aut
761 3197 903 3276 delendi,
928 3204 967 3263 ut
988 3200 1150 3285 genuinus
1175 3199 1218 3262 sit
1241 3198 1328 3263 solus
1352 3220 1398 3263 vs.
1423 3196 1489 3263 378

713 3301 750 3377 ὦς
774 3304 878 3382 Φάτο,
903 3307 943 3369 τά
967 3304 993 3369 δ’
1018 3303 1074 3379 έξυ
1098 3303 1199 3381 βήτην
1222 3306 1368 3382 μεγάροιο
1392 3304 1501 3369 κιόντε.

531 3411 602 3476 Non
638 3412 743 3497 magis
777 3409 882 3477 eidem
917 3414 1072 3476 assentior
1104 3411 1248 3476 haerenti
1279 3411 1313 3474 in
1344 3412 1478 3483 πολλοὺς
1502 3416 1575 3497 post
1598 3411 1724 3485 πάντας

531 3538 578 3582 vs.
604 3514 670 3581 383
684 3537 751 3601 sqq.

712 3622 784 3694 τοὺς
809 3622 834 3687 δ’
860 3619 948 3686 έειδεν
969 3622 1063 3698 μάλα
1087 3622 1248 3692 πάντας
1273 3623 1302 3686 έν
1327 3620 1438 3697 αἵματι
1463 3622 1515 3685 καὶ
1540 3623 1651 3703 κονθησι

713 3730 891 3800 πεπτεθτας
915 3728 1091 3800 πολλοὺς
1115 3726 1153 3800 ύς
1177 3728 1207 3791 τ’
1232 3729 1361 3806 ἰχθύας,
1385 3727 1436 3801 οὕς
1460 3730 1484 3792 θ’
1510 3730 1625 3805 άλιήας

712 3843 811 3898 κοῖλον
834 3834 863 3906 ές
888 3833 1034 3911 αθμιαλδν
1058 3842 1165 3908 πολιῆς
1190 3833 1312 3898 ἔκτοσθε
1335 3836 1493 3909 θαλάσσης

712 3938 820 4019 δικτύῳ
845 3938 1002 4017 έκεέρυσαν
1026 3941 1194 4019 πολυωπῷ,
1219 3941 1263 4004 τοά
1288 3938 1319 4004 δέ
1344 3965 1379 4004 τε
1402 3940 1554 4011 πάντες

712 4045 825 4120 κύμαθ’
848 4043 923 4115 tate
949 4044 1104 4116 ποθέοντες
1129 4046 1179 4109 έπὶ
1202 4045 1376 4123 ψαμάθοισι
1401 4047 1562 4125 κέχυνται.

532 4148 649 4213 Multos
679 4171 790 4236 procos
821 4173 918 4214 omnes
948 4149 1032 4216 vidit
1061 4152 1094 4214 in
1127 4154 1282 4238 sanguine
1306 4158 1338 4216 et
1358 4152 1490 4238 pulvere
1512 4154 1662 4230 iacentes,
1688 4160 1725 4219 ut

531 4254 620 4318 multi
649 4258 751 4341 pisces
780 4260 847 4320 rete
877 4258 962 4341 capti
992 4278 1089 4320 omnes
1117 4260 1223 4323 iacent
1249 4260 1283 4322 in
1305 4258 1399 4322 litore
1421 4258 1540 4323 undam
1564 4260 1723 4325 marinam

531 4359 754 4426 desiderantes.
778 4360 860 4441 Quid
885 4382 1001 4447 quaeso
1026 4365 1060 4428 in
1083 4365 1134 4429 his
1157 4365 1268 4429 absoni
1291 4369 1349 4428 aut
1371 4362 1495 4449 inepti?

576 4573 691 4654 χ443.
714 4573 842 4641 Dicitur
865 4575 903 4640 de
927 4575 1068 4641 ancillis:

711 4683 877 4758 θεινέμεναι
902 4681 1026 4761 ξίφεσιν
1050 4685 1241 4760 τανυήκεσιν,
1268 4683 1308 4752 ete
1333 4680 1350 4746 ά
1372 4708 1404 4748 κε
1430 4683 1539 4755 πάσας

709 4789 817 4866 ψυχήν
841 4788 1034 4868 έξαφέλησθε
1060 4788 1111 4852 καὶ
1137 4788 1320 4863 έκλελάθητ’
1347 4790 1548 4870 ἈΦοοδέτης,
