<?xml version="1.0" encoding="UTF-8"?>
<!DOCTYPE html PUBLIC "-//W3C//DTD XHTML 1.0 Transitional//EN"
    "http://www.w3.org/TR/xhtml1/DTD/xhtml1-transitional.dtd">
<html xmlns="http://www.w3.org/1999/xhtml" xml:lang="en" lang="en">
 <head>
  <title>
</title>
<meta http-equiv="Content-Type" content="text/html;charset=utf-8" />
  <meta name='ocr-system' content='tesseract 3.04.00' />
  <meta name='ocr-capabilities' content='ocr_page ocr_carea ocr_par ocr_line ocrx_word'/>
</head>
<body>
  <div class='ocr_page' id='page_1' title='image "./mnemosyne07verdgoog_0570.png"; bbox 0 0 4525 5950; ppageno 0'>
   <div class='ocr_carea' id='block_1_1' title="bbox 540 700 1289 766">
    <p class='ocr_par' dir='ltr' id='par_1_1' title="bbox 540 700 1289 766">
     <span class='ocr_line' id='line_1_1' title="bbox 540 700 1289 766; baseline 0 0"><span class='ocrx_word' id='word_1_1' title='bbox 540 700 584 766; x_wconf 87' lang='grc'><strong>90</strong></span> <span class='ocrx_word' id='word_1_2' title='bbox 966 715 1289 766; x_wconf 70' lang='lat' dir='ltr'><strong>omnnemuucunse</strong></span> 
     </span>
    </p>
   </div>
   <div class='ocr_carea' id='block_1_2' title="bbox 534 881 1733 2989">
    <p class='ocr_par' dir='ltr' id='par_1_2' title="bbox 534 881 1733 2989">
     <span class='ocr_line' id='line_1_2' title="bbox 535 881 1731 971; baseline 0.002 -23"><span class='ocrx_word' id='word_1_3' title='bbox 535 904 603 949; x_wconf 90' lang='lat' dir='ltr'><strong>esse</strong></span> <span class='ocrx_word' id='word_1_4' title='bbox 625 904 742 971; x_wconf 81' lang='lat' dir='ltr'><strong>agrum</strong></span> <span class='ocrx_word' id='word_1_5' title='bbox 767 881 917 968; x_wconf 77' lang='lat' dir='ltr'><strong>vectigali</strong></span> <span class='ocrx_word' id='word_1_6' title='bbox 941 904 1003 948; x_wconf 90' lang='lat' dir='ltr'><strong>non</strong></span> <span class='ocrx_word' id='word_1_7' title='bbox 1026 883 1150 959; x_wconf 89' lang='lat' dir='ltr'><strong>soluto,</strong></span> <span class='ocrx_word' id='word_1_8' title='bbox 1174 904 1273 969; x_wconf 90' lang='lat' dir='ltr'><strong>eoque</strong></span> <span class='ocrx_word' id='word_1_9' title='bbox 1297 887 1455 969; x_wconf 83' lang='lat' dir='ltr'><strong>pertinere</strong></span> <span class='ocrx_word' id='word_1_10' title='bbox 1478 886 1576 966; x_wconf 75' lang='lat' dir='ltr'><strong>teycte</strong></span> <span class='ocrx_word' id='word_1_11' title='bbox 1600 895 1630 950; x_wconf 86' lang='lat' dir='ltr'><strong>et</strong></span> <span class='ocrx_word' id='word_1_12' title='bbox 1652 889 1731 950; x_wconf 74' lang='lat' dir='ltr'><strong>neti·</strong></span> 
     </span>
     <span class='ocr_line' id='line_1_3' title="bbox 537 987 1730 1078; baseline 0.004 -25"><span class='ocrx_word' id='word_1_13' title='bbox 537 1013 625 1076; x_wconf 80' lang='lat' dir='ltr'><strong>qaum</strong></span> <span class='ocrx_word' id='word_1_14' title='bbox 657 989 767 1053; x_wconf 77' lang='lat' dir='ltr'><strong>dictent</strong></span> <span class='ocrx_word' id='word_1_15' title='bbox 782 989 814 1072; x_wconf 81' lang='lat'><strong>¹),</strong></span> <span class='ocrx_word' id='word_1_16' title='bbox 839 988 923 1074; x_wconf 89' lang='lat' dir='ltr'><strong>qnod</strong></span> <span class='ocrx_word' id='word_1_17' title='bbox 947 987 1097 1054; x_wconf 85' lang='lat' dir='ltr'><strong>laudatur</strong></span> <span class='ocrx_word' id='word_1_18' title='bbox 1119 996 1215 1068; x_wconf 87' lang='lat' dir='ltr'><strong>(anno</strong></span> <span class='ocrx_word' id='word_1_19' title='bbox 1240 989 1317 1074; x_wconf 83' lang='lat'><strong>845)</strong></span> <span class='ocrx_word' id='word_1_20' title='bbox 1340 1012 1359 1055; x_wconf 89' lang='lat' dir='ltr'><strong>a</strong></span> <span class='ocrx_word' id='word_1_21' title='bbox 1382 991 1503 1078; x_wconf 89' lang='lat' dir='ltr'><strong>synodo</strong></span> <span class='ocrx_word' id='word_1_22' title='bbox 1528 990 1691 1058; x_wconf 85' lang='lat' dir='ltr'><strong>Meldensi</strong></span> <span class='ocrx_word' id='word_1_23' title='bbox 1704 991 1730 1073; x_wconf 90' lang='lat'><strong>²)</strong></span> 
     </span>
     <span class='ocr_line' id='line_1_4' title="bbox 538 1094 1728 1182; baseline 0.001 -20"><span class='ocrx_word' id='word_1_24' title='bbox 538 1118 605 1182; x_wconf 88' lang='lat' dir='ltr'><strong>cap.</strong></span> <span class='ocrx_word' id='word_1_25' title='bbox 632 1096 693 1162; x_wconf 82' lang='lat'><strong>62:</strong></span> <span class='ocrx_word' id='word_1_26' title='bbox 725 1096 813 1181; x_wconf 76' lang='lat' dir='ltr'><strong>,qai</strong></span> <span class='ocrx_word' id='word_1_27' title='bbox 843 1097 1023 1178; x_wconf 75' lang='lat' dir='ltr'><strong>neyliyit</strong></span> <span class='ocrx_word' id='word_1_28' title='bbox 1046 1094 1249 1177; x_wconf 80' lang='lat' dir='ltr'><strong>censum⁸),</strong></span> <span class='ocrx_word' id='word_1_29' title='bbox 1270 1100 1416 1179; x_wconf 81' lang='lat' dir='ltr'><strong>perdat</strong></span> <span class='ocrx_word' id='word_1_30' title='bbox 1441 1100 1614 1180; x_wconf 73' lang='lat' dir='ltr'><strong>aprem,”</strong></span> <span class='ocrx_word' id='word_1_31' title='bbox 1639 1100 1728 1165; x_wconf 89' lang='lat' dir='ltr'><strong>idem</strong></span> 
     </span>
     <span class='ocr_line' id='line_1_5' title="bbox 536 1201 1729 1290; baseline 0.001 -20"><span class='ocrx_word' id='word_1_32' title='bbox 536 1203 762 1270; x_wconf 79' lang='lat' dir='ltr'>obversabatur</span> <span class='ocrx_word' id='word_1_33' title='bbox 792 1205 940 1289; x_wconf 78' lang='lat' dir='ltr'>scriptori</span> <span class='ocrx_word' id='word_1_34' title='bbox 969 1201 1125 1267; x_wconf 86' lang='lat' dir='ltr'><strong>formulae</strong></span> <span class='ocrx_word' id='word_1_35' title='bbox 1153 1205 1250 1267; x_wconf 89' lang='lat' dir='ltr'><strong>nnius</strong></span> <span class='ocrx_word' id='word_1_36' title='bbox 1274 1224 1291 1268; x_wconf 92' lang='lat' dir='ltr'><strong>e</strong></span> <span class='ocrx_word' id='word_1_37' title='bbox 1314 1203 1551 1269; x_wconf 72' lang='lat' dir='ltr'><strong>Turonensibus</strong></span> <span class='ocrx_word' id='word_1_38' title='bbox 1564 1201 1601 1283; x_wconf 81' lang='lat'><strong>⁴),</strong></span> <span class='ocrx_word' id='word_1_39' title='bbox 1626 1226 1729 1290; x_wconf 91' lang='lat' dir='ltr'><strong>quum</strong></span> 
     </span>
     <span class='ocr_line' id='line_1_6' title="bbox 535 1307 1728 1392; baseline 0 -17"><span class='ocrx_word' id='word_1_40' title='bbox 535 1309 676 1375; x_wconf 74' lang='lat' dir='ltr'><strong>dictabat</strong></span> <span class='ocrx_word' id='word_1_41' title='bbox 706 1307 884 1374; x_wconf 76' lang='lat' dir='ltr'><strong>clausulam</strong></span> <span class='ocrx_word' id='word_1_42' title='bbox 898 1307 941 1388; x_wconf 70' lang='grc'><strong>5);</strong></span> <span class='ocrx_word' id='word_1_43' title='bbox 974 1316 1003 1372; x_wconf 85' lang='lat' dir='ltr'><strong>et</strong></span> <span class='ocrx_word' id='word_1_44' title='bbox 1031 1310 1060 1371; x_wconf 81' lang='lat' dir='ltr'><strong>ei</strong></span> <span class='ocrx_word' id='word_1_45' title='bbox 1090 1310 1127 1372; x_wconf 84' lang='lat' dir='ltr'><strong>de</strong></span> <span class='ocrx_word' id='word_1_46' title='bbox 1149 1309 1217 1391; x_wconf 73' lang='lat' dir='ltr'><strong>ipse</strong></span> <span class='ocrx_word' id='word_1_47' title='bbox 1240 1332 1325 1373; x_wconf 74' lang='lat' dir='ltr'><strong>coneo</strong></span> <span class='ocrx_word' id='word_1_48' title='bbox 1348 1310 1504 1392; x_wconf 55' lang='grc' dir='ltr'><strong>πρῶραν</strong></span> <span class='ocrx_word' id='word_1_49' title='bbox 1527 1312 1728 1392; x_wconf 74' lang='lat' dir='ltr'><strong>appense-ie,</strong></span> 
     </span>
     <span class='ocr_line' id='line_1_7' title="bbox 538 1414 1730 1499; baseline 0.003 -18"><span class='ocrx_word' id='word_1_50' title='bbox 538 1418 624 1481; x_wconf 76' lang='lat' dir='ltr'><strong>tidem</strong></span> <span class='ocrx_word' id='word_1_51' title='bbox 652 1415 760 1480; x_wconf 68' lang='lat' dir='ltr'><strong>exinde</strong></span> <span class='ocrx_word' id='word_1_52' title='bbox 780 1414 908 1499; x_wconf 62' lang='lat' dir='ltr'><strong>fndus,</strong></span> <span class='ocrx_word' id='word_1_53' title='bbox 941 1422 969 1478; x_wconf 87' lang='lat' dir='ltr'><strong>et</strong></span> <span class='ocrx_word' id='word_1_54' title='bbox 999 1415 1082 1497; x_wconf 78' lang='lat' dir='ltr'><strong>ipses</strong></span> <span class='ocrx_word' id='word_1_55' title='bbox 1113 1438 1161 1479; x_wconf 81' lang='lat' dir='ltr'><strong>ree</strong></span> <span class='ocrx_word' id='word_1_56' title='bbox 1186 1418 1316 1498; x_wconf 83' lang='lat' dir='ltr'><strong>perdere</strong></span> <span class='ocrx_word' id='word_1_57' title='bbox 1345 1438 1418 1480; x_wconf 79' lang='lat' dir='ltr'><strong>con</strong></span> <span class='ocrx_word' id='word_1_58' title='bbox 1447 1415 1602 1498; x_wconf 67' lang='lat' dir='ltr'><strong>detenet).</strong></span> <span class='ocrx_word' id='word_1_59' title='bbox 1634 1418 1730 1484; x_wconf 88' lang='lat' dir='ltr'><strong>Iubet</strong></span> 
     </span>
     <span class='ocr_line' id='line_1_8' title="bbox 535 1519 1730 1612; baseline 0 -23"><span class='ocrx_word' id='word_1_60' title='bbox 535 1530 644 1589; x_wconf 91' lang='lat' dir='ltr'><strong>autem</strong></span> <span class='ocrx_word' id='word_1_61' title='bbox 677 1521 873 1587; x_wconf 70' lang='lat' dir='ltr'><strong>lastinianus</strong></span> <span class='ocrx_word' id='word_1_62' title='bbox 888 1519 922 1600; x_wconf 81' lang='lat'><strong>¹),</strong></span> <span class='ocrx_word' id='word_1_63' title='bbox 954 1543 1056 1607; x_wconf 92' lang='lat' dir='ltr'><strong>quum</strong></span> <span class='ocrx_word' id='word_1_64' title='bbox 1085 1543 1136 1587; x_wconf 89' lang='lat' dir='ltr'><strong>res</strong></span> <span class='ocrx_word' id='word_1_65' title='bbox 1166 1525 1209 1586; x_wconf 92' lang='lat' dir='ltr'><strong>sit</strong></span> <span class='ocrx_word' id='word_1_66' title='bbox 1231 1521 1399 1600; x_wconf 87' lang='lat' dir='ltr'><strong>ecclesiae,</strong></span> <span class='ocrx_word' id='word_1_67' title='bbox 1423 1527 1586 1589; x_wconf 89' lang='lat' dir='ltr'><strong>committi</strong></span> <span class='ocrx_word' id='word_1_68' title='bbox 1609 1545 1730 1612; x_wconf 79' lang='lat' dir='ltr'><strong>agrum</strong></span> 
     </span>
     <span class='ocr_line' id='line_1_9' title="bbox 534 1628 1731 1717; baseline 0.003 -22"><span class='ocrx_word' id='word_1_69' title='bbox 534 1629 714 1717; x_wconf 77' lang='lat' dir='ltr'><strong>expellique</strong></span> <span class='ocrx_word' id='word_1_70' title='bbox 744 1628 970 1695; x_wconf 80' lang='lat' dir='ltr'><strong>conductorem</strong></span> <span class='ocrx_word' id='word_1_71' title='bbox 1000 1631 1069 1694; x_wconf 86' lang='lat' dir='ltr'><strong>sive</strong></span> <span class='ocrx_word' id='word_1_72' title='bbox 1100 1649 1156 1714; x_wconf 90' lang='lat' dir='ltr'><strong>per</strong></span> <span class='ocrx_word' id='word_1_73' title='bbox 1188 1630 1354 1694; x_wconf 87' lang='lat' dir='ltr'><strong>biennium</strong></span> <span class='ocrx_word' id='word_1_74' title='bbox 1385 1633 1571 1715; x_wconf 88' lang='lat' dir='ltr'><strong>pensionem</strong></span> <span class='ocrx_word' id='word_1_75' title='bbox 1602 1631 1731 1699; x_wconf 80' lang='lat' dir='ltr'><strong>solvere</strong></span> 
     </span>
     <span class='ocr_line' id='line_1_10' title="bbox 535 1736 1729 1818; baseline 0.002 -16"><span class='ocrx_word' id='word_1_76' title='bbox 535 1736 715 1813; x_wconf 86' lang='lat' dir='ltr'><strong>distulerit,</strong></span> <span class='ocrx_word' id='word_1_77' title='bbox 750 1739 817 1801; x_wconf 87' lang='lat' dir='ltr'><strong>sive</strong></span> <span class='ocrx_word' id='word_1_78' title='bbox 853 1744 954 1815; x_wconf 80' lang='grc' dir='ltr'><strong><em>χεῖρον</em></strong></span> <span class='ocrx_word' id='word_1_79' title='bbox 989 1741 1106 1811; x_wconf 71' lang='grc' dir='ltr'><strong><em>πονήσει</em></strong></span> <span class='ocrx_word' id='word_1_80' title='bbox 1143 1736 1177 1799; x_wconf 82' lang='grc' dir='ltr'><strong>τὸ</strong></span> <span class='ocrx_word' id='word_1_81' title='bbox 1210 1740 1344 1815; x_wconf 68' lang='grc' dir='ltr'><strong><em>πρᾶγμα</em></strong></span> <span class='ocrx_word' id='word_1_82' title='bbox 1377 1744 1430 1815; x_wconf 88' lang='lat'><strong>(=</strong></span> <span class='ocrx_word' id='word_1_83' title='bbox 1453 1745 1585 1818; x_wconf 72' lang='grc' dir='ltr'><strong>κτῆμα).</strong></span> <span class='ocrx_word' id='word_1_84' title='bbox 1620 1741 1667 1803; x_wconf 80' lang='lat' dir='ltr'><strong>At</strong></span> <span class='ocrx_word' id='word_1_85' title='bbox 1697 1742 1729 1804; x_wconf 88' lang='lat' dir='ltr'><strong>iu</strong></span> 
     </span>
     <span class='ocr_line' id='line_1_11' title="bbox 534 1841 1729 1930; baseline 0.001 -21"><span class='ocrx_word' id='word_1_86' title='bbox 534 1845 653 1909; x_wconf 86' lang='lat' dir='ltr'><strong>chartis</strong></span> <span class='ocrx_word' id='word_1_87' title='bbox 684 1842 941 1921; x_wconf 74' lang='lat' dir='ltr'><strong>Rauennatibus,</strong></span> <span class='ocrx_word' id='word_1_88' title='bbox 970 1862 1051 1927; x_wconf 89' lang='lat' dir='ltr'><strong>quae</strong></span> <span class='ocrx_word' id='word_1_89' title='bbox 1075 1841 1227 1907; x_wconf 88' lang='lat' dir='ltr'><strong>similiter</strong></span> <span class='ocrx_word' id='word_1_90' title='bbox 1248 1843 1366 1908; x_wconf 89' lang='lat' dir='ltr'><strong>habent</strong></span> <span class='ocrx_word' id='word_1_91' title='bbox 1388 1850 1517 1929; x_wconf 82' lang='lat' dir='ltr'><strong>propter</strong></span> <span class='ocrx_word' id='word_1_92' title='bbox 1540 1848 1729 1930; x_wconf 84' lang='lat' dir='ltr'><strong>pensionem</strong></span> 
     </span>
     <span class='ocr_line' id='line_1_12' title="bbox 535 1948 1731 2038; baseline 0.003 -23"><span class='ocrx_word' id='word_1_93' title='bbox 535 1971 591 2036; x_wconf 87' lang='lat' dir='ltr'><strong>per</strong></span> <span class='ocrx_word' id='word_1_94' title='bbox 621 1950 786 2015; x_wconf 88' lang='lat' dir='ltr'><strong>biennium</strong></span> <span class='ocrx_word' id='word_1_95' title='bbox 817 1970 879 2013; x_wconf 91' lang='lat' dir='ltr'><strong>non</strong></span> <span class='ocrx_word' id='word_1_96' title='bbox 909 1948 1049 2014; x_wconf 90' lang='lat' dir='ltr'><strong>solutam</strong></span> <span class='ocrx_word' id='word_1_97' title='bbox 1080 1948 1188 2035; x_wconf 79' lang='lat' dir='ltr'><strong>legem</strong></span> <span class='ocrx_word' id='word_1_98' title='bbox 1220 1952 1477 2015; x_wconf 87' lang='lat' dir='ltr'><strong>commissoriem</strong></span> <span class='ocrx_word' id='word_1_99' title='bbox 1496 1949 1533 2029; x_wconf 81' lang='lat'><strong>⁸),</strong></span> <span class='ocrx_word' id='word_1_100' title='bbox 1572 1954 1731 2038; x_wconf 84' lang='lat' dir='ltr'><strong>pinguius</strong></span> 
     </span>
     <span class='ocr_line' id='line_1_13' title="bbox 537 2054 1732 2142; baseline 0.003 -21"><span class='ocrx_word' id='word_1_101' title='bbox 537 2059 641 2121; x_wconf 88' lang='lat' dir='ltr'><strong>caveri</strong></span> <span class='ocrx_word' id='word_1_102' title='bbox 664 2054 761 2133; x_wconf 88' lang='lat' dir='ltr'><strong>solet,</strong></span> <span class='ocrx_word' id='word_1_103' title='bbox 785 2061 823 2120; x_wconf 90' lang='lat' dir='ltr'><strong>ut</strong></span> <span class='ocrx_word' id='word_1_104' title='bbox 845 2055 1067 2142; x_wconf 82' lang='lat' dir='ltr'><strong>emphyteusis</strong></span> <span class='ocrx_word' id='word_1_105' title='bbox 1091 2058 1324 2132; x_wconf 88' lang='lat' dir='ltr'><strong>committatur,</strong></span> <span class='ocrx_word' id='word_1_106' title='bbox 1348 2056 1376 2120; x_wconf 82' lang='lat' dir='ltr'><strong>ei</strong></span> <span class='ocrx_word' id='word_1_107' title='bbox 1399 2057 1431 2119; x_wconf 81' lang='lat' dir='ltr'><strong>ie</strong></span> <span class='ocrx_word' id='word_1_108' title='bbox 1453 2057 1558 2141; x_wconf 75' lang='lat' dir='ltr'><strong>atique</strong></span> <span class='ocrx_word' id='word_1_109' title='bbox 1581 2059 1732 2124; x_wconf 77' lang='lat' dir='ltr'><strong>tarditate</strong></span> 
     </span>
     <span class='ocr_line' id='line_1_14' title="bbox 536 2161 1732 2249; baseline 0.003 -23"><span class='ocrx_word' id='word_1_110' title='bbox 536 2170 590 2227; x_wconf 79' lang='lat' dir='ltr'><strong>aet</strong></span> <span class='ocrx_word' id='word_1_111' title='bbox 620 2161 751 2244; x_wconf 79' lang='lat' dir='ltr'><strong>neplccto</strong></span> <span class='ocrx_word' id='word_1_112' title='bbox 778 2169 831 2225; x_wconf 84' lang='lat' dir='ltr'><strong>eut</strong></span> <span class='ocrx_word' id='word_1_113' title='bbox 853 2162 1053 2225; x_wconf 75' lang='lat' dir='ltr'><strong>controversie</strong></span> <span class='ocrx_word' id='word_1_114' title='bbox 1076 2162 1193 2226; x_wconf 72' lang='lat' dir='ltr'><strong>invecti</strong></span> <span class='ocrx_word' id='word_1_115' title='bbox 1207 2161 1343 2249; x_wconf 78' lang='lat' dir='ltr'><strong>fueritis</strong></span> <span class='ocrx_word' id='word_1_116' title='bbox 1366 2170 1452 2226; x_wconf 77' lang='lat' dir='ltr'><strong>cetra</strong></span> <span class='ocrx_word' id='word_1_117' title='bbox 1474 2185 1562 2242; x_wconf 71' lang='lat' dir='ltr'><strong>apere</strong></span> <span class='ocrx_word' id='word_1_118' title='bbox 1585 2165 1624 2228; x_wconf 84' lang='lat' dir='ltr'><strong>de</strong></span> <span class='ocrx_word' id='word_1_119' title='bbox 1647 2188 1732 2248; x_wconf 73' lang='lat' dir='ltr'><strong>sepe-</strong></span> 
     </span>
     <span class='ocr_line' id='line_1_15' title="bbox 536 2267 1733 2354; baseline 0.004 -21"><span class='ocrx_word' id='word_1_120' title='bbox 536 2270 602 2333; x_wconf 79' lang='lat' dir='ltr'><strong>rius</strong></span> <span class='ocrx_word' id='word_1_121' title='bbox 623 2292 643 2331; x_wconf 87' lang='lat' dir='ltr'><em>a</em></span> <span class='ocrx_word' id='word_1_122' title='bbox 666 2269 776 2348; x_wconf 62' lang='lat' dir='ltr'><strong>(vobis</strong></span> <span class='ocrx_word' id='word_1_123' title='bbox 789 2268 943 2350; x_wconf 74' lang='lat' dir='ltr'><strong>pollicitis</strong></span> <span class='ocrx_word' id='word_1_124' title='bbox 962 2269 1183 2332; x_wconf 65' lang='lat' dir='ltr'><strong>condicionibus</strong></span> <span class='ocrx_word' id='word_1_125' title='bbox 1196 2267 1232 2349; x_wconf 77' lang='lat'><strong>⁹).</strong></span> <span class='ocrx_word' id='word_1_126' title='bbox 1256 2268 1343 2349; x_wconf 80' lang='lat' dir='ltr'><strong>Quae</strong></span> <span class='ocrx_word' id='word_1_127' title='bbox 1360 2274 1466 2354; x_wconf 87' lang='lat' dir='ltr'><strong>potest</strong></span> <span class='ocrx_word' id='word_1_128' title='bbox 1484 2268 1594 2334; x_wconf 90' lang='lat' dir='ltr'><strong>locum</strong></span> <span class='ocrx_word' id='word_1_129' title='bbox 1615 2271 1733 2338; x_wconf 85' lang='lat' dir='ltr'><strong>habere</strong></span> 
     </span>
     <span class='ocr_line' id='line_1_16' title="bbox 536 2373 1732 2460; baseline 0.003 -20"><span class='ocrx_word' id='word_1_130' title='bbox 536 2373 698 2450; x_wconf 90' lang='lat' dir='ltr'><strong>clausula,</strong></span> <span class='ocrx_word' id='word_1_131' title='bbox 738 2377 765 2438; x_wconf 91' lang='lat' dir='ltr'><strong>si</strong></span> <span class='ocrx_word' id='word_1_132' title='bbox 805 2374 976 2440; x_wconf 87' lang='lat' dir='ltr'><strong>conductor</strong></span> <span class='ocrx_word' id='word_1_133' title='bbox 1016 2395 1079 2439; x_wconf 89' lang='lat' dir='ltr'><strong>non</strong></span> <span class='ocrx_word' id='word_1_134' title='bbox 1119 2375 1320 2457; x_wconf 82' lang='lat' dir='ltr'><strong>melioravit,</strong></span> <span class='ocrx_word' id='word_1_135' title='bbox 1361 2373 1507 2460; x_wconf 82' lang='lat' dir='ltr'><strong>exemplo</strong></span> <span class='ocrx_word' id='word_1_136' title='bbox 1541 2374 1732 2444; x_wconf 78' lang='lat' dir='ltr'><strong>Thisbensis</strong></span> 
     </span>
     <span class='ocr_line' id='line_1_17' title="bbox 538 2479 1732 2570; baseline 0.002 -23"><span class='ocrx_word' id='word_1_137' title='bbox 538 2482 655 2547; x_wconf 86' lang='lat' dir='ltr'><strong>decreti</strong></span> <span class='ocrx_word' id='word_1_138' title='bbox 670 2479 720 2561; x_wconf 83' lang='lat'><strong>¹⁰),</strong></span> <span class='ocrx_word' id='word_1_139' title='bbox 745 2480 829 2565; x_wconf 91' lang='lat' dir='ltr'><strong>quod</strong></span> <span class='ocrx_word' id='word_1_140' title='bbox 853 2480 891 2545; x_wconf 90' lang='lat' dir='ltr'><strong>de</strong></span> <span class='ocrx_word' id='word_1_141' title='bbox 910 2481 1178 2568; x_wconf 86' lang='lat' dir='ltr'><strong>emphyteusibus</strong></span> <span class='ocrx_word' id='word_1_142' title='bbox 1197 2480 1236 2546; x_wconf 91' lang='lat' dir='ltr'><strong>ad</strong></span> <span class='ocrx_word' id='word_1_143' title='bbox 1254 2503 1311 2547; x_wconf 92' lang='lat' dir='ltr'><strong>nos</strong></span> <span class='ocrx_word' id='word_1_144' title='bbox 1329 2484 1492 2567; x_wconf 81' lang='lat' dir='ltr'><strong>pervenit,</strong></span> <span class='ocrx_word' id='word_1_145' title='bbox 1512 2503 1588 2547; x_wconf 90' lang='lat' dir='ltr'><strong>nam</strong></span> <span class='ocrx_word' id='word_1_146' title='bbox 1607 2482 1681 2549; x_wconf 87' lang='lat' dir='ltr'><strong>illic</strong></span> <span class='ocrx_word' id='word_1_147' title='bbox 1695 2483 1732 2570; x_wconf 85' lang='lat'><strong>¹¹)</strong></span> 
     </span>
     <span class='ocr_line' id='line_1_18' title="bbox 538 2585 1728 2668; baseline 0.002 -15"><span class='ocrx_word' id='word_1_148' title='bbox 538 2591 585 2653; x_wconf 76' lang='lat' dir='ltr'><strong>ite</strong></span> <span class='ocrx_word' id='word_1_149' title='bbox 615 2594 681 2652; x_wconf 86' lang='lat' dir='ltr'><strong>est:</strong></span> <span class='ocrx_word' id='word_1_150' title='bbox 714 2588 739 2652; x_wconf 81' lang='lat' dir='ltr'><strong>el</strong></span> <span class='ocrx_word' id='word_1_151' title='bbox 772 2587 803 2651; x_wconf 77' lang='grc' dir='ltr'><strong>δέ</strong></span> <span class='ocrx_word' id='word_1_152' title='bbox 826 2612 872 2655; x_wconf 75' lang='grc' dir='ltr'><strong>τις</strong></span> <span class='ocrx_word' id='word_1_153' title='bbox 898 2587 1005 2663; x_wconf 72' lang='grc' dir='ltr'><strong><em>λαβὼν</em></strong></span> <span class='ocrx_word' id='word_1_154' title='bbox 1029 2589 1111 2659; x_wconf 81' lang='grc' dir='ltr'><strong><em>ἐντὸς</em></strong></span> <span class='ocrx_word' id='word_1_155' title='bbox 1136 2595 1193 2660; x_wconf 68' lang='grc' dir='ltr'><strong>τῆς</strong></span> <span class='ocrx_word' id='word_1_156' title='bbox 1209 2585 1248 2666; x_wconf 89' lang='lat'><strong>¹²)</strong></span> <span class='ocrx_word' id='word_1_157' title='bbox 1272 2589 1459 2660; x_wconf 66' lang='lat' dir='ltr'><strong>vernaculae</strong></span> <span class='ocrx_word' id='word_1_158' title='bbox 1482 2590 1525 2663; x_wconf 67' lang='lat' dir='ltr'><strong>nis</strong></span> <span class='ocrx_word' id='word_1_159' title='bbox 1551 2591 1728 2668; x_wconf 75' lang='grc' dir='ltr'><strong><em>Φντεύσαν,</em></strong></span> 
     </span>
     <span class='ocr_line' id='line_1_19' title="bbox 540 2694 1730 2773; baseline 0.001 -14"><span class='ocrx_word' id='word_1_160' title='bbox 540 2696 575 2759; x_wconf 80' lang='grc' dir='ltr'><strong>τό</strong></span> <span class='ocrx_word' id='word_1_161' title='bbox 599 2718 634 2758; x_wconf 81' lang='grc' dir='ltr'><strong>τε</strong></span> <span class='ocrx_word' id='word_1_162' title='bbox 658 2695 765 2772; x_wconf 70' lang='grc' dir='ltr'><strong><em>χωρίον</em></strong></span> <span class='ocrx_word' id='word_1_163' title='bbox 789 2694 1064 2769; x_wconf 63' lang='lat' dir='ltr'><strong>assurectionem</strong></span> <span class='ocrx_word' id='word_1_164' title='bbox 1089 2695 1115 2758; x_wconf 85' lang='lat' dir='ltr'><strong>el</strong></span> <span class='ocrx_word' id='word_1_165' title='bbox 1140 2694 1443 2770; x_wconf 73' lang='grc' dir='ltr'><strong><em>καταλαμβάνοντες</em></strong></span> <span class='ocrx_word' id='word_1_166' title='bbox 1467 2696 1642 2773; x_wconf 62' lang='lat' dir='ltr'><strong>evincere)</strong></span> <span class='ocrx_word' id='word_1_167' title='bbox 1668 2697 1730 2761; x_wconf 74' lang='grc' dir='ltr'><strong>κτὲ.</strong></span> 
     </span>
     <span class='ocr_line' id='line_1_20' title="bbox 537 2797 1729 2886; baseline -0.001 -20"><span class='ocrx_word' id='word_1_168' title='bbox 537 2801 595 2866; x_wconf 80' lang='lat' dir='ltr'><strong>Est</strong></span> <span class='ocrx_word' id='word_1_169' title='bbox 628 2801 674 2865; x_wconf 91' lang='lat' dir='ltr'><strong>ibi</strong></span> <span class='ocrx_word' id='word_1_170' title='bbox 691 2797 729 2880; x_wconf 82' lang='lat'><strong>¹³)</strong></span> <span class='ocrx_word' id='word_1_171' title='bbox 763 2797 825 2866; x_wconf 89' lang='lat' dir='ltr'><strong>alia</strong></span> <span class='ocrx_word' id='word_1_172' title='bbox 858 2820 984 2886; x_wconf 92' lang='lat' dir='ltr'><strong>quoque</strong></span> <span class='ocrx_word' id='word_1_173' title='bbox 1019 2799 1242 2865; x_wconf 87' lang='lat' dir='ltr'><strong>committendi</strong></span> <span class='ocrx_word' id='word_1_174' title='bbox 1277 2802 1415 2885; x_wconf 87' lang='lat' dir='ltr'><strong>species:</strong></span> <span class='ocrx_word' id='word_1_175' title='bbox 1450 2798 1506 2879; x_wconf 74' lang='lat' dir='ltr'><strong>(el)</strong></span> <span class='ocrx_word' id='word_1_176' title='bbox 1541 2825 1589 2872; x_wconf 79' lang='grc' dir='ltr'><strong>τις</strong></span> <span class='ocrx_word' id='word_1_177' title='bbox 1630 2849 1729 2867; x_wconf 91' lang='grc'><strong>.....</strong></span> 
     </span>
     <span class='ocr_line' id='line_1_21' title="bbox 538 2905 1730 2989; baseline 0.003 -18"><span class='ocrx_word' id='word_1_178' title='bbox 538 2905 610 2988; x_wconf 78' lang='grc' dir='ltr'><strong><em>ξένῳ</em></strong></span> <span class='ocrx_word' id='word_1_179' title='bbox 635 2907 754 2980; x_wconf 68' lang='lat' dir='ltr'><strong>dustein</strong></span> <span class='ocrx_word' id='word_1_180' title='bbox 779 2931 809 2971; x_wconf 85' lang='grc' dir='ltr'><strong>τν</strong></span> <span class='ocrx_word' id='word_1_181' title='bbox 833 2913 890 2970; x_wconf 85' lang='grc' dir='ltr'><strong>τῶν</strong></span> <span class='ocrx_word' id='word_1_182' title='bbox 914 2909 1039 2989; x_wconf 72' lang='grc' dir='ltr'><strong><em>χωρίων.</em></strong></span> <span class='ocrx_word' id='word_1_183' title='bbox 1065 2943 1108 2954; x_wconf 93' lang='grc'>-</span> <span class='ocrx_word' id='word_1_184' title='bbox 1132 2906 1254 2972; x_wconf 78' lang='lat' dir='ltr'><strong>Eadem</strong></span> <span class='ocrx_word' id='word_1_185' title='bbox 1278 2906 1400 2974; x_wconf 83' lang='lat' dir='ltr'><strong>scilieet</strong></span> <span class='ocrx_word' id='word_1_186' title='bbox 1418 2908 1645 2975; x_wconf 81' lang='lat' dir='ltr'><strong>committendi</strong></span> <span class='ocrx_word' id='word_1_187' title='bbox 1664 2931 1730 2976; x_wconf 74' lang='lat' dir='ltr'><strong>cose</strong></span> 
     </span>
    </p>
   </div>
   <div class='ocr_carea' id='block_1_3' title="bbox 539 3093 733 3102">
    <p class='ocr_par' dir='ltr' id='par_1_3' title="bbox 539 3093 733 3102">
     <span class='ocr_line' id='line_1_22' title="bbox 539 3093 733 3102; baseline -0.005 0"><span class='ocrx_word' id='word_1_188' title='bbox 539 3093 733 3102; x_wconf 73' lang='grc'><strong>-..---</strong></span> 
     </span>
    </p>
   </div>
   <div class='ocr_carea' id='block_1_4' title="bbox 538 3211 1728 4926">
    <p class='ocr_par' dir='ltr' id='par_1_4' title="bbox 538 3211 1726 3359">
     <span class='ocr_line' id='line_1_23' title="bbox 573 3211 1726 3280; baseline 0.002 -16"><span class='ocrx_word' id='word_1_189' title='bbox 573 3217 599 3280; x_wconf 89' lang='grc'><strong>1)</strong></span> <span class='ocrx_word' id='word_1_190' title='bbox 617 3214 711 3280; x_wconf 84' lang='lat' dir='ltr'><strong>Itespici</strong></span> <span class='ocrx_word' id='word_1_191' title='bbox 729 3213 850 3263; x_wconf 77' lang='lat' dir='ltr'><strong>Iulianum</strong></span> <span class='ocrx_word' id='word_1_192' title='bbox 867 3216 926 3278; x_wconf 80' lang='lat' dir='ltr'><strong>(cap.</strong></span> <span class='ocrx_word' id='word_1_193' title='bbox 944 3216 986 3262; x_wconf 80' lang='lat' dir='ltr'><strong>eut</strong></span> <span class='ocrx_word' id='word_1_194' title='bbox 1003 3214 1035 3262; x_wconf 76' lang='grc'><strong>34</strong></span> <span class='ocrx_word' id='word_1_195' title='bbox 1052 3216 1094 3262; x_wconf 83' lang='lat' dir='ltr'><strong>eut</strong></span> <span class='ocrx_word' id='word_1_196' title='bbox 1110 3211 1170 3271; x_wconf 77' lang='grc'><strong>410)</strong></span> <span class='ocrx_word' id='word_1_197' title='bbox 1188 3228 1235 3261; x_wconf 89' lang='lat' dir='ltr'><strong>non</strong></span> <span class='ocrx_word' id='word_1_198' title='bbox 1253 3215 1318 3277; x_wconf 87' lang='lat' dir='ltr'><strong>puto.</strong></span> <span class='ocrx_word' id='word_1_199' title='bbox 1343 3212 1426 3261; x_wconf 75' lang='lat' dir='ltr'><strong>Itxetst</strong></span> <span class='ocrx_word' id='word_1_200' title='bbox 1441 3213 1532 3262; x_wconf 75' lang='lat' dir='ltr'><strong>dictans</strong></span> <span class='ocrx_word' id='word_1_201' title='bbox 1550 3214 1627 3264; x_wconf 85' lang='lat' dir='ltr'><strong>etism</strong></span> <span class='ocrx_word' id='word_1_202' title='bbox 1644 3216 1670 3265; x_wconf 88' lang='lat' dir='ltr'><strong>in</strong></span> <span class='ocrx_word' id='word_1_203' title='bbox 1687 3216 1726 3266; x_wconf 82' lang='lat' dir='ltr'><strong>Ce-</strong></span> 
     </span>
     <span class='ocr_line' id='line_1_24' title="bbox 538 3293 1697 3359; baseline 0.001 -12"><span class='ocrx_word' id='word_1_204' title='bbox 538 3297 584 3347; x_wconf 83' lang='lat' dir='ltr'><strong>reli</strong></span> <span class='ocrx_word' id='word_1_205' title='bbox 607 3296 693 3359; x_wconf 73' lang='lat' dir='ltr'><strong>Magni</strong></span> <span class='ocrx_word' id='word_1_206' title='bbox 710 3296 794 3345; x_wconf 78' lang='lat' dir='ltr'><strong>charte</strong></span> <span class='ocrx_word' id='word_1_207' title='bbox 810 3295 876 3357; x_wconf 84' lang='lat' dir='ltr'><strong>(euni</strong></span> <span class='ocrx_word' id='word_1_208' title='bbox 894 3296 952 3355; x_wconf 80' lang='lat'><strong>802)</strong></span> <span class='ocrx_word' id='word_1_209' title='bbox 967 3296 1007 3344; x_wconf 86' lang='lat' dir='ltr'><strong>scd</strong></span> <span class='ocrx_word' id='word_1_210' title='bbox 1025 3298 1154 3343; x_wconf 73' lang='lat' dir='ltr'><strong>retractate</strong></span> <span class='ocrx_word' id='word_1_211' title='bbox 1171 3293 1304 3356; x_wconf 86' lang='lat' dir='ltr'><strong>(Huebner,</strong></span> <span class='ocrx_word' id='word_1_212' title='bbox 1323 3295 1555 3344; x_wconf 63' lang='lat' dir='ltr'><strong>centauream</strong></span> <span class='ocrx_word' id='word_1_213' title='bbox 1573 3312 1614 3346; x_wconf 86' lang='lat' dir='ltr'><strong>uo.</strong></span> <span class='ocrx_word' id='word_1_214' title='bbox 1635 3299 1697 3358; x_wconf 77' lang='lat' dir='ltr'><strong>tes).</strong></span> 
     </span>
    </p>

    <p class='ocr_par' dir='ltr' id='par_1_5' title="bbox 539 3376 1727 3526">
     <span class='ocr_line' id='line_1_25' title="bbox 573 3376 1727 3445; baseline 0.001 -18"><span class='ocrx_word' id='word_1_215' title='bbox 573 3380 600 3445; x_wconf 79' lang='lat'><strong>2)</strong></span> <span class='ocrx_word' id='word_1_216' title='bbox 618 3379 675 3428; x_wconf 82' lang='lat' dir='ltr'><strong>Ilius</strong></span> <span class='ocrx_word' id='word_1_217' title='bbox 691 3393 791 3429; x_wconf 71' lang='lat' dir='ltr'><strong>meones</strong></span> <span class='ocrx_word' id='word_1_218' title='bbox 808 3378 911 3427; x_wconf 75' lang='lat' dir='ltr'><strong>ednmm</strong></span> <span class='ocrx_word' id='word_1_219' title='bbox 927 3377 991 3426; x_wconf 88' lang='lat' dir='ltr'><strong>iuter</strong></span> <span class='ocrx_word' id='word_1_220' title='bbox 1008 3376 1149 3442; x_wconf 80' lang='lat' dir='ltr'><strong>cepitularie</strong></span> <span class='ocrx_word' id='word_1_221' title='bbox 1167 3392 1205 3425; x_wconf 91' lang='lat' dir='ltr'><strong>uo.</strong></span> <span class='ocrx_word' id='word_1_222' title='bbox 1223 3377 1272 3425; x_wconf 79' lang='lat'><strong>293</strong></span> <span class='ocrx_word' id='word_1_223' title='bbox 1289 3377 1325 3436; x_wconf 87' lang='grc'><strong>(11</strong></span> <span class='ocrx_word' id='word_1_224' title='bbox 1345 3393 1368 3442; x_wconf 92' lang='lat' dir='ltr'><strong>p.</strong></span> <span class='ocrx_word' id='word_1_225' title='bbox 1386 3378 1456 3441; x_wconf 76' lang='lat'>418).</span> <span class='ocrx_word' id='word_1_226' title='bbox 1473 3378 1533 3426; x_wconf 89' lang='lat' dir='ltr'><strong>Inde</strong></span> <span class='ocrx_word' id='word_1_227' title='bbox 1549 3378 1634 3429; x_wconf 82' lang='lat' dir='ltr'><strong>laudet</strong></span> <span class='ocrx_word' id='word_1_228' title='bbox 1648 3380 1727 3444; x_wconf 77' lang='lat' dir='ltr'><strong>loysel</strong></span> 
     </span>
     <span class='ocr_line' id='line_1_26' title="bbox 539 3460 816 3526; baseline -0.014 -14"><span class='ocrx_word' id='word_1_229' title='bbox 539 3460 588 3526; x_wconf 73' lang='grc' dir='ltr'><strong>(ἐνί.</strong></span> <span class='ocrx_word' id='word_1_230' title='bbox 607 3463 684 3526; x_wconf 80' lang='lat' dir='ltr'><strong>lesu)</strong></span> <span class='ocrx_word' id='word_1_231' title='bbox 702 3477 740 3510; x_wconf 91' lang='lat' dir='ltr'><strong>uo.</strong></span> <span class='ocrx_word' id='word_1_232' title='bbox 760 3462 816 3509; x_wconf 78' lang='lat'>⁵51.</span> 
     </span>
    </p>

    <p class='ocr_par' dir='ltr' id='par_1_6' title="bbox 539 3541 1726 3694">
     <span class='ocr_line' id='line_1_27' title="bbox 573 3541 1726 3608; baseline -0.001 -14"><span class='ocrx_word' id='word_1_233' title='bbox 573 3546 599 3606; x_wconf 82' lang='grc'><strong>0)</strong></span> <span class='ocrx_word' id='word_1_234' title='bbox 625 3545 710 3594; x_wconf 67' lang='lat' dir='ltr'><strong>&amp;nese</strong></span> <span class='ocrx_word' id='word_1_235' title='bbox 732 3560 776 3608; x_wconf 85' lang='lat' dir='ltr'><strong>pro</strong></span> <span class='ocrx_word' id='word_1_236' title='bbox 800 3543 909 3606; x_wconf 75' lang='lat' dir='ltr'><strong>eectiqati</strong></span> <span class='ocrx_word' id='word_1_237' title='bbox 932 3542 1035 3607; x_wconf 84' lang='lat' dir='ltr'><strong>primum</strong></span> <span class='ocrx_word' id='word_1_238' title='bbox 1061 3544 1160 3607; x_wconf 72' lang='lat' dir='ltr'><strong>apparet</strong></span> <span class='ocrx_word' id='word_1_239' title='bbox 1176 3542 1237 3607; x_wconf 85' lang='lat' dir='ltr'><strong>epod</strong></span> <span class='ocrx_word' id='word_1_240' title='bbox 1257 3541 1383 3606; x_wconf 76' lang='lat' dir='ltr'><strong>Hyginum</strong></span> <span class='ocrx_word' id='word_1_241' title='bbox 1401 3542 1522 3605; x_wconf 83' lang='lat' dir='ltr'><strong>(Gromet.</strong></span> <span class='ocrx_word' id='word_1_242' title='bbox 1539 3559 1564 3608; x_wconf 91' lang='lat' dir='ltr'><strong>p.</strong></span> <span class='ocrx_word' id='word_1_243' title='bbox 1585 3545 1684 3604; x_wconf 70' lang='grc'><strong>11020</strong></span> <span class='ocrx_word' id='word_1_244' title='bbox 1700 3545 1726 3593; x_wconf 73' lang='lat' dir='ltr'><strong>ia</strong></span> 
     </span>
     <span class='ocr_line' id='line_1_28' title="bbox 539 3624 1048 3694; baseline -0.014 -16"><span class='ocrx_word' id='word_1_245' title='bbox 539 3645 562 3694; x_wconf 86' lang='lat' dir='ltr'><strong>p.</strong></span> <span class='ocrx_word' id='word_1_246' title='bbox 581 3629 639 3687; x_wconf 79' lang='grc'><strong>2011,</strong></span> <span class='ocrx_word' id='word_1_247' title='bbox 647 3629 683 3690; x_wconf 78' lang='grc'><strong>4).</strong></span> <span class='ocrx_word' id='word_1_248' title='bbox 701 3626 755 3675; x_wconf 90' lang='lat' dir='ltr'><strong>Hoc</strong></span> <span class='ocrx_word' id='word_1_249' title='bbox 771 3630 852 3691; x_wconf 82' lang='lat' dir='ltr'><strong>postes</strong></span> <span class='ocrx_word' id='word_1_250' title='bbox 869 3626 978 3689; x_wconf 78' lang='lat' dir='ltr'><strong>frequens</strong></span> <span class='ocrx_word' id='word_1_251' title='bbox 995 3624 1048 3672; x_wconf 87' lang='lat' dir='ltr'><strong>luit.</strong></span> 
     </span>
    </p>

    <p class='ocr_par' dir='ltr' id='par_1_7' title="bbox 573 3705 1487 3775">
     <span class='ocr_line' id='line_1_29' title="bbox 573 3705 1487 3775; baseline -0.007 -15"><span class='ocrx_word' id='word_1_252' title='bbox 573 3712 601 3775; x_wconf 74' lang='lat'><strong>4)</strong></span> <span class='ocrx_word' id='word_1_253' title='bbox 619 3711 738 3760; x_wconf 74' lang='lat' dir='ltr'><strong>Additum.</strong></span> <span class='ocrx_word' id='word_1_254' title='bbox 757 3710 780 3758; x_wconf 83' lang='lat'><strong>8.</strong></span> <span class='ocrx_word' id='word_1_255' title='bbox 799 3708 962 3758; x_wconf 81' lang='lat' dir='ltr'><strong>constituitur</strong></span> <span class='ocrx_word' id='word_1_256' title='bbox 979 3706 1012 3756; x_wconf 90' lang='lat' dir='ltr'><strong>ibi</strong></span> <span class='ocrx_word' id='word_1_257' title='bbox 1029 3706 1183 3771; x_wconf 70' lang='lat' dir='ltr'><strong>bmfieilen)</strong></span> <span class='ocrx_word' id='word_1_258' title='bbox 1199 3705 1382 3770; x_wconf 66' lang='lat' dir='ltr'><strong>masuetus-io</strong></span> <span class='ocrx_word' id='word_1_259' title='bbox 1397 3706 1487 3756; x_wconf 69' lang='lat' dir='ltr'><strong>ordine.</strong></span> 
     </span>
    </p>

    <p class='ocr_par' dir='ltr' id='par_1_8' title="bbox 573 3789 855 3857">
     <span class='ocr_line' id='line_1_30' title="bbox 573 3789 855 3857; baseline -0.018 -14"><span class='ocrx_word' id='word_1_260' title='bbox 573 3794 600 3857; x_wconf 78' lang='grc'><strong>1)</strong></span> <span class='ocrx_word' id='word_1_261' title='bbox 618 3793 648 3841; x_wconf 91' lang='lat' dir='ltr'><strong>Iu</strong></span> <span class='ocrx_word' id='word_1_262' title='bbox 667 3793 713 3840; x_wconf 84' lang='lat' dir='ltr'><strong>dne</strong></span> <span class='ocrx_word' id='word_1_263' title='bbox 731 3789 855 3840; x_wconf 82' lang='lat' dir='ltr'><strong>lormnlee.</strong></span> 
     </span>
    </p>

    <p class='ocr_par' dir='ltr' id='par_1_9' title="bbox 538 3869 1727 4170">
     <span class='ocr_line' id='line_1_31' title="bbox 573 3869 1726 3940; baseline -0.003 -16"><span class='ocrx_word' id='word_1_264' title='bbox 573 3876 600 3940; x_wconf 89' lang='grc'><strong>0)</strong></span> <span class='ocrx_word' id='word_1_265' title='bbox 617 3874 725 3922; x_wconf 83' lang='lat' dir='ltr'><strong>Similem</strong></span> <span class='ocrx_word' id='word_1_266' title='bbox 743 3871 830 3921; x_wconf 82' lang='lat' dir='ltr'><strong>hebent</strong></span> <span class='ocrx_word' id='word_1_267' title='bbox 845 3870 976 3921; x_wconf 78' lang='lat' dir='ltr'><strong>clausulsm</strong></span> <span class='ocrx_word' id='word_1_268' title='bbox 993 3874 1043 3919; x_wconf 86' lang='lat' dir='ltr'><strong>tres</strong></span> <span class='ocrx_word' id='word_1_269' title='bbox 1058 3870 1153 3919; x_wconf 72' lang='lat' dir='ltr'><strong>chortes</strong></span> <span class='ocrx_word' id='word_1_270' title='bbox 1172 3869 1256 3918; x_wconf 60' lang='lat' dir='ltr'><strong>dalmi</strong></span> <span class='ocrx_word' id='word_1_271' title='bbox 1272 3870 1360 3919; x_wconf 64' lang='lat' dir='ltr'><strong>saculi</strong></span> <span class='ocrx_word' id='word_1_272' title='bbox 1376 3869 1507 3931; x_wconf 70' lang='lat' dir='ltr'><strong>(theresia</strong></span> <span class='ocrx_word' id='word_1_273' title='bbox 1523 3871 1580 3929; x_wconf 79' lang='lat' dir='ltr'><strong>lae,</strong></span> <span class='ocrx_word' id='word_1_274' title='bbox 1592 3872 1649 3933; x_wconf 78' lang='lat'><strong>140,</strong></span> <span class='ocrx_word' id='word_1_275' title='bbox 1660 3874 1726 3934; x_wconf 74' lang='lat'>148):</span> 
     </span>
     <span class='ocr_line' id='line_1_32' title="bbox 539 3952 1727 4021; baseline -0.002 -15"><span class='ocrx_word' id='word_1_276' title='bbox 539 3957 612 4006; x_wconf 81' lang='lat' dir='ltr'><strong>eide</strong></span> <span class='ocrx_word' id='word_1_277' title='bbox 632 3958 709 4006; x_wconf 77' lang='lat' dir='ltr'><strong>eodm</strong></span> <span class='ocrx_word' id='word_1_278' title='bbox 731 3970 800 4004; x_wconf 69' lang='lat' dir='ltr'><strong>um</strong></span> <span class='ocrx_word' id='word_1_279' title='bbox 824 3954 966 4018; x_wconf 72' lang='lat' dir='ltr'><strong>scyliyentee</strong></span> <span class='ocrx_word' id='word_1_280' title='bbox 982 3956 1025 4002; x_wconf 78' lang='lat' dir='ltr'><strong>aet</strong></span> <span class='ocrx_word' id='word_1_281' title='bbox 1042 3953 1107 4001; x_wconf 78' lang='lat' dir='ltr'><strong>tardi</strong></span> <span class='ocrx_word' id='word_1_282' title='bbox 1123 3952 1329 4016; x_wconf 71' lang='lat' dir='ltr'><strong>repertifecriat,</strong></span> <span class='ocrx_word' id='word_1_283' title='bbox 1348 3952 1420 4001; x_wconf 69' lang='lat' dir='ltr'><strong>tuat</strong></span> <span class='ocrx_word' id='word_1_284' title='bbox 1436 3954 1560 4002; x_wconf 71' lang='lat' dir='ltr'><strong>madere</strong></span> <span class='ocrx_word' id='word_1_285' title='bbox 1574 3953 1610 4003; x_wconf 79' lang='lat' dir='ltr'><strong>eie</strong></span> <span class='ocrx_word' id='word_1_286' title='bbox 1626 3962 1653 4005; x_wconf 89' lang='lat' dir='ltr'><strong>et</strong></span> <span class='ocrx_word' id='word_1_287' title='bbox 1669 3956 1727 4021; x_wconf 69' lang='lat' dir='ltr'><strong>qued</strong></span> 
     </span>
     <span class='ocr_line' id='line_1_33' title="bbox 539 4034 1727 4100; baseline 0 -14"><span class='ocrx_word' id='word_1_288' title='bbox 539 4039 660 4089; x_wconf 78' lang='lat' dir='ltr'><strong>tenuerint</strong></span> <span class='ocrx_word' id='word_1_289' title='bbox 689 4052 745 4086; x_wconf 76' lang='lat' dir='ltr'><strong>nen</strong></span> <span class='ocrx_word' id='word_1_290' title='bbox 771 4035 892 4100; x_wconf 27' lang='lat' dir='ltr'><strong>perdant..</strong></span> <span class='ocrx_word' id='word_1_291' title='bbox 920 4035 978 4083; x_wconf 77' lang='grc'><strong>111.</strong></span> <span class='ocrx_word' id='word_1_292' title='bbox 1006 4035 1107 4083; x_wconf 84' lang='lat' dir='ltr'><strong>Loersch</strong></span> <span class='ocrx_word' id='word_1_293' title='bbox 1133 4035 1185 4082; x_wconf 81' lang='lat' dir='ltr'><strong>end</strong></span> <span class='ocrx_word' id='word_1_294' title='bbox 1208 4034 1340 4082; x_wconf 83' lang='lat' dir='ltr'><strong>Schroeder</strong></span> <span class='ocrx_word' id='word_1_295' title='bbox 1366 4035 1397 4082; x_wconf 79' lang='lat'><strong>8³</strong></span> <span class='ocrx_word' id='word_1_296' title='bbox 1423 4034 1482 4096; x_wconf 79' lang='grc'><strong>(01),</strong></span> <span class='ocrx_word' id='word_1_297' title='bbox 1508 4050 1570 4098; x_wconf 79' lang='lat' dir='ltr'><strong>quse</strong></span> <span class='ocrx_word' id='word_1_298' title='bbox 1593 4041 1630 4086; x_wconf 82' lang='lat' dir='ltr'><strong>eet</strong></span> <span class='ocrx_word' id='word_1_299' title='bbox 1653 4037 1727 4088; x_wconf 74' lang='lat' dir='ltr'><strong>ocuti</strong></span> 
     </span>
     <span class='ocr_line' id='line_1_34' title="bbox 538 4121 633 4170; baseline -0.011 0"><span class='ocrx_word' id='word_1_300' title='bbox 538 4121 633 4170; x_wconf 85' lang='lat' dir='ltr'><strong>ssecnli.</strong></span> 
     </span>
    </p>

    <p class='ocr_par' dir='ltr' id='par_1_10' title="bbox 574 4201 826 4268">
     <span class='ocr_line' id='line_1_35' title="bbox 574 4201 826 4268; baseline -0.028 -12"><span class='ocrx_word' id='word_1_301' title='bbox 574 4204 602 4268; x_wconf 88' lang='grc'><strong>7)</strong></span> <span class='ocrx_word' id='word_1_302' title='bbox 620 4204 682 4251; x_wconf 83' lang='grc' dir='ltr'><strong><em>Νον.</em></strong></span> <span class='ocrx_word' id='word_1_303' title='bbox 701 4203 749 4252; x_wconf 83' lang='lat' dir='ltr'><strong>lae</strong></span> <span class='ocrx_word' id='word_1_304' title='bbox 765 4218 785 4253; x_wconf 89' lang='lat' dir='ltr'><strong>c.</strong></span> <span class='ocrx_word' id='word_1_305' title='bbox 804 4201 826 4249; x_wconf 81' lang='grc' dir='ltr'><strong>Β.</strong></span> 
     </span>
    </p>

    <p class='ocr_par' dir='ltr' id='par_1_11' title="bbox 540 4281 1728 4435">
     <span class='ocr_line' id='line_1_36' title="bbox 572 4281 1728 4349; baseline 0.001 -14"><span class='ocrx_word' id='word_1_306' title='bbox 572 4289 600 4349; x_wconf 88' lang='grc'><strong>0)</strong></span> <span class='ocrx_word' id='word_1_307' title='bbox 622 4286 734 4349; x_wconf 74' lang='lat' dir='ltr'><strong>Sevigny,</strong></span> <span class='ocrx_word' id='word_1_308' title='bbox 764 4284 846 4334; x_wconf 71' lang='lat' dir='ltr'><strong>Geect.</strong></span> <span class='ocrx_word' id='word_1_309' title='bbox 869 4285 909 4333; x_wconf 79' lang='lat' dir='ltr'><strong>dee</strong></span> <span class='ocrx_word' id='word_1_310' title='bbox 932 4290 989 4333; x_wconf 79' lang='grc' dir='ltr'><strong><em>νόννν.</em></strong></span> <span class='ocrx_word' id='word_1_311' title='bbox 1013 4283 1102 4333; x_wconf 71' lang='lat' dir='ltr'><strong>Rechts</strong></span> <span class='ocrx_word' id='word_1_312' title='bbox 1124 4281 1150 4331; x_wconf 95' lang='lat' dir='ltr'><strong>II</strong></span> <span class='ocrx_word' id='word_1_313' title='bbox 1174 4281 1232 4344; x_wconf 72' lang='lat' dir='ltr'><strong>§ta</strong></span> <span class='ocrx_word' id='word_1_314' title='bbox 1256 4284 1305 4331; x_wconf 86' lang='lat' dir='ltr'><strong>not.</strong></span> <span class='ocrx_word' id='word_1_315' title='bbox 1328 4300 1351 4331; x_wconf 91' lang='lat' dir='ltr'><strong>a.</strong></span> <span class='ocrx_word' id='word_1_316' title='bbox 1371 4282 1487 4331; x_wconf 77' lang='lat' dir='ltr'><strong>Restituit</strong></span> <span class='ocrx_word' id='word_1_317' title='bbox 1503 4281 1527 4331; x_wconf 90' lang='lat' dir='ltr'><strong>id</strong></span> <span class='ocrx_word' id='word_1_318' title='bbox 1546 4283 1643 4335; x_wconf 76' lang='lat' dir='ltr'><strong>Marini</strong></span> <span class='ocrx_word' id='word_1_319' title='bbox 1661 4287 1728 4336; x_wconf 74' lang='lat' dir='ltr'><strong>etism</strong></span> 
     </span>
     <span class='ocr_line' id='line_1_37' title="bbox 540 4361 1548 4435; baseline -0.004 -18"><span class='ocrx_word' id='word_1_320' title='bbox 540 4370 599 4435; x_wconf 87' lang='lat' dir='ltr'><strong>Pap.</strong></span> <span class='ocrx_word' id='word_1_321' title='bbox 616 4367 727 4418; x_wconf 82' lang='lat' dir='ltr'>CXXXII</span> <span class='ocrx_word' id='word_1_322' title='bbox 745 4368 787 4416; x_wconf 87' lang='lat' dir='ltr'><strong>lin.</strong></span> <span class='ocrx_word' id='word_1_323' title='bbox 806 4368 828 4415; x_wconf 86' lang='grc'><strong>0.</strong></span> <span class='ocrx_word' id='word_1_324' title='bbox 847 4365 882 4415; x_wconf 88' lang='lat' dir='ltr'><strong>Cl.</strong></span> <span class='ocrx_word' id='word_1_325' title='bbox 900 4366 927 4415; x_wconf 88' lang='lat' dir='ltr'><strong>P.</strong></span> <span class='ocrx_word' id='word_1_326' title='bbox 948 4367 1020 4415; x_wconf 75' lang='lat' dir='ltr'><strong>Innd.</strong></span> <span class='ocrx_word' id='word_1_327' title='bbox 1039 4368 1087 4415; x_wconf 75' lang='lat'><strong>488</strong></span> <span class='ocrx_word' id='word_1_328' title='bbox 1107 4365 1148 4414; x_wconf 87' lang='lat' dir='ltr'><strong>lin.</strong></span> <span class='ocrx_word' id='word_1_329' title='bbox 1169 4364 1200 4415; x_wconf 79' lang='grc'><strong>’12</strong></span> <span class='ocrx_word' id='word_1_330' title='bbox 1216 4362 1267 4426; x_wconf 74' lang='grc' dir='ltr'><strong>(ἐπὶ</strong></span> <span class='ocrx_word' id='word_1_331' title='bbox 1285 4362 1329 4412; x_wconf 78' lang='grc' dir='ltr'><strong>δύο</strong></span> <span class='ocrx_word' id='word_1_332' title='bbox 1346 4364 1361 4421; x_wconf 72' lang='lat' dir='ltr'><strong>t</strong></span> <span class='ocrx_word' id='word_1_333' title='bbox 1378 4368 1450 4425; x_wconf 72' lang='grc' dir='ltr'><strong><em>τριῶν</em></strong></span> <span class='ocrx_word' id='word_1_334' title='bbox 1468 4361 1548 4428; x_wconf 65' lang='lat' dir='ltr'><strong>istie).</strong></span> 
     </span>
    </p>

    <p class='ocr_par' dir='ltr' id='par_1_12' title="bbox 574 4446 1571 4516">
     <span class='ocr_line' id='line_1_38' title="bbox 574 4446 1571 4516; baseline -0.003 -16"><span class='ocrx_word' id='word_1_335' title='bbox 574 4453 601 4515; x_wconf 81' lang='grc'><strong>0)</strong></span> <span class='ocrx_word' id='word_1_336' title='bbox 621 4452 677 4516; x_wconf 84' lang='lat' dir='ltr'><strong>Psp.</strong></span> <span class='ocrx_word' id='word_1_337' title='bbox 697 4450 787 4499; x_wconf 73' lang='lat' dir='ltr'><strong>Marini</strong></span> <span class='ocrx_word' id='word_1_338' title='bbox 806 4449 916 4498; x_wconf 86' lang='lat' dir='ltr'>CXXXII</span> <span class='ocrx_word' id='word_1_339' title='bbox 935 4449 977 4497; x_wconf 90' lang='lat' dir='ltr'><strong>lin.</strong></span> <span class='ocrx_word' id='word_1_340' title='bbox 997 4452 1024 4507; x_wconf 79' lang='lat'><strong>53</strong></span> <span class='ocrx_word' id='word_1_341' title='bbox 1043 4447 1168 4498; x_wconf 85' lang='lat' dir='ltr'>CXXXIII</span> <span class='ocrx_word' id='word_1_342' title='bbox 1183 4452 1220 4509; x_wconf 89' lang='lat'><strong>(=</strong></span> <span class='ocrx_word' id='word_1_343' title='bbox 1241 4446 1373 4511; x_wconf 78' lang='lat' dir='ltr'><strong>Spengenb.</strong></span> <span class='ocrx_word' id='word_1_344' title='bbox 1394 4446 1469 4504; x_wconf 80' lang='lat' dir='ltr'>LXII)</span> <span class='ocrx_word' id='word_1_345' title='bbox 1486 4447 1528 4496; x_wconf 86' lang='lat' dir='ltr'><strong>lin.</strong></span> <span class='ocrx_word' id='word_1_346' title='bbox 1547 4451 1571 4498; x_wconf 76' lang='grc'><strong>4,</strong></span> 
     </span>
    </p>

    <p class='ocr_par' dir='ltr' id='par_1_13' title="bbox 541 4528 1728 4676">
     <span class='ocr_line' id='line_1_39' title="bbox 574 4528 1728 4598; baseline -0.001 -16"><span class='ocrx_word' id='word_1_347' title='bbox 574 4535 617 4598; x_wconf 93' lang='grc'><strong>10)</strong></span> <span class='ocrx_word' id='word_1_348' title='bbox 635 4534 662 4583; x_wconf 88' lang='lat' dir='ltr'><strong>C.</strong></span> <span class='ocrx_word' id='word_1_349' title='bbox 673 4534 693 4583; x_wconf 92' lang='lat'><strong>1.</strong></span> <span class='ocrx_word' id='word_1_350' title='bbox 704 4535 731 4581; x_wconf 82' lang='lat' dir='ltr'><strong>G.</strong></span> <span class='ocrx_word' id='word_1_351' title='bbox 752 4533 864 4581; x_wconf 76' lang='lat' dir='ltr'><strong>Gramine</strong></span> <span class='ocrx_word' id='word_1_352' title='bbox 881 4534 1000 4595; x_wconf 86' lang='lat' dir='ltr'><strong>Septentr.</strong></span> <span class='ocrx_word' id='word_1_353' title='bbox 1021 4532 1032 4578; x_wconf 94' lang='grc'><strong>1</strong></span> <span class='ocrx_word' id='word_1_354' title='bbox 1051 4547 1088 4580; x_wconf 91' lang='lat' dir='ltr'><strong>ne.</strong></span> <span class='ocrx_word' id='word_1_355' title='bbox 1107 4530 1173 4578; x_wconf 77' lang='grc'><strong>0220</strong></span> <span class='ocrx_word' id='word_1_356' title='bbox 1185 4532 1215 4592; x_wconf 75' lang='lat' dir='ltr'><strong>-l-</strong></span> <span class='ocrx_word' id='word_1_357' title='bbox 1226 4528 1290 4579; x_wconf 72' lang='grc'><strong>2027</strong></span> <span class='ocrx_word' id='word_1_358' title='bbox 1310 4535 1374 4594; x_wconf 78' lang='lat' dir='ltr'><strong>(pag.</strong></span> <span class='ocrx_word' id='word_1_359' title='bbox 1392 4528 1588 4590; x_wconf 62' lang='grc'><strong>3821174718).</strong></span> <span class='ocrx_word' id='word_1_360' title='bbox 1606 4532 1728 4582; x_wconf 75' lang='lat' dir='ltr'><strong>hudetnr</strong></span> 
     </span>
     <span class='ocr_line' id='line_1_40' title="bbox 541 4612 1455 4676; baseline -0.005 -10"><span class='ocrx_word' id='word_1_361' title='bbox 541 4616 689 4666; x_wconf 83' lang='lat' dir='ltr'><strong>eLudovico</strong></span> <span class='ocrx_word' id='word_1_362' title='bbox 710 4615 817 4673; x_wconf 84' lang='lat' dir='ltr'><strong>Mitteis,</strong></span> <span class='ocrx_word' id='word_1_363' title='bbox 836 4632 857 4662; x_wconf 75' lang='grc' dir='ltr'><strong>ν.</strong></span> <span class='ocrx_word' id='word_1_364' title='bbox 877 4614 957 4663; x_wconf 73' lang='lat' dir='ltr'><strong>(lecet.</strong></span> <span class='ocrx_word' id='word_1_365' title='bbox 976 4615 1018 4662; x_wconf 78' lang='lat' dir='ltr'><strong>der</strong></span> <span class='ocrx_word' id='word_1_366' title='bbox 1036 4613 1155 4676; x_wconf 77' lang='lat' dir='ltr'><strong>Erbpaeht</strong></span> <span class='ocrx_word' id='word_1_367' title='bbox 1171 4613 1255 4673; x_wconf 87' lang='grc'><strong>(11101)</strong></span> <span class='ocrx_word' id='word_1_368' title='bbox 1272 4628 1294 4675; x_wconf 92' lang='lat' dir='ltr'><strong>p.</strong></span> <span class='ocrx_word' id='word_1_369' title='bbox 1314 4613 1344 4660; x_wconf 91' lang='lat' dir='ltr'><strong>ll</strong></span> <span class='ocrx_word' id='word_1_370' title='bbox 1364 4615 1415 4661; x_wconf 80' lang='lat' dir='ltr'><strong>not.</strong></span> <span class='ocrx_word' id='word_1_371' title='bbox 1432 4612 1455 4661; x_wconf 89' lang='lat' dir='ltr'><strong>l.</strong></span> 
     </span>
    </p>

    <p class='ocr_par' dir='ltr' id='par_1_14' title="bbox 575 4692 1686 4763">
     <span class='ocr_line' id='line_1_41' title="bbox 575 4692 1686 4763; baseline -0.004 -14"><span class='ocrx_word' id='word_1_372' title='bbox 575 4701 618 4763; x_wconf 88' lang='lat' dir='ltr'><strong>ll)</strong></span> <span class='ocrx_word' id='word_1_373' title='bbox 638 4699 657 4747; x_wconf 83' lang='grc'><strong>11</strong></span> <span class='ocrx_word' id='word_1_374' title='bbox 675 4701 705 4761; x_wconf 86' lang='grc'><strong>-)-</strong></span> <span class='ocrx_word' id='word_1_375' title='bbox 726 4699 745 4746; x_wconf 86' lang='grc' dir='ltr'><strong><em>Β</em></strong></span> <span class='ocrx_word' id='word_1_376' title='bbox 764 4697 807 4746; x_wconf 89' lang='lat' dir='ltr'><strong>liu.</strong></span> <span class='ocrx_word' id='word_1_377' title='bbox 827 4698 857 4745; x_wconf 91' lang='grc'><strong>10</strong></span> <span class='ocrx_word' id='word_1_378' title='bbox 868 4712 918 4760; x_wconf 87' lang='lat' dir='ltr'><strong>sqq.</strong></span> <span class='ocrx_word' id='word_1_379' title='bbox 937 4695 990 4758; x_wconf 89' lang='lat' dir='ltr'><strong>(lin.</strong></span> <span class='ocrx_word' id='word_1_380' title='bbox 1009 4696 1038 4744; x_wconf 83' lang='lat'><strong>18</strong></span> <span class='ocrx_word' id='word_1_381' title='bbox 1058 4694 1182 4759; x_wconf 82' lang='lat' dir='ltr'><strong>legendum</strong></span> <span class='ocrx_word' id='word_1_382' title='bbox 1200 4699 1235 4742; x_wconf 85' lang='lat' dir='ltr'><strong>est</strong></span> <span class='ocrx_word' id='word_1_383' title='bbox 1252 4692 1407 4755; x_wconf 66' lang='lat' dir='ltr'><strong>curetum,</strong></span> <span class='ocrx_word' id='word_1_384' title='bbox 1422 4708 1483 4743; x_wconf 69' lang='lat' dir='ltr'><strong>nous</strong></span> <span class='ocrx_word' id='word_1_385' title='bbox 1500 4692 1624 4756; x_wconf 70' lang='grc' dir='ltr'><strong><em>φνπύσιν</em></strong></span> <span class='ocrx_word' id='word_1_386' title='bbox 1641 4697 1686 4759; x_wconf 66' lang='grc' dir='ltr'><strong>ἲν).</strong></span> 
     </span>
    </p>

    <p class='ocr_par' dir='ltr' id='par_1_15' title="bbox 576 4778 856 4845">
     <span class='ocr_line' id='line_1_42' title="bbox 576 4778 856 4845; baseline -0.011 -15"><span class='ocrx_word' id='word_1_387' title='bbox 576 4783 618 4845; x_wconf 81' lang='lat'><strong>12)</strong></span> <span class='ocrx_word' id='word_1_388' title='bbox 640 4804 664 4824; x_wconf 60' lang='grc' dir='ltr'><strong>ε.-</strong></span> <span class='ocrx_word' id='word_1_389' title='bbox 687 4782 734 4836; x_wconf 63' lang='lat' dir='ltr'><strong>rue</strong></span> <span class='ocrx_word' id='word_1_390' title='bbox 752 4778 856 4840; x_wconf 71' lang='grc' dir='ltr'><strong><em>πρώτης.</em></strong></span> 
     </span>
    </p>

    <p class='ocr_par' dir='ltr' id='par_1_16' title="bbox 576 4858 1426 4926">
     <span class='ocr_line' id='line_1_43' title="bbox 576 4858 1426 4926; baseline -0.007 -13"><span class='ocrx_word' id='word_1_391' title='bbox 576 4865 619 4925; x_wconf 77' lang='lat' dir='ltr'><strong>lt)</strong></span> <span class='ocrx_word' id='word_1_392' title='bbox 636 4863 658 4912; x_wconf 90' lang='lat' dir='ltr'>D</span> <span class='ocrx_word' id='word_1_393' title='bbox 675 4864 718 4914; x_wconf 88' lang='lat' dir='ltr'><strong>lin.</strong></span> <span class='ocrx_word' id='word_1_394' title='bbox 736 4864 811 4926; x_wconf 79' lang='lat' dir='ltr'><strong>llsqq.</strong></span> <span class='ocrx_word' id='word_1_395' title='bbox 829 4861 947 4924; x_wconf 83' lang='lat' dir='ltr'><strong>(Mitteis,</strong></span> <span class='ocrx_word' id='word_1_396' title='bbox 963 4877 984 4909; x_wconf 79' lang='lat' dir='ltr'><strong>e.</strong></span> <span class='ocrx_word' id='word_1_397' title='bbox 1005 4859 1084 4909; x_wconf 68' lang='lat' dir='ltr'><strong>osset.</strong></span> <span class='ocrx_word' id='word_1_398' title='bbox 1103 4861 1129 4909; x_wconf 81' lang='lat' dir='ltr'><strong>d.</strong></span> <span class='ocrx_word' id='word_1_399' title='bbox 1145 4859 1213 4923; x_wconf 81' lang='lat' dir='ltr'><strong>Ertp.</strong></span> <span class='ocrx_word' id='word_1_400' title='bbox 1232 4858 1317 4921; x_wconf 83' lang='lat' dir='ltr'><strong>(lael)</strong></span> <span class='ocrx_word' id='word_1_401' title='bbox 1334 4874 1358 4923; x_wconf 90' lang='lat' dir='ltr'><strong>p.</strong></span> <span class='ocrx_word' id='word_1_402' title='bbox 1377 4858 1426 4919; x_wconf 91' lang='lat' dir='ltr'><strong>ll).</strong></span> 
     </span>
    </p>
   </div>
   <div class='ocr_carea' id='block_1_5' title="bbox 0 0 2278 5940">
    <p class='ocr_par' dir='ltr' id='par_1_17' title="bbox 0 0 2278 5940">
     <span class='ocr_line' id='line_1_44' title="bbox 0 0 2278 5940; baseline 0 0"><span class='ocrx_word' id='word_1_403' title='bbox 0 0 2278 5940; x_wconf 95' lang='lat' dir='ltr'><strong> </strong></span> 
     </span>
    </p>
   </div>
  </div>
 </body>
</html>
