<?xml version="1.0" encoding="UTF-8"?>
<!DOCTYPE html PUBLIC "-//W3C//DTD XHTML 1.0 Transitional//EN"
    "http://www.w3.org/TR/xhtml1/DTD/xhtml1-transitional.dtd">
<html xmlns="http://www.w3.org/1999/xhtml" xml:lang="en" lang="en">
 <head>
  <title>
</title>
<meta http-equiv="Content-Type" content="text/html;charset=utf-8" />
  <meta name='ocr-system' content='tesseract 3.04.00' />
  <meta name='ocr-capabilities' content='ocr_page ocr_carea ocr_par ocr_line ocrx_word'/>
</head>
<body>
  <div class='ocr_page' id='page_1' title='image "./mnemosyne07verdgoog_0315.png"; bbox 0 0 4525 5950; ppageno 0'>
   <div class='ocr_carea' id='block_1_1' title="bbox 647 663 1332 729">
    <p class='ocr_par' dir='ltr' id='par_1_1' title="bbox 647 663 1332 729">
     <span class='ocr_line' id='line_1_1' title="bbox 647 663 1332 729; baseline -0.003 -1"><span class='ocrx_word' id='word_1_1' title='bbox 647 663 715 729; x_wconf 80' lang='lat'><strong>292</strong></span> <span class='ocrx_word' id='word_1_2' title='bbox 1155 679 1332 727; x_wconf 75' lang='lat' dir='ltr'><strong>aurumne.</strong></span> 
     </span>
    </p>
   </div>
   <div class='ocr_carea' id='block_1_2' title="bbox 648 843 1839 1037">
    <p class='ocr_par' dir='ltr' id='par_1_2' title="bbox 648 843 1839 1037">
     <span class='ocr_line' id='line_1_2' title="bbox 648 843 1839 928; baseline -0.004 -17"><span class='ocrx_word' id='word_1_3' title='bbox 648 845 777 911; x_wconf 84' lang='lat' dir='ltr'><strong>videtur</strong></span> <span class='ocrx_word' id='word_1_4' title='bbox 797 846 885 909; x_wconf 69' lang='lat' dir='ltr'><strong>cova.</strong></span> <span class='ocrx_word' id='word_1_5' title='bbox 907 844 1031 909; x_wconf 84' lang='lat' dir='ltr'><strong>Domus</strong></span> <span class='ocrx_word' id='word_1_6' title='bbox 1051 847 1155 908; x_wconf 88' lang='lat' dir='ltr'><strong>cincta</strong></span> <span class='ocrx_word' id='word_1_7' title='bbox 1175 851 1241 908; x_wconf 85' lang='lat' dir='ltr'><strong>erat</strong></span> <span class='ocrx_word' id='word_1_8' title='bbox 1264 843 1438 919; x_wconf 85' lang='lat' dir='ltr'><strong>acivibue,</strong></span> <span class='ocrx_word' id='word_1_9' title='bbox 1451 864 1490 907; x_wconf 93' lang='lat' dir='ltr'><strong>ue</strong></span> <span class='ocrx_word' id='word_1_10' title='bbox 1503 843 1616 928; x_wconf 79' lang='lat' dir='ltr'><strong>fugam</strong></span> <span class='ocrx_word' id='word_1_11' title='bbox 1628 848 1839 927; x_wconf 79' lang='lat' dir='ltr'><strong>capesserent,</strong></span> 
     </span>
     <span class='ocr_line' id='line_1_3' title="bbox 648 952 1165 1037; baseline -0.006 -20"><span class='ocrx_word' id='word_1_12' title='bbox 648 957 757 1037; x_wconf 85' lang='lat' dir='ltr'><strong>itaque</strong></span> <span class='ocrx_word' id='word_1_13' title='bbox 781 956 967 1037; x_wconf 84' lang='lat' dir='ltr'><strong>expectatur</strong></span> <span class='ocrx_word' id='word_1_14' title='bbox 990 952 1028 1021; x_wconf 75' lang='grc' dir='ltr'><strong>ὡς</strong></span> <span class='ocrx_word' id='word_1_15' title='bbox 1053 952 1165 1024; x_wconf 74' lang='grc' dir='ltr'><strong><em>μένω.</em></strong></span> 
     </span>
    </p>
   </div>
   <div class='ocr_carea' id='block_1_3' title="bbox 650 1168 1836 1467">
    <p class='ocr_par' dir='ltr' id='par_1_3' title="bbox 650 1168 1836 1467">
     <span class='ocr_line' id='line_1_4' title="bbox 695 1168 1447 1248; baseline -0.001 -14"><span class='ocrx_word' id='word_1_16' title='bbox 695 1169 748 1235; x_wconf 79' lang='lat' dir='ltr'><strong>Va.</strong></span> <span class='ocrx_word' id='word_1_17' title='bbox 774 1168 850 1233; x_wconf 84' lang='lat'><strong>524.</strong></span> <span class='ocrx_word' id='word_1_18' title='bbox 876 1172 910 1235; x_wconf 80' lang='grc' dir='ltr'><strong>τὸ</strong></span> <span class='ocrx_word' id='word_1_19' title='bbox 934 1169 1070 1248; x_wconf 76' lang='grc' dir='ltr'><strong><em>θηριῶδες</em></strong></span> <span class='ocrx_word' id='word_1_20' title='bbox 1094 1174 1183 1234; x_wconf 81' lang='grc' dir='ltr'><strong><em>τοῦτο</em></strong></span> <span class='ocrx_word' id='word_1_21' title='bbox 1208 1170 1259 1232; x_wconf 79' lang='grc' dir='ltr'><strong>καὶ</strong></span> <span class='ocrx_word' id='word_1_22' title='bbox 1284 1170 1447 1248; x_wconf 75' lang='grc' dir='ltr'><strong><em>μιαιφόνον</em></strong></span> 
     </span>
     <span class='ocr_line' id='line_1_5' title="bbox 876 1267 1645 1354; baseline 0 -15"><span class='ocrx_word' id='word_1_23' title='bbox 876 1277 992 1354; x_wconf 74' lang='grc' dir='ltr'><strong><em>παύων,</em></strong></span> <span class='ocrx_word' id='word_1_24' title='bbox 1015 1267 1029 1338; x_wconf 79' lang='grc' dir='ltr'><strong><em>δ</em></strong></span> <span class='ocrx_word' id='word_1_25' title='bbox 1055 1277 1119 1338; x_wconf 75' lang='grc' dir='ltr'><strong>καὶ</strong></span> <span class='ocrx_word' id='word_1_26' title='bbox 1146 1281 1220 1352; x_wconf 77' lang='grc' dir='ltr'><strong>γῆν</strong></span> <span class='ocrx_word' id='word_1_27' title='bbox 1245 1276 1296 1340; x_wconf 77' lang='grc' dir='ltr'><strong>καὶ</strong></span> <span class='ocrx_word' id='word_1_28' title='bbox 1323 1275 1427 1345; x_wconf 72' lang='grc' dir='ltr'><strong><em>πόλεις</em></strong></span> <span class='ocrx_word' id='word_1_29' title='bbox 1453 1274 1560 1340; x_wconf 71' lang='grc' dir='ltr'><strong><em>δλλυο*</em></strong></span> <span class='ocrx_word' id='word_1_30' title='bbox 1584 1276 1645 1339; x_wconf 72' lang='lat' dir='ltr'><strong>ciel.</strong></span> 
     </span>
     <span class='ocr_line' id='line_1_6' title="bbox 650 1379 1836 1467; baseline -0.005 -21"><span class='ocrx_word' id='word_1_31' title='bbox 650 1381 770 1448; x_wconf 78' lang='lat' dir='ltr'><strong>Eodem</strong></span> <span class='ocrx_word' id='word_1_32' title='bbox 795 1381 879 1446; x_wconf 86' lang='lat' dir='ltr'><strong>redit</strong></span> <span class='ocrx_word' id='word_1_33' title='bbox 903 1388 1088 1467; x_wconf 87' lang='lat' dir='ltr'><strong>utrumque.</strong></span> <span class='ocrx_word' id='word_1_34' title='bbox 1112 1381 1353 1467; x_wconf 69' lang='lat' dir='ltr'><strong>significantius</strong></span> <span class='ocrx_word' id='word_1_35' title='bbox 1376 1382 1568 1446; x_wconf 79' lang='lat' dir='ltr'>scriberetur</span> <span class='ocrx_word' id='word_1_36' title='bbox 1591 1379 1768 1457; x_wconf 79' lang='grc' dir='ltr'><strong><em>κᾶνδρας</em></strong></span> <span class='ocrx_word' id='word_1_37' title='bbox 1792 1379 1836 1441; x_wconf 75' lang='grc' dir='ltr'><strong>καὶ</strong></span> 
     </span>
    </p>
   </div>
   <div class='ocr_carea' id='block_1_4' title="bbox 522 1486 767 1555">
    <p class='ocr_par' dir='ltr' id='par_1_4' title="bbox 522 1486 767 1555">
     <span class='ocr_line' id='line_1_7' title="bbox 522 1486 767 1555; baseline 0.008 -5"><span class='ocrx_word' id='word_1_38' title='bbox 522 1486 524 1491; x_wconf 62' lang='grc'>’</span> <span class='ocrx_word' id='word_1_39' title='bbox 651 1487 767 1555; x_wconf 68' lang='grc' dir='ltr'><strong><em>πόλεις.</em></strong></span> 
     </span>
    </p>
   </div>
   <div class='ocr_carea' id='block_1_5' title="bbox 695 1688 1785 1775">
    <p class='ocr_par' dir='ltr' id='par_1_5' title="bbox 695 1688 1785 1775">
     <span class='ocr_line' id='line_1_8' title="bbox 695 1688 1785 1775; baseline -0.003 -21"><span class='ocrx_word' id='word_1_40' title='bbox 695 1689 749 1755; x_wconf 82' lang='lat' dir='ltr'><strong>Vs.</strong></span> <span class='ocrx_word' id='word_1_41' title='bbox 775 1689 840 1755; x_wconf 83' lang='lat'><strong>596</strong></span> <span class='ocrx_word' id='word_1_42' title='bbox 864 1697 897 1755; x_wconf 88' lang='lat' dir='ltr'><strong>et</strong></span> <span class='ocrx_word' id='word_1_43' title='bbox 921 1689 986 1754; x_wconf 83' lang='lat'><strong>599</strong></span> <span class='ocrx_word' id='word_1_44' title='bbox 1010 1690 1132 1754; x_wconf 87' lang='lat' dir='ltr'><strong>dudum</strong></span> <span class='ocrx_word' id='word_1_45' title='bbox 1157 1695 1230 1755; x_wconf 84' lang='lat' dir='ltr'><strong>aute</strong></span> <span class='ocrx_word' id='word_1_46' title='bbox 1254 1688 1489 1754; x_wconf 83' lang='lat' dir='ltr'><strong>Weckleinium</strong></span> <span class='ocrx_word' id='word_1_47' title='bbox 1512 1691 1579 1774; x_wconf 81' lang='lat' dir='ltr'><strong>ipse</strong></span> <span class='ocrx_word' id='word_1_48' title='bbox 1603 1689 1785 1775; x_wconf 86' lang='lat' dir='ltr'><strong>proecripei.</strong></span> 
     </span>
    </p>
   </div>
   <div class='ocr_carea' id='block_1_6' title="bbox 650 1905 1694 2305">
    <p class='ocr_par' dir='ltr' id='par_1_6' title="bbox 650 1905 1694 2305">
     <span class='ocr_line' id='line_1_9' title="bbox 695 1905 1669 1982; baseline -0.002 -10"><span class='ocrx_word' id='word_1_49' title='bbox 695 1908 747 1974; x_wconf 82' lang='lat' dir='ltr'><strong>Va.</strong></span> <span class='ocrx_word' id='word_1_50' title='bbox 773 1908 849 1974; x_wconf 85' lang='lat'>691.</span> <span class='ocrx_word' id='word_1_51' title='bbox 1261 1909 1287 1972; x_wconf 77' lang='lat' dir='ltr'><strong>ei</strong></span> <span class='ocrx_word' id='word_1_52' title='bbox 1311 1907 1342 1972; x_wconf 82' lang='grc' dir='ltr'><strong>δὲ</strong></span> <span class='ocrx_word' id='word_1_53' title='bbox 1366 1909 1539 1982; x_wconf 72' lang='grc' dir='ltr'><strong><em>μαλθακοῖς</em></strong></span> <span class='ocrx_word' id='word_1_54' title='bbox 1564 1905 1669 1982; x_wconf 76' lang='grc' dir='ltr'><strong><em>λόγοις</em></strong></span> 
     </span>
     <span class='ocr_line' id='line_1_10' title="bbox 875 2013 1666 2091; baseline -0.003 -14"><span class='ocrx_word' id='word_1_55' title='bbox 875 2013 1041 2091; x_wconf 69' lang='grc' dir='ltr'><strong><em>δυναίμεθ’,</em></strong></span> <span class='ocrx_word' id='word_1_56' title='bbox 1067 2015 1186 2077; x_wconf 75' lang='grc' dir='ltr'><strong><em>ἐνταῦθ’</em></strong></span> <span class='ocrx_word' id='word_1_57' title='bbox 1211 2015 1377 2083; x_wconf 75' lang='grc' dir='ltr'><strong><em>ἐλπίδος</em></strong></span> <span class='ocrx_word' id='word_1_58' title='bbox 1400 2014 1666 2090; x_wconf 70' lang='grc' dir='ltr'><strong><em>προσήκομεν.</em></strong></span> 
     </span>
     <span class='ocr_line' id='line_1_11' title="bbox 650 2119 1165 2206; baseline -0.002 -21"><span class='ocrx_word' id='word_1_59' title='bbox 650 2119 815 2186; x_wconf 78' lang='lat' dir='ltr'><strong>Sententia</strong></span> <span class='ocrx_word' id='word_1_60' title='bbox 838 2124 997 2206; x_wconf 89' lang='lat' dir='ltr'><strong>requirere</strong></span> <span class='ocrx_word' id='word_1_61' title='bbox 1021 2119 1165 2186; x_wconf 84' lang='lat' dir='ltr'><strong>videtur:</strong></span> 
     </span>
     <span class='ocr_line' id='line_1_12' title="bbox 1068 2227 1694 2305; baseline -0.002 -15"><span class='ocrx_word' id='word_1_62' title='bbox 1068 2227 1187 2290; x_wconf 75' lang='grc' dir='ltr'><strong><em>ἐνταῦθ’</em></strong></span> <span class='ocrx_word' id='word_1_63' title='bbox 1213 2227 1330 2297; x_wconf 68' lang='grc' dir='ltr'><strong><em>ἐλπὶς</em></strong></span> <span class='ocrx_word' id='word_1_64' title='bbox 1353 2228 1400 2297; x_wconf 78' lang='grc' dir='ltr'><strong>ὥς</strong></span> <span class='ocrx_word' id='word_1_65' title='bbox 1424 2227 1694 2305; x_wconf 74' lang='grc' dir='ltr'><strong><em>προκόψομεν.</em></strong></span> 
     </span>
    </p>
   </div>
   <div class='ocr_carea' id='block_1_7' title="bbox 650 2330 1329 2417">
    <p class='ocr_par' dir='ltr' id='par_1_7' title="bbox 650 2330 1329 2417">
     <span class='ocr_line' id='line_1_13' title="bbox 650 2330 1329 2417; baseline -0.001 -20"><span class='ocrx_word' id='word_1_66' title='bbox 650 2330 699 2398; x_wconf 83' lang='lat' dir='ltr'><strong>cf.</strong></span> <span class='ocrx_word' id='word_1_67' title='bbox 723 2331 792 2397; x_wconf 83' lang='lat' dir='ltr'><strong>Alc.</strong></span> <span class='ocrx_word' id='word_1_68' title='bbox 819 2331 918 2397; x_wconf 82' lang='lat'>1082.</span> <span class='ocrx_word' id='word_1_69' title='bbox 942 2331 1022 2398; x_wconf 91' lang='lat' dir='ltr'><strong>Hec.</strong></span> <span class='ocrx_word' id='word_1_70' title='bbox 1048 2331 1124 2398; x_wconf 88' lang='grc'><strong>961.</strong></span> <span class='ocrx_word' id='word_1_71' title='bbox 1150 2331 1250 2417; x_wconf 92' lang='lat' dir='ltr'><strong>Hipp.</strong></span> <span class='ocrx_word' id='word_1_72' title='bbox 1275 2331 1329 2396; x_wconf 84' lang='lat'><strong>23.</strong></span> 
     </span>
    </p>
   </div>
   <div class='ocr_carea' id='block_1_8' title="bbox 649 2534 1836 2935">
    <p class='ocr_par' dir='ltr' id='par_1_8' title="bbox 649 2534 1836 2935">
     <span class='ocr_line' id='line_1_14' title="bbox 695 2534 1654 2618; baseline 0.003 -19"><span class='ocrx_word' id='word_1_73' title='bbox 695 2534 748 2601; x_wconf 78' lang='lat' dir='ltr'><strong>Vs.</strong></span> <span class='ocrx_word' id='word_1_74' title='bbox 775 2534 851 2602; x_wconf 85' lang='lat'>700.</span> <span class='ocrx_word' id='word_1_75' title='bbox 1350 2537 1385 2612; x_wconf 70' lang='grc' dir='ltr'><strong>ἦν</strong></span> <span class='ocrx_word' id='word_1_76' title='bbox 1408 2537 1434 2601; x_wconf 82' lang='grc' dir='ltr'><strong>δ’</strong></span> <span class='ocrx_word' id='word_1_77' title='bbox 1458 2534 1515 2618; x_wconf 57' lang='grc' dir='ltr'><strong>ἄνη</strong></span> <span class='ocrx_word' id='word_1_78' title='bbox 1539 2539 1654 2611; x_wconf 71' lang='grc' dir='ltr'><strong><em>πνοάς,</em></strong></span> 
     </span>
     <span class='ocr_line' id='line_1_15' title="bbox 874 2639 1542 2722; baseline 0.003 -17"><span class='ocrx_word' id='word_1_79' title='bbox 874 2641 983 2721; x_wconf 82' lang='grc' dir='ltr'><strong><em>τύχοις</em></strong></span> <span class='ocrx_word' id='word_1_80' title='bbox 1008 2642 1046 2705; x_wconf 79' lang='grc' dir='ltr'><strong>διν</strong></span> <span class='ocrx_word' id='word_1_81' title='bbox 1070 2643 1164 2705; x_wconf 82' lang='grc' dir='ltr'><strong><em>αὑτοῦ</em></strong></span> <span class='ocrx_word' id='word_1_82' title='bbox 1191 2642 1296 2722; x_wconf 74' lang='grc' dir='ltr'><strong><em>ῥᾳδίοις</em></strong></span> <span class='ocrx_word' id='word_1_83' title='bbox 1321 2639 1410 2706; x_wconf 73' lang='grc' dir='ltr'><strong><em>ὅσον</em></strong></span> <span class='ocrx_word' id='word_1_84' title='bbox 1434 2642 1542 2712; x_wconf 66' lang='grc' dir='ltr'><strong>θέλεις.</strong></span> 
     </span>
     <span class='ocr_line' id='line_1_16' title="bbox 649 2746 1836 2832; baseline -0.002 -20"><span class='ocrx_word' id='word_1_85' title='bbox 649 2747 850 2832; x_wconf 80' lang='lat' dir='ltr'><strong>Quamquam</strong></span> <span class='ocrx_word' id='word_1_86' title='bbox 882 2749 916 2810; x_wconf 94' lang='lat' dir='ltr'><strong>in</strong></span> <span class='ocrx_word' id='word_1_87' title='bbox 947 2747 1163 2832; x_wconf 88' lang='lat' dir='ltr'><strong>Appendicem</strong></span> <span class='ocrx_word' id='word_1_88' title='bbox 1195 2746 1328 2812; x_wconf 80' lang='lat' dir='ltr'><strong>relatam</strong></span> <span class='ocrx_word' id='word_1_89' title='bbox 1353 2749 1392 2812; x_wconf 89' lang='lat' dir='ltr'><strong>ab</strong></span> <span class='ocrx_word' id='word_1_90' title='bbox 1415 2748 1536 2814; x_wconf 88' lang='lat' dir='ltr'><strong>editore</strong></span> <span class='ocrx_word' id='word_1_91' title='bbox 1560 2754 1681 2813; x_wconf 87' lang='lat' dir='ltr'><strong>certam</strong></span> <span class='ocrx_word' id='word_1_92' title='bbox 1706 2749 1836 2813; x_wconf 84' lang='lat' dir='ltr'><strong>arbitror</strong></span> 
     </span>
     <span class='ocr_line' id='line_1_17' title="bbox 649 2850 1816 2935; baseline -0.002 -16"><span class='ocrx_word' id='word_1_93' title='bbox 649 2852 762 2919; x_wconf 84' lang='lat' dir='ltr'><strong>Cobeti</strong></span> <span class='ocrx_word' id='word_1_94' title='bbox 784 2854 1011 2918; x_wconf 79' lang='lat' dir='ltr'><strong>correctionem</strong></span> <span class='ocrx_word' id='word_1_95' title='bbox 1035 2850 1135 2928; x_wconf 78' lang='grc' dir='ltr'><strong><em>οἵου,</em></strong></span> <span class='ocrx_word' id='word_1_96' title='bbox 1160 2850 1229 2917; x_wconf 83' lang='lat' dir='ltr'><strong>scil.</strong></span> <span class='ocrx_word' id='word_1_97' title='bbox 1256 2854 1361 2935; x_wconf 61' lang='grc' dir='ltr'><strong><em>πρᾴου.</em></strong></span> <span class='ocrx_word' id='word_1_98' title='bbox 1387 2855 1556 2919; x_wconf 87' lang='lat' dir='ltr'><strong>Praeterea</strong></span> <span class='ocrx_word' id='word_1_99' title='bbox 1579 2853 1697 2919; x_wconf 88' lang='lat' dir='ltr'><strong>malim</strong></span> <span class='ocrx_word' id='word_1_100' title='bbox 1723 2857 1816 2933; x_wconf 66' lang='lat' dir='ltr'><strong>dinae.</strong></span> 
     </span>
    </p>
   </div>
   <div class='ocr_carea' id='block_1_9' title="bbox 650 3068 1741 3370">
    <p class='ocr_par' dir='ltr' id='par_1_9' title="bbox 650 3068 1741 3370">
     <span class='ocr_line' id='line_1_18' title="bbox 693 3068 1623 3151; baseline -0.001 -14"><span class='ocrx_word' id='word_1_101' title='bbox 693 3072 746 3137; x_wconf 77' lang='lat' dir='ltr'><strong>Va.</strong></span> <span class='ocrx_word' id='word_1_102' title='bbox 773 3070 848 3138; x_wconf 80' lang='lat'><strong>702.</strong></span> <span class='ocrx_word' id='word_1_103' title='bbox 874 3070 971 3136; x_wconf 77' lang='grc' dir='ltr'><strong><em>ἔνεστι</em></strong></span> <span class='ocrx_word' id='word_1_104' title='bbox 995 3072 1020 3135; x_wconf 78' lang='grc' dir='ltr'><strong>δ’</strong></span> <span class='ocrx_word' id='word_1_105' title='bbox 1045 3068 1161 3149; x_wconf 76' lang='grc' dir='ltr'><strong><em>οἶκτος,</em></strong></span> <span class='ocrx_word' id='word_1_106' title='bbox 1187 3072 1227 3135; x_wconf 73' lang='grc' dir='ltr'><strong>ἔνι</strong></span> <span class='ocrx_word' id='word_1_107' title='bbox 1252 3072 1357 3137; x_wconf 77' lang='grc' dir='ltr'><strong><em>δὲκαὶ</em></strong></span> <span class='ocrx_word' id='word_1_108' title='bbox 1383 3073 1475 3147; x_wconf 75' lang='grc' dir='ltr'><strong><em>θυμὸς</em></strong></span> <span class='ocrx_word' id='word_1_109' title='bbox 1500 3073 1623 3151; x_wconf 71' lang='grc' dir='ltr'><strong><em>μέγας,</em></strong></span> 
     </span>
     <span class='ocr_line' id='line_1_19' title="bbox 874 3178 1467 3257; baseline 0.002 -15"><span class='ocrx_word' id='word_1_110' title='bbox 874 3178 1087 3257; x_wconf 79' lang='grc' dir='ltr'><strong><em>καραδοκοῦντι</em></strong></span> <span class='ocrx_word' id='word_1_111' title='bbox 1113 3187 1249 3253; x_wconf 77' lang='grc' dir='ltr'><strong><em>κτῆμα</em></strong></span> <span class='ocrx_word' id='word_1_112' title='bbox 1273 3182 1467 3253; x_wconf 81' lang='grc' dir='ltr'><strong><em>τιμιώτατον.</em></strong></span> 
     </span>
     <span class='ocr_line' id='line_1_20' title="bbox 650 3284 1741 3370; baseline 0.003 -21"><span class='ocrx_word' id='word_1_113' title='bbox 650 3284 728 3350; x_wconf 86' lang='lat' dir='ltr'><strong>Vide</strong></span> <span class='ocrx_word' id='word_1_114' title='bbox 751 3305 790 3349; x_wconf 93' lang='lat' dir='ltr'><strong>ne</strong></span> <span class='ocrx_word' id='word_1_115' title='bbox 813 3292 971 3363; x_wconf 77' lang='grc' dir='ltr'><strong><em>χρῆμα,</em></strong></span> <span class='ocrx_word' id='word_1_116' title='bbox 995 3307 1059 3368; x_wconf 80' lang='lat' dir='ltr'><strong>rec,</strong></span> <span class='ocrx_word' id='word_1_117' title='bbox 1084 3286 1124 3348; x_wconf 87' lang='lat' dir='ltr'><strong>eit</strong></span> <span class='ocrx_word' id='word_1_118' title='bbox 1149 3288 1258 3370; x_wconf 88' lang='lat' dir='ltr'><strong>potiue</strong></span> <span class='ocrx_word' id='word_1_119' title='bbox 1282 3306 1379 3369; x_wconf 89' lang='lat' dir='ltr'><strong>quam</strong></span> <span class='ocrx_word' id='word_1_120' title='bbox 1403 3294 1560 3363; x_wconf 76' lang='grc' dir='ltr'><strong><em>κτῆμα,</em></strong></span> <span class='ocrx_word' id='word_1_121' title='bbox 1579 3288 1741 3368; x_wconf 80' lang='lat' dir='ltr'><strong>pocccccio.</strong></span> 
     </span>
    </p>
   </div>
   <div class='ocr_carea' id='block_1_10' title="bbox 648 3502 1844 4010">
    <p class='ocr_par' dir='ltr' id='par_1_10' title="bbox 694 3502 1840 3591">
     <span class='ocr_line' id='line_1_21' title="bbox 694 3502 1840 3591; baseline 0.007 -24"><span class='ocrx_word' id='word_1_122' title='bbox 694 3503 746 3569; x_wconf 78' lang='lat' dir='ltr'><strong>Vc.</strong></span> <span class='ocrx_word' id='word_1_123' title='bbox 769 3502 844 3570; x_wconf 82' lang='lat'><strong>752.</strong></span> <span class='ocrx_word' id='word_1_124' title='bbox 866 3503 919 3568; x_wconf 88' lang='lat' dir='ltr'><strong>Or.</strong></span> <span class='ocrx_word' id='word_1_125' title='bbox 942 3504 1078 3583; x_wconf 65' lang='grc' dir='ltr'><strong>αἰσθάνῃ.</strong></span> <span class='ocrx_word' id='word_1_126' title='bbox 1099 3504 1134 3566; x_wconf 81' lang='grc' dir='ltr'><strong>οδ</strong></span> <span class='ocrx_word' id='word_1_127' title='bbox 1156 3504 1241 3567; x_wconf 82' lang='grc' dir='ltr'><strong><em>τοῦδε</em></strong></span> <span class='ocrx_word' id='word_1_128' title='bbox 1261 3503 1447 3591; x_wconf 79' lang='lat' dir='ltr'><strong>(Tyndarei)</strong></span> <span class='ocrx_word' id='word_1_129' title='bbox 1468 3507 1554 3578; x_wconf 75' lang='grc' dir='ltr'><strong><em>κῆδος</em></strong></span> <span class='ocrx_word' id='word_1_130' title='bbox 1575 3511 1699 3581; x_wconf 74' lang='grc' dir='ltr'><strong><em>μᾶλλον</em></strong></span> <span class='ocrx_word' id='word_1_131' title='bbox 1717 3506 1840 3583; x_wconf 70' lang='grc' dir='ltr'><strong>εἵλετ’ῗι</strong></span> 
     </span>
    </p>

    <p class='ocr_par' dir='ltr' id='par_1_11' title="bbox 1370 3612 1841 3698">
     <span class='ocr_line' id='line_1_22' title="bbox 1370 3612 1841 3698; baseline 0.013 -25"><span class='ocrx_word' id='word_1_132' title='bbox 1370 3612 1523 3688; x_wconf 79' lang='grc' dir='ltr'><strong><em>πατρὸς</em></strong></span> <span class='ocrx_word' id='word_1_133' title='bbox 1546 3612 1841 3698; x_wconf 82' lang='lat' dir='ltr'><strong>(Agamemnonio).</strong></span> 
     </span>
    </p>

    <p class='ocr_par' dir='ltr' id='par_1_12' title="bbox 648 3710 1843 3801">
     <span class='ocr_line' id='line_1_23' title="bbox 648 3710 1843 3801; baseline 0.005 -21"><span class='ocrx_word' id='word_1_134' title='bbox 648 3715 710 3781; x_wconf 86' lang='lat' dir='ltr'><strong>Pro</strong></span> <span class='ocrx_word' id='word_1_135' title='bbox 736 3710 851 3794; x_wconf 73' lang='lat' dir='ltr'><strong>rarpie&#39;</strong></span> <span class='ocrx_word' id='word_1_136' title='bbox 876 3715 1081 3799; x_wconf 82' lang='lat' dir='ltr'><strong>expectabam</strong></span> <span class='ocrx_word' id='word_1_137' title='bbox 1105 3716 1204 3795; x_wconf 72' lang='grc' dir='ltr'><strong><em>κάσιν,</em></strong></span> <span class='ocrx_word' id='word_1_138' title='bbox 1220 3716 1368 3799; x_wconf 74' lang='lat' dir='ltr'><strong>fratrea,</strong></span> <span class='ocrx_word' id='word_1_139' title='bbox 1393 3716 1618 3801; x_wconf 84' lang='lat' dir='ltr'><strong>quianullum</strong></span> <span class='ocrx_word' id='word_1_140' title='bbox 1644 3741 1720 3784; x_wconf 91' lang='lat' dir='ltr'><strong>cum</strong></span> <span class='ocrx_word' id='word_1_141' title='bbox 1747 3722 1843 3787; x_wconf 81' lang='lat' dir='ltr'><strong>fratre</strong></span> 
     </span>
    </p>

    <p class='ocr_par' dir='ltr' id='par_1_13' title="bbox 648 3820 1844 4010">
     <span class='ocr_line' id='line_1_24' title="bbox 648 3820 1844 3912; baseline 0.004 -28"><span class='ocrx_word' id='word_1_142' title='bbox 648 3822 736 3894; x_wconf 78' lang='grc' dir='ltr'><strong><em>κῆδος</em></strong></span> <span class='ocrx_word' id='word_1_143' title='bbox 766 3827 834 3885; x_wconf 88' lang='lat' dir='ltr'><strong>erat</strong></span> <span class='ocrx_word' id='word_1_144' title='bbox 866 3829 922 3885; x_wconf 87' lang='lat' dir='ltr'><strong>aut</strong></span> <span class='ocrx_word' id='word_1_145' title='bbox 952 3841 1019 3884; x_wconf 87' lang='lat' dir='ltr'><strong>eeee</strong></span> <span class='ocrx_word' id='word_1_146' title='bbox 1051 3825 1178 3905; x_wconf 85' lang='lat' dir='ltr'><strong>poterat</strong></span> <span class='ocrx_word' id='word_1_147' title='bbox 1208 3820 1365 3886; x_wconf 89' lang='lat' dir='ltr'><strong>Menelao.</strong></span> <span class='ocrx_word' id='word_1_148' title='bbox 1397 3823 1491 3895; x_wconf 75' lang='grc' dir='ltr'><strong><em>Κιῑδος</em></strong></span> <span class='ocrx_word' id='word_1_149' title='bbox 1524 3825 1610 3888; x_wconf 91' lang='lat' dir='ltr'><strong>enim</strong></span> <span class='ocrx_word' id='word_1_150' title='bbox 1642 3846 1773 3912; x_wconf 83' lang='lat' dir='ltr'><strong>semper</strong></span> <span class='ocrx_word' id='word_1_151' title='bbox 1796 3834 1844 3893; x_wconf 88' lang='lat' dir='ltr'><strong>eet</strong></span> 
     </span>
     <span class='ocr_line' id='line_1_25' title="bbox 648 3926 1619 4010; baseline -0.001 -21"><span class='ocrx_word' id='word_1_152' title='bbox 648 3927 793 4009; x_wconf 73' lang='lat' dir='ltr'><strong>afficitor,</strong></span> <span class='ocrx_word' id='word_1_153' title='bbox 818 3946 995 4010; x_wconf 88' lang='lat' dir='ltr'><strong>numquam</strong></span> <span class='ocrx_word' id='word_1_154' title='bbox 1019 3926 1271 4006; x_wconf 71' lang='lat' dir='ltr'><strong>omenquioiiac.</strong></span> <span class='ocrx_word' id='word_1_155' title='bbox 1617 3951 1619 3956; x_wconf 95' lang='lat'>·</span> 
     </span>
    </p>
   </div>
   <div class='ocr_carea' id='block_1_11' title="bbox 647 4125 1842 4422">
    <p class='ocr_par' dir='ltr' id='par_1_14' title="bbox 647 4125 1842 4422">
     <span class='ocr_line' id='line_1_26' title="bbox 693 4125 1489 4214; baseline 0.005 -23"><span class='ocrx_word' id='word_1_156' title='bbox 693 4127 747 4193; x_wconf 77' lang='lat' dir='ltr'><strong>Vs.</strong></span> <span class='ocrx_word' id='word_1_157' title='bbox 775 4125 849 4193; x_wconf 80' lang='lat'>776.</span> <span class='ocrx_word' id='word_1_158' title='bbox 875 4127 948 4214; x_wconf 89' lang='lat' dir='ltr'>Pyl.</span> <span class='ocrx_word' id='word_1_159' title='bbox 974 4130 1017 4202; x_wconf 69' lang='lat' dir='ltr'><strong>uir</strong></span> <span class='ocrx_word' id='word_1_160' title='bbox 1044 4130 1124 4204; x_wconf 79' lang='grc' dir='ltr'><strong>(οὐ)</strong></span> <span class='ocrx_word' id='word_1_161' title='bbox 1150 4128 1276 4202; x_wconf 68' lang='grc' dir='ltr'><strong><em>λάβωσί</em></strong></span> <span class='ocrx_word' id='word_1_162' title='bbox 1300 4131 1327 4192; x_wconf 79' lang='grc' dir='ltr'><strong>ν’</strong></span> <span class='ocrx_word' id='word_1_163' title='bbox 1351 4130 1489 4203; x_wconf 69' lang='grc' dir='ltr'><strong><em>ἅσμενοι.</em></strong></span> 
     </span>
     <span class='ocr_line' id='line_1_27' title="bbox 647 4233 1842 4321; baseline 0.006 -23"><span class='ocrx_word' id='word_1_164' title='bbox 647 4234 765 4300; x_wconf 83' lang='lat' dir='ltr'><strong>Vereor</strong></span> <span class='ocrx_word' id='word_1_165' title='bbox 795 4255 834 4298; x_wconf 98' lang='lat' dir='ltr'><strong>ne</strong></span> <span class='ocrx_word' id='word_1_166' title='bbox 858 4233 988 4298; x_wconf 85' lang='lat' dir='ltr'><strong>Brunck</strong></span> <span class='ocrx_word' id='word_1_167' title='bbox 1010 4236 1127 4298; x_wconf 89' lang='lat' dir='ltr'><strong>iniuria</strong></span> <span class='ocrx_word' id='word_1_168' title='bbox 1152 4237 1183 4297; x_wconf 82' lang='grc' dir='ltr'><strong>οὐ</strong></span> <span class='ocrx_word' id='word_1_169' title='bbox 1210 4233 1425 4321; x_wconf 81' lang='lat' dir='ltr'><strong>suppleverit,</strong></span> <span class='ocrx_word' id='word_1_170' title='bbox 1451 4258 1513 4321; x_wconf 93' lang='lat' dir='ltr'><strong>quo</strong></span> <span class='ocrx_word' id='word_1_171' title='bbox 1537 4239 1656 4302; x_wconf 85' lang='lat' dir='ltr'><strong>omisso</strong></span> <span class='ocrx_word' id='word_1_172' title='bbox 1681 4243 1842 4305; x_wconf 81' lang='lat' dir='ltr'><strong>sententia</strong></span> 
     </span>
     <span class='ocr_line' id='line_1_28' title="bbox 648 4340 1577 4422; baseline 0 -16"><span class='ocrx_word' id='word_1_173' title='bbox 648 4349 712 4407; x_wconf 81' lang='lat' dir='ltr'><strong>cet:</strong></span> <span class='ocrx_word' id='word_1_174' title='bbox 738 4342 807 4404; x_wconf 80' lang='lat' dir='ltr'><strong>cide</strong></span> <span class='ocrx_word' id='word_1_175' title='bbox 831 4363 866 4403; x_wconf 82' lang='lat' dir='ltr'><strong>nc</strong></span> <span class='ocrx_word' id='word_1_176' title='bbox 889 4341 934 4402; x_wconf 75' lang='lat' dir='ltr'><strong>ita</strong></span> <span class='ocrx_word' id='word_1_177' title='bbox 957 4340 1144 4403; x_wconf 75' lang='lat' dir='ltr'><strong>inimicorum</strong></span> <span class='ocrx_word' id='word_1_178' title='bbox 1165 4342 1301 4403; x_wconf 65' lang='grc' dir='ltr'><strong><em>νοονιιῗόιικ</em></strong></span> <span class='ocrx_word' id='word_1_179' title='bbox 1323 4342 1387 4422; x_wconf 67' lang='lat' dir='ltr'><strong>epse</strong></span> <span class='ocrx_word' id='word_1_180' title='bbox 1411 4350 1439 4405; x_wconf 79' lang='lat' dir='ltr'><strong>tc</strong></span> <span class='ocrx_word' id='word_1_181' title='bbox 1462 4344 1577 4406; x_wconf 74' lang='lat' dir='ltr'><strong>tradar.</strong></span> 
     </span>
    </p>
   </div>
   <div class='ocr_carea' id='block_1_12' title="bbox 645 4555 1840 4852">
    <p class='ocr_par' dir='ltr' id='par_1_15' title="bbox 645 4555 1840 4852">
     <span class='ocr_line' id='line_1_29' title="bbox 692 4555 1818 4643; baseline 0.007 -21"><span class='ocrx_word' id='word_1_182' title='bbox 692 4556 745 4622; x_wconf 84' lang='lat' dir='ltr'><strong>Vs.</strong></span> <span class='ocrx_word' id='word_1_183' title='bbox 771 4556 847 4622; x_wconf 87' lang='grc'><strong>898.</strong></span> <span class='ocrx_word' id='word_1_184' title='bbox 872 4556 959 4632; x_wconf 75' lang='grc' dir='ltr'><strong><em>ἔλεξε</em></strong></span> <span class='ocrx_word' id='word_1_185' title='bbox 985 4556 1010 4618; x_wconf 92' lang='grc' dir='ltr'><strong>δ’</strong></span> <span class='ocrx_word' id='word_1_186' title='bbox 1032 4555 1252 4643; x_wconf 76' lang='lat' dir='ltr'><strong>(Teithybiue)</strong></span> <span class='ocrx_word' id='word_1_187' title='bbox 1274 4558 1344 4622; x_wconf 74' lang='grc' dir='ltr'><strong>ὑπὸ</strong></span> <span class='ocrx_word' id='word_1_188' title='bbox 1369 4566 1433 4629; x_wconf 80' lang='grc' dir='ltr'><strong><em>τοῖς</em></strong></span> <span class='ocrx_word' id='word_1_189' title='bbox 1457 4559 1667 4633; x_wconf 75' lang='grc' dir='ltr'><strong><em>δυναμένοισιν</em></strong></span> <span class='ocrx_word' id='word_1_190' title='bbox 1691 4563 1732 4627; x_wconf 79' lang='grc' dir='ltr'><strong>ὣν</strong></span> <span class='ocrx_word' id='word_1_191' title='bbox 1757 4566 1818 4630; x_wconf 70' lang='grc' dir='ltr'><strong>ἀεί.</strong></span> 
     </span>
     <span class='ocr_line' id='line_1_30' title="bbox 646 4660 1840 4753; baseline 0.004 -25"><span class='ocrx_word' id='word_1_192' title='bbox 646 4663 787 4729; x_wconf 76' lang='lat' dir='ltr'><strong>Subiecti</strong></span> <span class='ocrx_word' id='word_1_193' title='bbox 818 4683 943 4747; x_wconf 82' lang='lat' dir='ltr'><strong>semper</strong></span> <span class='ocrx_word' id='word_1_194' title='bbox 974 4660 1103 4746; x_wconf 91' lang='lat' dir='ltr'><strong>quidem</strong></span> <span class='ocrx_word' id='word_1_195' title='bbox 1135 4663 1270 4728; x_wconf 82' lang='lat' dir='ltr'><strong>subiecti</strong></span> <span class='ocrx_word' id='word_1_196' title='bbox 1302 4671 1395 4740; x_wconf 89' lang='lat' dir='ltr'><strong>eunt,</strong></span> <span class='ocrx_word' id='word_1_197' title='bbox 1428 4667 1454 4728; x_wconf 89' lang='lat' dir='ltr'><strong>ei</strong></span> <span class='ocrx_word' id='word_1_198' title='bbox 1477 4671 1584 4731; x_wconf 86' lang='lat' dir='ltr'><strong>tamen</strong></span> <span class='ocrx_word' id='word_1_199' title='bbox 1608 4669 1741 4753; x_wconf 82' lang='lat' dir='ltr'><strong>ingenio</strong></span> <span class='ocrx_word' id='word_1_200' title='bbox 1766 4677 1840 4733; x_wconf 87' lang='lat' dir='ltr'><strong>eunt</strong></span> 
     </span>
     <span class='ocr_line' id='line_1_31' title="bbox 645 4766 1838 4852; baseline 0.005 -18"><span class='ocrx_word' id='word_1_201' title='bbox 645 4768 789 4845; x_wconf 85' lang='lat' dir='ltr'><strong>liberali,</strong></span> <span class='ocrx_word' id='word_1_202' title='bbox 820 4789 881 4833; x_wconf 88' lang='lat' dir='ltr'><strong>non</strong></span> <span class='ocrx_word' id='word_1_203' title='bbox 913 4770 973 4832; x_wconf 86' lang='lat' dir='ltr'><strong>toti</strong></span> <span class='ocrx_word' id='word_1_204' title='bbox 1005 4766 1143 4852; x_wconf 84' lang='lat' dir='ltr'><strong>pendent</strong></span> <span class='ocrx_word' id='word_1_205' title='bbox 1173 4790 1192 4832; x_wconf 89' lang='lat' dir='ltr'><strong>e</strong></span> <span class='ocrx_word' id='word_1_206' title='bbox 1221 4768 1421 4834; x_wconf 92' lang='lat' dir='ltr'><strong>dominorum</strong></span> <span class='ocrx_word' id='word_1_207' title='bbox 1453 4773 1595 4836; x_wconf 82' lang='lat' dir='ltr'><strong>arbitrio.</strong></span> <span class='ocrx_word' id='word_1_208' title='bbox 1633 4772 1703 4838; x_wconf 88' lang='lat' dir='ltr'><strong>Hoc</strong></span> <span class='ocrx_word' id='word_1_209' title='bbox 1728 4785 1838 4839; x_wconf 87' lang='lat' dir='ltr'><strong>autem</strong></span> 
     </span>
    </p>
   </div>
   <div class='ocr_carea' id='block_1_13' title="bbox 0 0 2268 5942">
    <p class='ocr_par' dir='ltr' id='par_1_16' title="bbox 0 0 2268 5942">
     <span class='ocr_line' id='line_1_32' title="bbox 0 0 2268 5942; baseline 0 0"><span class='ocrx_word' id='word_1_210' title='bbox 0 0 2268 5942; x_wconf 95' lang='lat' dir='ltr'><strong> </strong></span> 
     </span>
    </p>
   </div>
  </div>
 </body>
</html>
