4525 5950
533 712 600 779 368
1050 726 1192 775 rannus.

576 896 613 960 A.
639 892 692 970 lv,
718 892 772 958 49.
804 892 943 958 Sabinus
972 891 1153 958 Thraecum
1184 890 1352 958 oastellum
1384 892 1544 979 quoddam
1567 895 1609 960 ab
1633 898 1722 960 omni

530 1006 619 1088 parte
650 1000 812 1065 inclusum
843 1004 946 1077 tenet,
969 1002 1075 1065 itaut
1098 1001 1186 1065 omni
1210 999 1370 1065 malorum
1394 1021 1510 1087 genero
1534 1003 1645 1067 miseri
1671 1002 1723 1067 ho

532 1110 635 1173 mines
658 1112 832 1172 vexentur:

579 1213 656 1292 „sed
678 1211 761 1278 nihil
784 1232 883 1297 aeque
907 1232 1003 1298 quam
1027 1215 1098 1277 sitis
1120 1212 1296 1300 fatigabat,
1317 1233 1391 1279 oum
1410 1216 1525 1301 ingene
1544 1214 1723 1281 multitudo

531 1319 741 1396 bellatorum,
772 1316 956 1383 imbellium
986 1339 1051 1384 uno
1083 1316 1207 1403 reliquo
1237 1319 1324 1384 fonte
1348 1325 1517 1385 uterentur
1524 1341 1532 1399 ;
1558 1320 1722 1406 simulque

530 1433 691 1504 armenta,
723 1431 760 1490 ut
782 1446 852 1490 mos
875 1424 1027 1502 barbaris,
1052 1427 1144 1490 iuxta
1167 1423 1290 1503 olauea,
1315 1430 1458 1513 egestate
1481 1426 1592 1513 pabuli
1620 1429 1725 1492 exani-

530 1535 630 1609 mari;
662 1531 804 1597 adiacere
841 1552 973 1617 oorpora
1007 1531 1195 1609 hominum,
1237 1553 1315 1617 quos
1350 1530 1502 1610 vulnera,
1537 1553 1618 1619 quoe
1651 1536 1724 1598 sitia

531 1644 726 1724 peremerat3
750 1635 854 1723 pollui
877 1642 992 1702 ounota
1015 1635 1101 1703 sanie
1126 1637 1220 1703 odore
1243 1638 1425 1703 oontaotu.''

576 1744 648 1810 Nou
679 1743 790 1809 dubito
821 1746 898 1830 quin
929 1765 1044 1809 verum
1072 1743 1192 1809 viderit
1222 1744 1383 1822 Ritterus,
1408 1747 1464 1831 qui
1487 1745 1583 1811 verba
1606 1753 1640 1810 at
1663 1768 1723 1809 moa

530 1851 666 1916 barbarie
697 1852 900 1936 proscripsit:
930 1869 1059 1935 prorsus
1091 1847 1195 1915 aliena
1226 1851 1301 1915 hino
1330 1853 1394 1916 ista
1424 1856 1516 1928 eunt,
1547 1854 1723 1916 nonenim
1761 1852 1764 1858 ’

530 1958 737 2024 barbarorum
769 1977 873 2022 mores
905 1956 957 2021 hio
988 1956 1220 2034 deseribuntur,
1253 1955 1307 2021 sed
1339 1955 1416 2042 quid
1440 1964 1519 2036 tuno,
1543 1956 1583 2022 ad
1607 1959 1724 2022 inuitas

425 2140 428 2145 ¹
531 2064 666 2141 redaoti,
697 2064 828 2128 feceriut
858 2083 932 2127 oum
957 2083 1084 2128 summo
1108 2083 1166 2128 suo
1188 2062 1407 2140 incommodo,
1432 2069 1588 2129 narratur.
1614 2061 1726 2130 Conse

532 2176 622 2236 ratur
644 2174 818 2256 cognatum
842 2167 1000 2234 emblema
1023 2176 1057 2233 ut
1080 2190 1141 2232 moa
1164 2169 1294 2232 oraculis
1316 2168 1399 2256 quod
1423 2190 1440 2235 e
1460 2174 1564 2255 eapite
1585 2169 1628 2235 54
1648 2169 1725 2236 libri

533 2275 564 2342 II
587 2278 776 2343 exemimus.

578 2385 616 2449 A.
642 2381 679 2462 V,
707 2382 757 2448 10.
782 2381 914 2447 Falsum
939 2381 1082 2447 Drusum
1104 2403 1295 2469 persequens
1320 2382 1486 2469 Poppaeus
1508 2381 1666 2448 Sabinus:

578 2489 797 2568 „Toronaeum
810 2487 1089 2574 Thermaeumque
1101 2492 1208 2555 sinum
1221 2490 1459 2574 praefestinare,
1469 2511 1545 2555 mox
1557 2489 1725 2556 Euboeam

533 2603 565 2663 et
584 2597 754 2674 Piraeum,
775 2596 845 2661 dein
865 2594 1087 2663 Corinthiense
1105 2595 1186 2661 litus
1203 2600 1431 2684 angustiasque
1447 2596 1565 2662 Isthmi
1581 2597 1725 2664 evadit.'’

577 2703 773 2781 Eundemne,
804 2705 860 2787 qui
891 2705 936 2767 sio
967 2704 1035 2767 eine
1066 2701 1136 2769 ullo
1159 2701 1222 2768 looi
1245 2703 1362 2768 indioio
1388 2701 1606 2769 Thermaeum
1630 2703 1727 2770 'Poro

532 2832 711 2897 nasumque
740 2812 864 2885 sinum,
897 2811 952 2895 qui
984 2815 1092 2875 tamen
1123 2809 1254 2875 fortasse
1277 2807 1457 2897 legentium
1480 2809 1582 2896 vulgo
1606 2831 1726 2897 parum

531 2921 599 2985 noti
629 2938 696 2983 esso
726 2922 917 3003 potueruut,
946 2914 1129 3002 reliquerit,
1156 2915 1363 2983 adustorum
1391 2918 1531 3005 „Aegaei
1553 2919 1654 2983 marie
1679 2921 1726 2983 in·

530 3023 669 3101 sulam’',
694 3023 733 3089 ad
757 3024 896 3087 Piraeum
920 3024 1068 3100 „Atticae
1092 3023 1185 3088 orae”
1211 3023 1413 3109 adscripsisse
1436 3021 1611 3110 putemus?
1635 3024 1725 3104 Quae

531 3133 651 3216 partim
681 3133 788 3216 inepte
819 3135 895 3194 sunt
917 3132 1098 3207 enuntiata,
1123 3131 1241 3215 partim
1265 3129 1347 3194 nihil
1370 3128 1552 3216 legentibus
1575 3139 1725 3215 prosunt.

531 3236 602 3302 Non
635 3239 743 3303 minue
775 3236 950 3301 absurdum
982 3235 1213 3321 stupidumque
1245 3234 1404 3302 emblema
1434 3235 1567 3301 sustulit
1599 3235 1654 3313 VI,
1683 3238 1724 3301 12

530 3343 743 3430 Nipperdeius
764 3364 781 3408 e
800 3343 921 3409 verbis:
946 3349 1037 3427 „post
1056 3350 1207 3408 exustum
1229 3341 1352 3425 [sociali
1371 3341 1468 3425 bello]
1488 3340 1725 3427 Capitolium.’'

576 3452 614 3516 A.
641 3450 693 3529 VI,
718 3450 772 3516 24.
797 3451 844 3516 De
865 3453 1052 3516 tristissima
1071 3451 1293 3535 dirissimaque
1314 3449 1421 3528 Drusi,
1442 3446 1626 3516 Germanioi
1654 3449 1726 3528 filii,

531 3563 633 3623 morte
656 3564 689 3623 et
712 3556 776 3622 alia
799 3563 831 3622 et
854 3557 931 3623 haee
955 3562 1143 3621 narrantur:

580 3665 709 3743 „liliam
739 3684 797 3729 sua
829 3664 927 3729 verba
957 3666 1101 3728 centurio
1130 3665 1283 3729 saevitiae
1306 3660 1417 3747 plena,
1443 3669 1609 3748 tamquam
1633 3684 1726 3750 egre-

531 3775 643 3859 gium,
674 3791 828 3856 vocesque
860 3768 1035 3835 deficientis
1058 3771 1232 3848 adiecerat,
1257 3772 1329 3855 quie
1352 3772 1456 3855 primo
1481 3769 1725 3853 [alienationem

532 3881 649 3944 mentis
668 3875 837 3960 simulans]
857 3879 948 3963 quasi
967 3898 1024 3963 per
1044 3876 1238 3943 dementiam
1259 3875 1384 3941 funesta
1396 3876 1541 3953 Tiberio,
1557 3897 1650 3958 mox,
1667 3879 1725 3942 ubi

530 4005 641 4071 exspes
662 3987 748 4050 vitae
768 3983 847 4061 fuit,
871 3984 1042 4048 meditatas
1065 3986 1320 4069 compositasque
1345 3982 1429 4047 diras
1450 3984 1724 4067 impreoabatur.''

577 4092 639 4157 Hie
670 4099 778 4157 tamen
810 4091 947 4157 editores
979 4112 1102 4157 morem
1134 4098 1251 4178 gerunt
1280 4090 1432 4155 Bahrdtio
1454 4090 1630 4155 absurdum
1655 4113 1728 4156 ver·

533 4201 645 4265 borum
678 4198 765 4284 queri
793 4221 847 4281 per
878 4199 1051 4262 dementiam
1082 4200 1405 4283 interpretamentum
1434 4196 1557 4262 inoludi
1587 4197 1726 4263 iubenti.

531 4305 592 4372 Sed
615 4309 649 4371 in
672 4309 740 4393 ipso
763 4308 953 4371 narrationis
977 4307 1070 4370 initio
1093 4305 1349 4371 additamentum
1373 4304 1641 4391 deprehendimus
1661 4327 1727 4372 non

533 4416 641 4478 minue
665 4416 906 4499 importunum:

580 4519 725 4598 „Drusus
756 4519 868 4586 deinde
899 4520 1129 4601 exstinguitur,
1162 4540 1233 4586 oum
1268 4540 1301 4584 ee
1335 4518 1524 4584 miserandis
1548 4518 1727 4599 alimentis,

534 4626 725 4709 [mandendo
750 4647 766 4690 e
789 4624 889 4691 cubili
913 4622 1069 4711 tomento]
1094 4646 1213 4689 nonum
1239 4624 1277 4690 ad
1302 4625 1387 4690 diem
1411 4624 1632 4690 detinuisset.”

577 4729 668 4795 Unde
687 4730 775 4795 istud
795 4732 909 4796 habeat
927 4729 1044 4796 soiolue
1057 4733 1176 4807 neseio,
1193 4732 1415 4817 perturbatum
1428 4736 1524 4816 atque
1536 4738 1727 4817 corruptum

535 4838 573 4903 ab
597 4859 634 4903 eo
659 4858 839 4902 sermonem
862 4835 1029 4902 Taoiteum
1052 4842 1137 4902 nerto
1161 4839 1235 4902 seio.
