4525 5950
531 630 597 695 404
1059 645 1196 693 crunnus.

575 811 643 877 858
680 811 748 889 „Ne
767 812 837 877 Iovi
856 810 987 896 quidem
1006 809 1090 875 cedit
1109 809 1299 896 Augustus''
1320 815 1414 894 posta
1426 806 1593 874 declamat
1607 809 1729 885 „immo

532 923 661 1002 superat
683 918 791 982 eum”.
815 917 899 982 Tum
924 919 969 982 sic
992 918 1117 1004 pergit:

1264 1018 1410 1105 luppiter
1430 1039 1520 1084 arces

666 1126 837 1212 Temperat
860 1128 1016 1192 aetherias
1039 1132 1073 1192 et
1095 1125 1210 1190 mundi
1233 1145 1332 1210 regna
1356 1125 1517 1191 triformis

668 1232 766 1298 Terra
789 1235 848 1298 sub
872 1235 1032 1320 Augusto.

533 1339 634 1420 Quid,
666 1340 810 1416 obsecro,
842 1341 894 1404 hio
925 1339 1121 1404 adiectivum
1151 1360 1182 1423 q.
1202 1359 1229 1404 e.
1264 1338 1414 1424 trasconis
1443 1336 1633 1424 significat,
1656 1336 1733 1422 quid

533 1446 662 1510 omnino
693 1449 797 1530 potest
826 1444 1006 1530 significare
1036 1448 1075 1509 ut
1106 1450 1179 1528 apte
1210 1445 1295 1508 inter
1318 1464 1351 1508 se
1375 1448 1584 1528 opponantur
1607 1443 1734 1506 nanda

534 1549 686 1634 triformis
708 1556 741 1615 et
764 1557 864 1627 terra,
888 1570 970 1634 quae
992 1551 1032 1614 ab
1055 1550 1206 1635 Augusto
1228 1546 1375 1636 regiturl

581 1655 747 1721 Habemus
777 1658 881 1743 igitur
901 1658 933 1720 in
959 1655 1076 1721 ultima
1098 1660 1188 1740 parte
1211 1655 1536 1740 Metamorphoseon,
1562 1674 1650 1740 quae
1672 1658 1736 1719 tota

535 1766 584 1826 est
614 1760 704 1825 2300
732 1761 798 1827 fere
820 1782 989 1840 versrmm,
1015 1783 1078 1826 non
1102 1763 1211 1826 minus
1235 1760 1278 1824 64
1302 1763 1384 1826 vitia
1406 1759 1590 1826 admodum
1614 1763 1734 1847 gravia

536 1866 608 1932 Non
637 1872 747 1932 tantus
779 1868 831 1932 hio
861 1873 909 1933 est
940 1887 1094 1932 numerus
1117 1874 1155 1932 nt
1177 1865 1377 1932 incredibilis
1401 1866 1526 1944 rideri,
1551 1866 1613 1932 sed
1635 1864 1734 1932 multo

537 1976 640 2039 maior
663 1995 758 2058 quam
784 1980 822 2039 ut
844 1975 926 2040 bono
949 1979 1061 2061 poetae
1083 1976 1211 2061 ignosci
1234 1976 1343 2060 possit.

1026 2522 1169 2591 CAPUT
1192 2522 1244 2589 IV.

692 2737 734 2783 Dll
756 2736 1055 2787 ususmosrflossos
1079 2737 1273 2786 INVEN'HONR
1294 2739 1335 2786 B'l'
1357 2735 1592 2785 omPosmoss.

588 2936 744 3003 Severum
776 2938 917 3024 profecto
941 2939 1093 3006 adversus
1117 2939 1270 3007 Ovidium
1293 2941 1439 3025 proximo
1461 2940 1573 3025 capite
1597 2939 1652 3027 egi
1675 2959 1736 3004 oen

542 3064 663 3119 sorem,
701 3065 785 3109 nnnc
819 3045 859 3110 ad
893 3044 1004 3111 laudes
1039 3048 1108 3111 eius
1139 3046 1243 3111 redeo.
1276 3045 1313 3110 In
1343 3046 1459 3130 quibus
1492 3044 1604 3111 multo
1635 3065 1736 3111 versor

541 3148 722 3227 lubentius,
758 3171 899 3236 quasque
932 3154 966 3215 in
1001 3150 1086 3217 clara
1119 3173 1235 3237 ponere
1269 3151 1340 3216 luce
1376 3149 1480 3215 multo
1515 3156 1567 3215 ost
1603 3149 1735 3216 facilius.

544 3253 706 3338 Quidquid
735 3261 845 3320 autem
877 3258 910 3319 in
941 3256 1252 3342 Metamorphosesin
1275 3255 1403 3332 laudas,
1429 3260 1497 3320 tota
1519 3254 1616 3341 longi
1639 3258 1737 3340 operis

543 3360 712 3444 dispositio
736 3360 789 3427 vel
812 3364 954 3427 maximo
979 3369 1028 3428 est
1050 3362 1150 3449 digna
1173 3364 1349 3447 praeconio.
1374 3361 1442 3440 Qua
1464 3359 1620 3426 effectum
1639 3365 1738 3425 estut

543 3465 624 3531 liber
653 3465 727 3544 ille,
759 3489 869 3533 omnes
892 3468 965 3533 inde
987 3490 1006 3533 a
1029 3468 1150 3533 mundo
1173 3474 1278 3534 creato
1301 3488 1402 3551 usque
1425 3466 1464 3532 ad
1490 3467 1639 3552 Augusti
1662 3487 1738 3531 mor·

543 3566 609 3635 tem
640 3594 809 3658 corporum
840 3577 1035 3639 mutationes
1057 3573 1261 3659 complexus,
1285 3593 1387 3658 neque
1409 3574 1443 3636 in
1466 3574 1670 3638 immensum
1693 3594 1738 3637 ex·

544 3685 714 3756 cresceret,
746 3686 796 3756 et,
828 3702 903 3745 cum
936 3688 1044 3746 tamen
1075 3680 1129 3747 vel
1160 3683 1206 3745 sic
1238 3682 1316 3744 satis
1347 3677 1475 3764 amplus
1500 3682 1660 3757 evaserit,
1683 3700 1738 3743 non

546 3782 651 3847 solum
674 3787 742 3849 sine
765 3785 868 3851 taedio
893 3785 1015 3871 perlegi
1038 3788 1140 3871 possit
1163 3786 1337 3851 sedetiam
1358 3790 1486 3849 tantum
1506 3805 1572 3849 non
1594 3785 1635 3850 ab
1652 3786 1740 3848 initio

548 3892 711 3981 usquead
736 3892 831 3957 finem
855 3891 1022 3957 dulcedine
1045 3912 1103 3957 sua
1125 3890 1289 3978 legentem
1313 3891 1462 3955 detineat.
1488 3888 1560 3969 Qua
1584 3896 1654 3955 arte
1676 3891 1741 3975 qui·

546 4003 670 4087 busque
693 4000 836 4065 artificiis
859 4020 895 4063 eo
920 3997 1054 4063 Ovidius
1077 3999 1273 4082 pervenerit,
1297 3995 1374 4062 licet
1395 4001 1488 4060 antea
1506 3997 1575 4059 iam
1596 3996 1740 4070 dixerim,

547 4112 685 4184 iterum,
717 4106 772 4171 sed
801 4104 897 4190 paulo
920 4106 1117 4181 accuratius,
1142 4125 1216 4169 mox
1241 4123 1408 4188 exponam.
1431 4098 1477 4166 At
1500 4122 1609 4178 nunc,
1632 4123 1673 4167 ne
1694 4100 1740 4165 ad·

548 4216 704 4281 versarios
727 4212 809 4276 mihi
832 4213 988 4287 excitem,
1013 4209 1188 4275 clamantes
1208 4214 1327 4273 temere
1346 4229 1399 4272 me
1418 4205 1576 4274 Ovidium
1596 4205 1741 4272 laudibus

548 4342 676 4397 ornare,
710 4320 766 4403 qui
796 4339 860 4382 non
892 4323 984 4383 antea
1007 4314 1118 4381 sedulo
1138 4316 1364 4401 investigarim
1387 4313 1462 4398 quid
1487 4312 1577 4397 apud
1601 4320 1741 4378 auctores

548 4448 624 4494 suos
642 4428 804 4492 inuenerit
823 4423 972 4502 Ovidius,
994 4423 1069 4507 quid
1090 4423 1282 4508 excogitarit
1301 4423 1384 4505 ipse,
1403 4418 1462 4484 illa
1480 4426 1594 4484 autem
1609 4440 1660 4485 res
1672 4439 1740 4484 oum

549 4535 588 4600 ad
618 4540 743 4599 certum
772 4540 926 4597 eventum
951 4550 1053 4614 neque
1075 4528 1229 4614 perducta
1252 4530 1295 4591 sit
1318 4547 1418 4611 neque
1441 4525 1578 4590 fortasse
1603 4544 1741 4608 unquam

548 4639 679 4725 perduoi
714 4638 833 4721 possit,
867 4635 1040 4721 indignum
1070 4655 1139 4699 esse
1168 4636 1238 4698 viro
1268 4633 1362 4697 docto
1392 4633 1564 4718 negotium
1597 4630 1741 4717 pulchros

549 4767 566 4810 e
598 4742 907 4827 Metamorphosesin
937 4739 1022 4806 locos
1053 4739 1204 4825 colligere
1235 4745 1330 4823 atque
1361 4737 1545 4822 disponere,
1578 4743 1740 4822 tamquam
