4525 5950
532 702 598 767 420
1002 719 1245 768 nnuosrnnuns.

532 883 631 949 semel
662 884 794 948 fortasse
827 886 893 948 sine
917 883 990 948 labe
1013 886 1131 950 evasit:
1156 882 1240 949 Fals.
1264 884 1342 971 Lag.
1366 883 1459 969 §341
1485 907 1516 970 p.
1540 885 1631 950 450:
1657 886 1729 959 ὑμῖν

532 999 596 1062 τοῖς
620 997 745 1061 πολλοῖς
770 990 821 1054 nal
846 989 968 1054 πάντων
993 990 1101 1068 κυρίοις
1127 991 1170 1055 rot
1193 993 1289 1055 λοιποὶ
1312 998 1407 1056 ποιεῖν
1430 990 1646 1069 βουλήσεται,
1674 990 1729 1056 sed

532 1103 581 1163 sat
608 1096 708 1162 multi
738 1096 800 1162 loci
824 1118 899 1162 cum
923 1100 1004 1163 vitio
1028 1097 1214 1163 ambulant:
1239 1097 1320 1163 Mid.
1345 1100 1362 1183 ξ
1385 1097 1448 1164 183
1472 1120 1503 1183 p.
1528 1095 1617 1163 573:
1642 1096 1729 1163 οὐδὲν

532 1208 615 1285 ῥῆμιι
639 1204 731 1274 οὕτως
758 1204 802 1269 ἐπὶ
827 1213 889 1276 τοῖς
914 1213 1040 1276 πολλοῖς
1066 1206 1082 1267 d
1091 1211 1170 1279 μῶν
1191 1203 1346 1285 χαλεπόν.
1372 1205 1453 1270 Mid.
1473 1205 1570 1290 §211
1595 1228 1627 1291 p.
1642 1204 1729 1270 582:

533 1310 570 1376 ica
602 1310 655 1376 ica
687 1311 839 1385 ιιτιὶοιιποιι
872 1319 933 1384 τοῖς
967 1320 1092 1383 πολλοῖς
1126 1312 1241 1388 ὑμῶν.
1273 1311 1353 1376 Mid.
1385 1310 1487 1396 §159
1517 1333 1548 1397 p.
1576 1310 1667 1377 566:
1700 1311 1730 1375 ἐν

532 1420 649 1490 τούτοις
673 1415 710 1482 ὦν
733 1417 842 1493 eluso
867 1425 928 1488 τοῖς
955 1426 1078 1489 πολλοῖς
1104 1418 1217 1492 ὑμῶν.
1242 1419 1375 1484 Androt.
1400 1418 1478 1503 §30
1499 1441 1529 1504 p.
1551 1416 1639 1483 602:
1666 1426 1729 1490 τοῖς

533 1533 658 1595 πολλοῖς
692 1524 794 1598 ὑμῶν
831 1524 894 1602 ἐξὸν
927 1524 1030 1601 λέγειν
1055 1526 1087 1588 οὐ
1112 1524 1236 1601 λέγειν.
1266 1523 1356 1605 Quod
1380 1526 1514 1590 incurrit
1536 1526 1574 1588 in
1599 1523 1731 1601 oeulos,

532 1633 720 1697 accusativo
750 1651 825 1696 casu
855 1637 939 1696 reete
970 1628 1091 1718 legitur
1120 1630 1272 1699 Oherson.
1304 1631 1417 1716 §lp
1443 1630 1505 1696 90:
1538 1631 1627 1705 ὑμᾶς
1660 1632 1731 1702 τοὺς

532 1740 665 1808 πολλοὺς
691 1737 738 1801 δεῖ
758 1743 862 1802 τοῦτο
887 1738 1096 1819 ψηφίζεσθαι,
1120 1738 1175 1804 sed
1198 1737 1425 1825 corrigendum
1448 1744 1497 1803 est
1518 1737 1606 1803 Mid.
1632 1736 1732 1822 §159

533 1865 563 1930 p.
589 1842 670 1908 ott:
694 1845 746 1908 οὐκ
770 1839 824 1908 οἶδ’
848 1838 866 1907 ὅ
887 1868 915 1908 τι
939 1845 1009 1916 τοὺς
1033 1847 1167 1916 πολλοὺς
1194 1844 1297 1921 ὑμῶν
1321 1848 1448 1924 ὠφελοῖ.
1473 1842 1565 1909 Alibi
1592 1844 1634 1910 ad
1659 1865 1731 1910 eam

530 1951 687 2016 rationem
723 1971 820 2036 quam
854 1953 1037 2017 existimare
1073 1951 1222 2036 perfacile
1256 1958 1322 2029 est,
1351 1957 1436 2017 recte
1465 1949 1593 2037 legitur
1625 1949 1732 2017 veluti

532 2056 615 2122 Fals.
647 2056 725 2144 Lag.
757 2056 815 2141 §9
846 2079 877 2142 p.
911 2057 993 2122 343:
1028 2061 1273 2135 μνημονεύοντος
1307 2058 1388 2133 ὑμῶν
1417 2056 1485 2128 τοὺς
1512 2057 1654 2128 πολλούς
1681 2055 1730 2123 vel

532 2161 669 2227 Timocr.
694 2164 712 2247 ξ
733 2162 798 2227 198
821 2186 852 2248 p.
879 2162 960 2230 762:
986 2164 1036 2228 διὰ
1062 2166 1142 2241 ὑμᾶς
1168 2163 1237 2236 τοὺς
1262 2163 1425 2241 λέγοντος.
1456 2162 1520 2228 Sed
1542 2163 1729 2228 emendatio

532 2274 600 2333 tam
631 2273 717 2333 certa
741 2289 837 2353 quem
862 2268 965 2335 facilis
988 2277 1036 2334 est
1059 2268 1197 2335 Timocr.
1222 2271 1239 2354 ξ
1260 2270 1279 2335 7
1304 2292 1335 2354 p.
1362 2268 1444 2334 702:
1468 2268 1520 2333 διὰ
1546 2270 1621 2339 τοὺς
1648 2268 1729 2333 tract·

532 2372 640 2454 ζονπος
674 2374 795 2453 ὑμῶν,
825 2374 915 2461 lege:
942 2376 1066 2452 ὑμᾶς,
1092 2379 1189 2441 sicuti
1212 2375 1293 2441 Mid.
1319 2378 1336 2460 ᾖ
1359 2375 1422 2439 112
1445 2397 1476 2460 p.
1502 2373 1591 2440 551:
1619 2378 1653 2440 οὗ
1677 2376 1726 2451 με’·

532 2505 597 2549 πεςι
632 2483 689 2545 τῶν
714 2480 784 2545 ῖουν
809 2482 880 2559 πρὸς
905 2484 974 2550 τοὺς
999 2486 1161 2554 πλουσίους
1186 2491 1247 2553 τοῖς
1273 2489 1388 2553 λοιποῖς
1414 2483 1431 2556 ἦ
1440 2487 1520 2556 μῶν
1529 2529 1538 2559 ,
1565 2480 1724 2568 'l'aylorue
1764 2518 1765 2531 ι

533 2590 624 2653 cuius
648 2608 781 2653 acumen
804 2587 954 2672 equidem
976 2591 1010 2652 in
1034 2588 1101 2653 dies
1123 2586 1227 2673 pluris
1249 2588 1351 2653 iacere
1374 2586 1486 2666 didici,
1511 2590 1640 2672 optime
1664 2607 1723 2653 cor

532 2695 618 2759 rexit
646 2694 752 2769 ἡμῖν.
785 2695 928 2781 Aristog.
960 2693 974 2758 I
1005 2692 1084 2779 §81
1118 2715 1150 2780 p.
1176 2693 1257 2760 794:
1291 2690 1312 2758 a
1343 2693 1427 2758 κοινοὶ
1458 2697 1557 2757 ποῖοιν
1590 2696 1721 2776 ὑπάρχει

533 2808 595 2872 ποῖς
627 2798 858 2880 ἀγωνιζομένοις
891 2800 977 2879 πυροὶ
1010 2807 1063 2872 τῆς
1094 2807 1152 2864 τῶν
1179 2797 1314 2864 ἄλλον
1340 2800 1421 2875 ὑμῶν
1442 2801 1588 2879 Φύσεως,
1614 2801 1721 2867 malim

532 2913 590 2970 τῶν
621 2912 777 2969 πολλῶν
809 2906 901 2983 ὑμῶν.
935 2906 1031 2972 Recte
1061 2912 1170 2971 autem
1197 2905 1330 2993 legitur,
1357 2927 1431 2971 nam
1455 2904 1554 2993 longe
1581 2907 1721 2975 diversus

535 3033 646 3078 sensus
674 3019 739 3088 est,
772 3034 820 3098 pr.
852 3013 983 3077 Phorm.
1017 3011 1096 3097 §28
1128 3034 1159 3099 p.
1184 3011 1267 3078 953:
1300 3012 1360 3077 οὐδ’
1384 3011 1477 3077 οὑτοι
1510 3012 1642 3086 λέληθεν
1666 3013 1720 3079 oei·

534 3120 614 3194 ὑμῶν
646 3118 777 3189 πολλούς
809 3124 842 3184 et
873 3117 955 3204 §57
988 3141 1019 3204 p.
1044 3117 1127 3184 961:
1160 3119 1309 3200 χρήσιμος
1335 3119 1466 3196 γεγονὼς
1493 3128 1531 3198 τῇ
1558 3120 1650 3185 πόλει
1675 3117 1719 3183 νοοῖ

535 3233 660 3296 πολλοῖς
694 3223 786 3302 ὑμῶν.
821 3225 871 3290 Ad
902 3225 983 3290 hanc
1012 3224 1119 3291 lucem
1148 3228 1288 3291 iuniores
1319 3245 1416 3311 quam
1447 3223 1612 3310 plurimos
1641 3225 1719 3292 locos

535 3331 624 3397 nullo
647 3334 776 3419 negotio
800 3331 913 3398 addere
937 3337 1097 3418 poterunt.

578 3545 596 3628 ᾗ
618 3543 681 3608 145
705 3566 737 3629 p.
762 3543 837 3609 561.
871 3543 961 3624 Quod
985 3544 1023 3610 de
1046 3543 1224 3622 indocile,
1249 3544 1287 3610 de
1312 3544 1483 3623 Aeschine,
1507 3546 1547 3611 de
1572 3546 1718 3635 Lycurgo

533 3670 642 3716 omnes
666 3652 886 3726 consentiunt,
910 3671 962 3715 eos
985 3649 1078 3716 valde
1100 3653 1276 3716 incuriosos
1295 3650 1394 3715 inisse
1413 3651 1569 3718 historiae
1588 3657 1719 3740 patriae,
1764 3731 1765 3752 χ

533 3756 619 3821 idem
649 3777 774 3841 quoque
806 3755 843 3821 de
876 3755 1089 3823 Demosthene
1120 3757 1223 3835 velet,
1254 3760 1288 3822 in
1311 3777 1373 3842 quo
1397 3777 1472 3821 cum
1497 3758 1607 3828 ἐσθλὸς
1632 3759 1720 3826 sitin

532 3859 657 3940 ἄλλοις,
690 3864 752 3927 viri
784 3862 868 3927 docti
898 3869 1010 3948 sponte
1041 3863 1275 3950 praetervident
1305 3862 1390 3949 quod
1412 3870 1480 3927 tam
1504 3866 1655 3932 animose
1677 3886 1721 3930 ex·

532 3970 658 4054 agitant
676 3970 710 4032 in
729 3967 810 4032 aliis.
831 3967 979 4034 Facundo
999 3968 1156 4035 declamat
1175 3969 1213 4035 de
1232 3968 1422 4033 Marathone
1442 3973 1475 4033 et
1495 3968 1720 4047 deSalamine,

533 4074 611 4139 bene
642 4077 734 4138 novit
765 4074 908 4159 Philippi
937 4078 1023 4162 regis
1053 4083 1085 4141 et
1107 4074 1294 4161 aequalium
1317 4096 1367 4140 res
1389 4082 1515 4160 gestas;
1542 4078 1602 4144 sed
1626 4079 1721 4145 sicubi

533 4182 603 4266 agit
626 4179 664 4245 de
687 4180 781 4245 rebus
805 4187 878 4245 ante
902 4201 935 4245 se
957 4187 1069 4245 natum
1090 4184 1185 4259 actis,
1207 4201 1304 4265 supra
1322 4179 1490 4245 indoctum
1509 4182 1638 4271 vulgus
1649 4182 1723 4251 nihil

532 4289 616 4371 sapit
647 4292 680 4351 et
711 4288 867 4350 sentimus
897 4286 1049 4352 historica
1079 4287 1186 4353 studia
1217 4308 1345 4372 prorsus
1376 4285 1524 4373 neglecta
1556 4290 1661 4359 fuisse
1692 4292 1721 4355 in

533 4391 699 4457 rhetorum
724 4391 857 4468 scholis,
882 4412 959 4478 quas
982 4393 1209 4478 frequentavit.
1233 4392 1391 4479 Exemplo
1415 4392 1499 4457 mihi
1522 4402 1574 4460 est
1593 4396 1720 4462 Alcibirr

501 4569 505 4576 ,
534 4495 583 4561 dis
614 4500 699 4576 vita,
732 4518 811 4582 quae
841 4501 874 4562 in
906 4498 1047 4563 Midiana
1071 4504 1137 4564 tam
1162 4498 1311 4584 perplexe
1335 4505 1512 4577 enarratur,
1539 4508 1721 4589 temporum

413 4674 416 4682 ,
533 4602 642 4669 ordine
671 4603 890 4670 incredibilem
914 4606 947 4669 in
972 4603 1105 4670 modum
1128 4605 1291 4692 neglecto,
1316 4612 1369 4681 ut,
1393 4607 1455 4669 nisi
1478 4604 1615 4675 aliunde
1638 4610 1721 4676 nobis

533 4707 654 4793 plenior
685 4712 798 4774 notitia
828 4718 1027 4796 suppeteret,
1060 4733 1121 4776 non
1152 4719 1249 4795 capnt
1281 4731 1299 4774 a
1331 4709 1463 4794 pedibus
1486 4733 1661 4796 possemne
1682 4714 1722 4780 di·

532 4834 693 4900 gnoscere.
717 4812 834 4879 Totum
855 4815 962 4881 locum
984 4816 1158 4882 describere
1177 4817 1313 4902 longum
1334 4822 1382 4881 est
1400 4821 1432 4882 et
1451 4815 1630 4885 lectoribus
1649 4823 1722 4886 meis
