4525 5950
919 703 1159 753 nnuosrnnrns.
1568 689 1631 756 301

484 867 597 953 §212
628 890 659 954 p.
691 866 775 932 298:
807 873 872 938 πῶς
904 866 942 932 ἂν
973 862 1063 949 (οὖν)
1095 870 1245 948 ὠμότερος
1276 871 1474 951 συκοφάντης
1505 872 1636 948 γένοιτο.

430 973 614 1040 Inserenda
637 975 817 1039 coniunctio
840 979 900 1039 est.

487 1195 508 1278 ξ
529 1191 596 1257 215
619 1215 651 1278 p.
677 1192 760 1258 300:
791 1192 833 1257 τοὶ
857 1193 931 1270 παρ’
955 1194 1061 1266 αὐτοῖς
1084 1193 1136 1258 sal
1159 1197 1237 1259 ποῖον
1263 1193 1289 1258 δ’
1313 1195 1343 1257 ἐν
1366 1195 1479 1274 rarle!
1502 1203 1631 1278 Φολοονιῦ

435 1297 615 1382 [παῖδας
637 1300 704 1363 sal
727 1303 959 1383 γννοοῖοοοος].
980 1299 1098 1379 Quidni
1121 1299 1263 1366 BlassIus
1283 1300 1634 1368 Harwerdenoobsecu-

434 1413 495 1470 tus
517 1410 566 1470 ast
585 1407 763 1471 rectissime
779 1404 899 1472 delenti
911 1405 1026 1479 ποοῑδοος
1041 1407 1093 1470 nai
1106 1415 1260 1483 γονονῑκοις
1277 1408 1388 1473 Mser.
1405 1406 1490 1475 1875
1504 1431 1534 1494 p.
1551 1407 1635 1474 130?

486 1616 506 1698 ξ
528 1613 596 1678 244
618 1636 649 1700 p.
674 1613 758 1679 308:
783 1615 850 1680 οὐδὲ
873 1617 928 1690 την
953 1613 1048 1691 ἦττον
1073 1617 1103 1679 ἐν
1127 1615 1220 1680 οὐδενὶ
1246 1622 1304 1680 τῶν
1328 1619 1401 1696 παρ’
1425 1617 1513 1693 ἐμοὶ
1538 1642 1634 1694 γεγο-

436 1727 529 1784 avias
561 1720 703 1798 eripiam
733 1729 772 1801 τῇ
804 1721 904 1786 πόλει.
937 1721 1073 1787 Prorsus
1104 1724 1318 1787 necessarium
1350 1722 1448 1789 duco:
1480 1726 1538 1790 τῶν
1562 1731 1636 1805 ποορ·

438 1823 531 1903 ἐμέ,
564 1846 628 1910 quo
653 1846 746 1891 sensu
769 1848 801 1893 v.
825 1847 852 1892 c.
878 1828 1031 1893 scribitur
1052 1830 1085 1892 in
1109 1830 1227 1892 vicinia
1250 1830 1269 1913 ᾖ
1289 1827 1356 1893 232
1381 1851 1412 1914 p.
1438 1829 1521 1894 305:
1554 1830 1636 1895 πάνυ

437 1930 506 2009 γὰρ
530 1931 616 2009 ποοροὶ
640 1936 729 1998 τοῦτο
752 1934 881 2011 γέγονεν
900 1934 943 1997 τοὶ
964 1939 1022 1997 τῶν
1044 1933 1210 2011 Ἑλλήνων,
1238 1934 1263 1998 ei
1284 1934 1367 1998 τουτὶ
1389 1936 1423 1998 τὸ
1443 1940 1526 2015 ῥῆμα
1548 1936 1634 1998 οὲλλοὶ

437 2038 486 2112 μη
518 2038 602 2101 τουτὶ
632 2037 791 2118 διελέχθην
816 2040 895 2117 ἐγώ,
921 2038 938 2114 ἢ
960 2038 1036 2118 δευρὶ
1061 2040 1116 2113 την
1140 2047 1233 2120 χεῖρον
1258 2041 1346 2105 ἀλλὰ
1369 2043 1413 2117 μη
1437 2040 1514 2120 δευρὶ
1540 2043 1634 2120 πορη-

437 2166 552 2220 νεγκο.
586 2143 668 2208 Item
697 2143 778 2209 Mid.
810 2144 889 2228 §61
915 2166 946 2230 p.
972 2144 1055 2210 534:
1080 2146 1139 2211 τῶν
1163 2147 1220 2223 μὶν
1244 2145 1391 2212 sissinius
1414 2148 1500 2227 παρὰ
1524 2152 1632 2212 τοῦτ’

438 2249 581 2325 οἰομένων
606 2256 756 2329 χορηγῶν,
780 2249 875 2338 longe
899 2251 1041 2337 praefero
1064 2254 1150 2330 ποιροὶ
1174 2258 1335 2331 τοῦτον,
1358 2275 1435 2318 nam
1457 2274 1560 2319 sermo
1585 2260 1634 2320 est

437 2355 478 2421 de
515 2355 657 2420 Aristide
691 2357 847 2441 quodam,
883 2359 940 2441 qui
970 2356 1048 2423 olim
1080 2357 1306 2424 celeberrimus
1337 2360 1490 2425 chorauta
1520 2361 1634 2426 suerat.

438 2461 539 2526 Recte
562 2460 780 2526 Buttmannus
802 2465 837 2526 in
858 2461 966 2528 Indice
989 2485 1019 2548 p.
1047 2462 1109 2528 191
1136 2464 1227 2529 docet
1250 2464 1336 2542 πωροὶ
1362 2486 1445 2541 „non
1470 2471 1537 2530 tam
1560 2468 1636 2531 sim-

440 2566 571 2653 pliciter
592 2587 721 2632 cansam
745 2570 813 2634 sive
835 2571 995 2634 rationem
1018 2569 1175 2647 indicare,
1206 2569 1261 2636 sed
1284 2573 1331 2636 rei
1354 2578 1557 2637 momentum
1580 2571 1634 2638 vel

441 2694 555 2739 ansam
589 2679 663 2753 (roae
694 2675 753 2737 deo
783 2674 949 2755 Ανοοοοίορ
976 2675 1054 2756 piot)
1085 2680 1117 2740 et
1148 2674 1230 2740 illud
1261 2679 1329 2742 sine
1353 2699 1416 2762 quo
1440 2698 1515 2743 vera
1539 2698 1633 2743 causa

438 2780 553 2846 efficax
582 2801 646 2844 non
678 2779 792 2845 foret.”
825 2779 960 2866 Operose
990 2781 1050 2846 hoc
1082 2781 1206 2846 dictum
1238 2790 1301 2861 est,
1325 2784 1379 2847 sed
1403 2804 1533 2848 sensum
1557 2786 1634 2849 satis

438 2886 652 2970 assequimur,
684 2905 800 2971 nempe
832 2887 963 2974 ohoragi
991 2885 1160 2952 credebant
1183 2909 1217 2953 se
1240 2890 1347 2974 absque
1369 2889 1511 2955 Aristide
1534 2891 1634 2955 victo·

436 2996 524 3058 riam
546 2993 718 3078 οωνοίονοοο
741 3013 832 3077 posse
855 2993 998 3078 adipisci.
1023 2993 1169 3079 Itemque
1193 2995 1335 3082 Aristog.
1359 2995 1374 3059 I
1396 2998 1414 3080 ξ
1434 2996 1476 3060 45
1496 3018 1527 3082 p.
1548 2994 1629 3061 784:

436 3105 499 3162 τῶν
529 3096 594 3177 γὰρ
624 3097 727 3162 ἄλλων
752 3098 900 3162 οἱποίντων
923 3099 976 3162 καὶ
1001 3100 1188 3176 Φρονούντων
1212 3092 1233 3164 ἃ
1258 3100 1306 3164 δεῖ
1327 3103 1380 3163 κω)
1404 3101 1629 3178 Φνλωττδντων

437 3204 514 3274 τοὺς
539 3203 662 3282 νόμους,
687 3204 767 3268 οὐδὲν
791 3204 829 3269 ἂν
854 3205 940 3283 ποιροὶ
963 3209 1071 3268 τοῦτ’
1091 3201 1178 3280 οἶμον
1198 3205 1360 3284 γενέσθαι,
1379 3209 1521 3291 requiro:
1542 3208 1629 3285 πωρον

436 3315 594 3375 τοῦτον.
629 3310 759 3376 Nubem
793 3309 1016 3395 exemplorum
1051 3311 1125 3376 vida
1160 3311 1244 3396 apud
1275 3312 1560 3399 Wyttsnbaohium
1592 3313 1631 3377 ad

437 3415 530 3480 Plut.
562 3414 679 3480 Moral.
699 3437 743 3501 ⁴p.
774 3415 857 3481 85ss
889 3424 921 3481 et
956 3414 1019 3482 177
1033 3415 1071 3493 D,
1104 3420 1160 3501 qui
1191 3424 1299 3483 tamen
1330 3439 1453 3482 memor
1483 3419 1632 3483 nonfuit

437 3520 557 3585 Iuliani
581 3523 632 3585 sui
655 3542 686 3606 p.
712 3520 834 3586 22413:
859 3526 949 3586 τοῦτο
970 3520 996 3585 δ’
1017 3524 1049 3586 οὗ
1070 3528 1143 3600 ποορ·
1165 3524 1249 3598 ὑμᾶς
1270 3525 1434 3601 γίγνεται,
1455 3525 1529 3601 παρ’
1548 3526 1631 3599 ἡμᾶς

438 3627 493 3691 δέ·
518 3627 708 3704 συνετώτερον
735 3627 797 3704 γάρ
821 3628 912 3703 ἔσμεν
938 3633 996 3691 τῶν
1020 3628 1152 3701 ἀνοήτων
1177 3628 1304 3693 ἐκείνων.
1325 3628 1387 3694 Sed
1406 3627 1631 3695 Callicratidas

436 3740 556 3799 notum
576 3738 640 3798 est:
661 3734 693 3797 od
713 3734 777 3812 πὰρ
796 3730 849 3797 ἕνον
870 3732 932 3801 isio
952 3734 973 3798 οὶ
995 3733 1139 3815 Σπάρτοι.
1161 3734 1325 3820 Imprimis
1341 3734 1525 3801 luculentus
1543 3735 1632 3801 locus

436 3846 489 3904 ast
522 3859 618 3923 quem
649 3838 916 3925 wyttenbachius
952 3838 1065 3904 attulit
1096 3861 1135 3905 ex
1166 3841 1296 3906 Proculi
1327 3838 1565 3908 Commentario
1596 3844 1631 3905 in

435 3944 636 4022 Hesiodum,
669 3965 764 4029 quem
794 3943 902 4009 locum
933 3945 1107 4011 Plutarcho
1140 3950 1293 4011 asseruit:
1324 3949 1409 4026 ὀρθῶς
1434 3946 1628 4026 Ἀρνςοτέλης

434 4051 558 4128 ἔλεγεν,
591 4047 636 4114 dri
667 4053 800 4131 χείροςον
830 4052 889 4115 τῶν
922 4051 951 4114 ἓν
975 4053 1017 4130 τῷ
1042 4051 1102 4131 βίῳ
1124 4053 1160 4118 τὸ
1185 4054 1237 4128 μη
1260 4053 1369 4129 ποοροὶ
1394 4057 1513 4116 τοῦτο
1537 4052 1628 4128 λεγό-

434 4178 545 4234 μενον·
570 4157 597 4221 ri
621 4155 683 4235 γὰρ
708 4164 926 4235 κατεφρονεῖτο
950 4160 988 4228 dr
1014 4158 1119 4235 μικρὸν
1142 4156 1251 4227 ἕκοιςον
1276 4158 1327 4221 κω)
1353 4158 1550 4236 ἐπολέγοομεν
1575 4160 1626 4234 μη

434 4262 547 4341 παρὰ
571 4266 701 4347 τοῦτο,
728 4268 828 4335 κοινῶς
853 4261 1020 4341 προέξομεν.
1046 4263 1155 4329 Etiam
1180 4265 1331 4329 Isocrates
1355 4264 1427 4350 plus
1450 4264 1551 4330 semel
1569 4265 1628 4331 hoc

435 4366 537 4435 modo
567 4367 694 4434 locutus
724 4375 782 4435 est.
815 4368 936 4435 Nicocl.
967 4368 1067 4453 §482
1101 4370 1377 4448 ὑπολαμβάνοντες
1410 4372 1447 4442 ὥς
1480 4372 1512 4435 οὐ
1541 4374 1627 4450 ποιροὶ

433 4474 522 4540 τοῦτ’
548 4474 622 4543 ictu.
652 4475 782 4539 Archid.
806 4476 824 4559 ᾖ
845 4474 906 4540 52:
933 4475 990 4538 ὑπὸ
1014 4476 1139 4539 πάντων
1163 4477 1390 4551 ἀνωμολογεῖτο
1414 4478 1499 4556 ποοροὶ
1524 4481 1630 4542 τοῦτον

431 4582 579 4661 γενέσθαι
612 4584 666 4655 την
698 4582 847 4662 σωτηρίων
871 4583 987 4654 αὐτοῖς.
1013 4582 1115 4667 Epist.
1140 4581 1188 4646 IX
1212 4583 1302 4667 §15:
1327 4580 1425 4662 ὥσπερ
1449 4585 1535 4662 πωροὶ
1558 4587 1627 4655 τοὺς

434 4689 530 4763 ἐμοὺς
563 4687 673 4763 λόγους
704 4688 721 4760 ἢ
744 4687 871 4765 βέλτιον
895 4689 911 4761 ἣ
936 4695 1037 4766 χεῖρον
1061 4688 1247 4765 πράξουσαν.
1274 4688 1359 4753 Hinc
1383 4690 1514 4756 fortasse
1537 4696 1630 4756 corri-

437 4792 586 4881 gendum
609 4792 752 4879 Euthyn.
776 4795 794 4878 ᾖ
816 4791 868 4872 13,
893 4794 933 4859 cf.
959 4795 1070 4858 Moero.
1098 4792 1183 4859 1879
1207 4818 1238 4881 p.
1264 4794 1318 4860 85.
