<?xml version="1.0" encoding="UTF-8"?>
<!DOCTYPE html PUBLIC "-//W3C//DTD XHTML 1.0 Transitional//EN"
    "http://www.w3.org/TR/xhtml1/DTD/xhtml1-transitional.dtd">
<html xmlns="http://www.w3.org/1999/xhtml" xml:lang="en" lang="en">
 <head>
  <title>
</title>
<meta http-equiv="Content-Type" content="text/html;charset=utf-8" />
  <meta name='ocr-system' content='tesseract 3.04.00' />
  <meta name='ocr-capabilities' content='ocr_page ocr_carea ocr_par ocr_line ocrx_word'/>
</head>
<body>
  <div class='ocr_page' id='page_1' title='image "./mnemosyne07verdgoog_0112.png"; bbox 0 0 4525 5950; ppageno 0'>
   <div class='ocr_carea' id='block_1_1' title="bbox 796 720 1622 786">
    <p class='ocr_par' dir='ltr' id='par_1_1' title="bbox 796 720 1622 786">
     <span class='ocr_line' id='line_1_1' title="bbox 796 720 1622 786; baseline 0.007 -7"><span class='ocrx_word' id='word_1_1' title='bbox 796 734 839 780; x_wconf 84' lang='lat' dir='ltr'>sn</span> <span class='ocrx_word' id='word_1_2' title='bbox 862 734 1094 782; x_wconf 74' lang='lat' dir='ltr'>sursrovusnrs</span> <span class='ocrx_word' id='word_1_3' title='bbox 1116 735 1253 782; x_wconf 72' lang='lat' dir='ltr'>esurum</span> <span class='ocrx_word' id='word_1_4' title='bbox 1580 720 1622 786; x_wconf 84' lang='lat'>97</span> 
     </span>
    </p>
   </div>
   <div class='ocr_carea' id='block_1_2' title="bbox 425 900 1627 4264">
    <p class='ocr_par' dir='ltr' id='par_1_2' title="bbox 425 900 1627 1408">
     <span class='ocr_line' id='line_1_2' title="bbox 425 900 1624 986; baseline 0.003 -23"><span class='ocrx_word' id='word_1_5' title='bbox 425 900 507 963; x_wconf 89' lang='lat' dir='ltr'>haec</span> <span class='ocrx_word' id='word_1_6' title='bbox 532 902 691 983; x_wconf 78' lang='lat' dir='ltr'><strong>quaestio,</strong></span> <span class='ocrx_word' id='word_1_7' title='bbox 712 921 787 964; x_wconf 92' lang='lat' dir='ltr'>cum</span> <span class='ocrx_word' id='word_1_8' title='bbox 807 906 863 965; x_wconf 89' lang='lat' dir='ltr'>aut</span> <span class='ocrx_word' id='word_1_9' title='bbox 883 923 993 966; x_wconf 90' lang='lat' dir='ltr'>omnes</span> <span class='ocrx_word' id='word_1_10' title='bbox 1011 907 1067 965; x_wconf 89' lang='lat' dir='ltr'>aut</span> <span class='ocrx_word' id='word_1_11' title='bbox 1087 901 1232 986; x_wconf 79' lang='lat' dir='ltr'>plerique</span> <span class='ocrx_word' id='word_1_12' title='bbox 1250 903 1283 963; x_wconf 89' lang='lat' dir='ltr'>iu</span> <span class='ocrx_word' id='word_1_13' title='bbox 1303 901 1361 964; x_wconf 91' lang='lat' dir='ltr'>hac</span> <span class='ocrx_word' id='word_1_14' title='bbox 1382 901 1446 965; x_wconf 89' lang='lat' dir='ltr'>fere</span> <span class='ocrx_word' id='word_1_15' title='bbox 1466 905 1624 967; x_wconf 86' lang='lat' dir='ltr'>sententia</span> 
     </span>
     <span class='ocr_line' id='line_1_3' title="bbox 426 1005 1624 1092; baseline 0.003 -23"><span class='ocrx_word' id='word_1_16' title='bbox 426 1007 628 1089; x_wconf 77' lang='lat' dir='ltr'>acquievisse</span> <span class='ocrx_word' id='word_1_17' title='bbox 662 1005 848 1070; x_wconf 90' lang='lat' dir='ltr'>videantur:</span> <span class='ocrx_word' id='word_1_18' title='bbox 892 1005 970 1071; x_wconf 88' lang='lat' dir='ltr'>duae</span> <span class='ocrx_word' id='word_1_19' title='bbox 1008 1006 1130 1072; x_wconf 86' lang='lat' dir='ltr'>fabulas</span> <span class='ocrx_word' id='word_1_20' title='bbox 1165 1005 1255 1070; x_wconf 89' lang='lat' dir='ltr'>Pluti</span> <span class='ocrx_word' id='word_1_21' title='bbox 1290 1009 1419 1071; x_wconf 90' lang='lat' dir='ltr'>nomine</span> <span class='ocrx_word' id='word_1_22' title='bbox 1453 1009 1624 1092; x_wconf 86' lang='lat' dir='ltr'>inscriptas</span> 
     </span>
     <span class='ocr_line' id='line_1_4' title="bbox 428 1110 1627 1197; baseline 0.003 -22"><span class='ocrx_word' id='word_1_23' title='bbox 428 1110 556 1176; x_wconf 77' lang='lat' dir='ltr'>dedisse</span> <span class='ocrx_word' id='word_1_24' title='bbox 587 1115 764 1189; x_wconf 88' lang='lat' dir='ltr'>comicum,</span> <span class='ocrx_word' id='word_1_25' title='bbox 796 1133 934 1197; x_wconf 86' lang='lat' dir='ltr'>quarum</span> <span class='ocrx_word' id='word_1_26' title='bbox 966 1112 1066 1177; x_wconf 88' lang='lat' dir='ltr'>altera</span> <span class='ocrx_word' id='word_1_27' title='bbox 1090 1133 1173 1177; x_wconf 92' lang='lat' dir='ltr'>auno</span> <span class='ocrx_word' id='word_1_28' title='bbox 1197 1111 1263 1175; x_wconf 86' lang='grc'>408</span> <span class='ocrx_word' id='word_1_29' title='bbox 1287 1133 1397 1177; x_wconf 91' lang='lat' dir='ltr'>scenae</span> <span class='ocrx_word' id='word_1_30' title='bbox 1421 1113 1518 1178; x_wconf 84' lang='lat' dir='ltr'>fuerit-</span> <span class='ocrx_word' id='word_1_31' title='bbox 1542 1136 1627 1178; x_wconf 93' lang='lat' dir='ltr'>com-</span> 
     </span>
     <span class='ocr_line' id='line_1_5' title="bbox 428 1217 1625 1304; baseline 0.003 -23"><span class='ocrx_word' id='word_1_32' title='bbox 428 1220 547 1294; x_wconf 90' lang='lat' dir='ltr'>missa,</span> <span class='ocrx_word' id='word_1_33' title='bbox 568 1217 668 1282; x_wconf 87' lang='lat' dir='ltr'>altera</span> <span class='ocrx_word' id='word_1_34' title='bbox 688 1239 769 1284; x_wconf 91' lang='lat' dir='ltr'>auno</span> <span class='ocrx_word' id='word_1_35' title='bbox 789 1217 866 1297; x_wconf 83' lang='lat'><strong>388,</strong></span> <span class='ocrx_word' id='word_1_36' title='bbox 887 1240 905 1284; x_wconf 88' lang='lat' dir='ltr'>a</span> <span class='ocrx_word' id='word_1_37' title='bbox 925 1222 1028 1304; x_wconf 92' lang='lat' dir='ltr'>priore</span> <span class='ocrx_word' id='word_1_38' title='bbox 1050 1217 1142 1304; x_wconf 87' lang='lat' dir='ltr'>plane</span> <span class='ocrx_word' id='word_1_39' title='bbox 1161 1218 1302 1297; x_wconf 89' lang='lat' dir='ltr'>diversa;</span> <span class='ocrx_word' id='word_1_40' title='bbox 1322 1219 1361 1284; x_wconf 92' lang='lat' dir='ltr'>ad</span> <span class='ocrx_word' id='word_1_41' title='bbox 1374 1241 1431 1284; x_wconf 91' lang='lat' dir='ltr'>nos</span> <span class='ocrx_word' id='word_1_42' title='bbox 1443 1222 1625 1304; x_wconf 85' lang='lat' dir='ltr'>pervenisse</span> 
     </span>
     <span class='ocr_line' id='line_1_6' title="bbox 428 1326 650 1408; baseline -0.005 -20"><span class='ocrx_word' id='word_1_43' title='bbox 428 1326 650 1408; x_wconf 83' lang='lat' dir='ltr'>posteriorem.</span> 
     </span>
    </p>

    <p class='ocr_par' dir='ltr' id='par_1_3' title="bbox 428 1429 1626 2022">
     <span class='ocr_line' id='line_1_7' title="bbox 476 1429 1625 1516; baseline 0.003 -23"><span class='ocrx_word' id='word_1_44' title='bbox 476 1429 548 1493; x_wconf 89' lang='lat' dir='ltr'>Non</span> <span class='ocrx_word' id='word_1_45' title='bbox 568 1438 676 1494; x_wconf 87' lang='lat' dir='ltr'>tamon</span> <span class='ocrx_word' id='word_1_46' title='bbox 696 1450 713 1494; x_wconf 93' lang='lat' dir='ltr'>e</span> <span class='ocrx_word' id='word_1_47' title='bbox 734 1432 911 1514; x_wconf 90' lang='lat' dir='ltr'>priscorum</span> <span class='ocrx_word' id='word_1_48' title='bbox 931 1432 1144 1514; x_wconf 84' lang='lat' dir='ltr'>interpretum</span> <span class='ocrx_word' id='word_1_49' title='bbox 1164 1432 1402 1494; x_wconf 90' lang='lat' dir='ltr'>commentariis</span> <span class='ocrx_word' id='word_1_50' title='bbox 1421 1431 1497 1495; x_wconf 88' lang='lat' dir='ltr'>haec</span> <span class='ocrx_word' id='word_1_51' title='bbox 1518 1433 1625 1516; x_wconf 89' lang='lat' dir='ltr'>opinio</span> 
     </span>
     <span class='ocr_line' id='line_1_8' title="bbox 430 1534 1625 1621; baseline 0.001 -23"><span class='ocrx_word' id='word_1_52' title='bbox 430 1540 480 1598; x_wconf 89' lang='lat' dir='ltr'>est</span> <span class='ocrx_word' id='word_1_53' title='bbox 511 1535 616 1599; x_wconf 86' lang='lat' dir='ltr'>ducta.</span> <span class='ocrx_word' id='word_1_54' title='bbox 652 1534 758 1600; x_wconf 89' lang='lat' dir='ltr'>Immo</span> <span class='ocrx_word' id='word_1_55' title='bbox 783 1571 824 1582; x_wconf 93' lang='lat'>-</span> <span class='ocrx_word' id='word_1_56' title='bbox 849 1535 882 1599; x_wconf 90' lang='lat' dir='ltr'>id</span> <span class='ocrx_word' id='word_1_57' title='bbox 914 1535 998 1619; x_wconf 92' lang='lat' dir='ltr'>quod</span> <span class='ocrx_word' id='word_1_58' title='bbox 1029 1538 1154 1621; x_wconf 91' lang='lat' dir='ltr'>primus</span> <span class='ocrx_word' id='word_1_59' title='bbox 1184 1535 1269 1599; x_wconf 90' lang='lat' dir='ltr'>clara</span> <span class='ocrx_word' id='word_1_60' title='bbox 1299 1537 1331 1598; x_wconf 91' lang='lat' dir='ltr'>in</span> <span class='ocrx_word' id='word_1_61' title='bbox 1362 1535 1432 1600; x_wconf 90' lang='lat' dir='ltr'>luce</span> <span class='ocrx_word' id='word_1_62' title='bbox 1455 1535 1625 1601; x_wconf 85' lang='lat' dir='ltr'>collocavit</span> 
     </span>
     <span class='ocr_line' id='line_1_9' title="bbox 430 1639 1626 1726; baseline 0.002 -23"><span class='ocrx_word' id='word_1_63' title='bbox 430 1639 671 1726; x_wconf 87' lang='lat' dir='ltr'>Hemsterhuys</span> <span class='ocrx_word' id='word_1_64' title='bbox 697 1677 739 1688; x_wconf 95' lang='lat'>-</span> <span class='ocrx_word' id='word_1_65' title='bbox 759 1648 862 1703; x_wconf 77' lang='lat' dir='ltr'>asachae</span> <span class='ocrx_word' id='word_1_66' title='bbox 871 1641 990 1725; x_wconf 75' lang='lat' dir='ltr'>fabata</span> <span class='ocrx_word' id='word_1_67' title='bbox 1009 1641 1095 1705; x_wconf 90' lang='lat' dir='ltr'>haud</span> <span class='ocrx_word' id='word_1_68' title='bbox 1115 1662 1179 1704; x_wconf 90' lang='lat' dir='ltr'>uno</span> <span class='ocrx_word' id='word_1_69' title='bbox 1199 1639 1397 1706; x_wconf 80' lang='lat' dir='ltr'>scholiorum</span> <span class='ocrx_word' id='word_1_70' title='bbox 1418 1641 1486 1706; x_wconf 91' lang='lat' dir='ltr'>loco</span> <span class='ocrx_word' id='word_1_71' title='bbox 1508 1641 1626 1706; x_wconf 88' lang='lat' dir='ltr'>dicitur</span> 
     </span>
     <span class='ocr_line' id='line_1_10' title="bbox 428 1745 1626 1834; baseline 0.003 -24"><span class='ocrx_word' id='word_1_72' title='bbox 428 1766 513 1810; x_wconf 92' lang='lat' dir='ltr'>anno</span> <span class='ocrx_word' id='word_1_73' title='bbox 545 1745 610 1808; x_wconf 81' lang='lat'>408</span> <span class='ocrx_word' id='word_1_74' title='bbox 640 1747 674 1809; x_wconf 91' lang='lat' dir='ltr'>in</span> <span class='ocrx_word' id='word_1_75' title='bbox 704 1751 864 1810; x_wconf 89' lang='lat' dir='ltr'>certamen</span> <span class='ocrx_word' id='word_1_76' title='bbox 891 1768 959 1811; x_wconf 88' lang='lat' dir='ltr'>esse</span> <span class='ocrx_word' id='word_1_77' title='bbox 983 1748 1146 1830; x_wconf 88' lang='lat' dir='ltr'>proposita</span> <span class='ocrx_word' id='word_1_78' title='bbox 1163 1745 1202 1824; x_wconf 80' lang='lat'>¹);</span> <span class='ocrx_word' id='word_1_79' title='bbox 1227 1748 1364 1810; x_wconf 81' lang='lat' dir='ltr'>miratur</span> <span class='ocrx_word' id='word_1_80' title='bbox 1386 1754 1494 1812; x_wconf 89' lang='lat' dir='ltr'>autern</span> <span class='ocrx_word' id='word_1_81' title='bbox 1519 1769 1626 1834; x_wconf 82' lang='lat' dir='ltr'>gram·</span> 
     </span>
     <span class='ocr_line' id='line_1_11' title="bbox 428 1851 1625 1940; baseline 0.004 -25"><span class='ocrx_word' id='word_1_82' title='bbox 428 1853 570 1915; x_wconf 90' lang='lat' dir='ltr'>maticus</span> <span class='ocrx_word' id='word_1_83' title='bbox 597 1854 653 1936; x_wconf 91' lang='lat' dir='ltr'>qui</span> <span class='ocrx_word' id='word_1_84' title='bbox 675 1872 712 1916; x_wconf 88' lang='lat' dir='ltr'>aa</span> <span class='ocrx_word' id='word_1_85' title='bbox 735 1855 901 1918; x_wconf 88' lang='lat' dir='ltr'>annotavit</span> <span class='ocrx_word' id='word_1_86' title='bbox 924 1851 1099 1918; x_wconf 88' lang='lat' dir='ltr'>versiculos</span> <span class='ocrx_word' id='word_1_87' title='bbox 1123 1859 1262 1917; x_wconf 89' lang='lat' dir='ltr'>aetatem</span> <span class='ocrx_word' id='word_1_88' title='bbox 1287 1856 1493 1919; x_wconf 81' lang='lat' dir='ltr'>recentiorem</span> <span class='ocrx_word' id='word_1_89' title='bbox 1517 1861 1625 1940; x_wconf 86' lang='lat' dir='ltr'>aperte</span> 
     </span>
     <span class='ocr_line' id='line_1_12' title="bbox 429 1964 596 2022; baseline -0.006 0"><span class='ocrx_word' id='word_1_90' title='bbox 429 1964 596 2022; x_wconf 87' lang='lat' dir='ltr'>testantes.</span> 
     </span>
    </p>

    <p class='ocr_par' dir='ltr' id='par_1_4' title="bbox 477 2063 872 2129">
     <span class='ocr_line' id='line_1_13' title="bbox 477 2063 872 2129; baseline 0.003 -2"><span class='ocrx_word' id='word_1_91' title='bbox 477 2064 579 2129; x_wconf 90' lang='lat' dir='ltr'>Locos</span> <span class='ocrx_word' id='word_1_92' title='bbox 603 2063 780 2128; x_wconf 89' lang='lat' dir='ltr'>videamus.</span> <span class='ocrx_word' id='word_1_93' title='bbox 868 2070 872 2077; x_wconf 89' lang='lat'>&#39;</span> 
     </span>
    </p>

    <p class='ocr_par' dir='ltr' id='par_1_5' title="bbox 428 2167 1625 2785">
     <span class='ocr_line' id='line_1_14' title="bbox 476 2167 1625 2250; baseline 0.003 -17"><span class='ocrx_word' id='word_1_94' title='bbox 476 2170 527 2234; x_wconf 83' lang='lat' dir='ltr'>Ad</span> <span class='ocrx_word' id='word_1_95' title='bbox 548 2191 676 2234; x_wconf 89' lang='lat' dir='ltr'>versum</span> <span class='ocrx_word' id='word_1_96' title='bbox 698 2167 773 2245; x_wconf 78' lang='lat'>173,</span> <span class='ocrx_word' id='word_1_97' title='bbox 795 2170 850 2233; x_wconf 94' lang='lat' dir='ltr'>ubi</span> <span class='ocrx_word' id='word_1_98' title='bbox 869 2169 988 2231; x_wconf 82' lang='lat' dir='ltr'>aaaihia</span> <span class='ocrx_word' id='word_1_99' title='bbox 1011 2169 1203 2232; x_wconf 76' lang='lat' dir='ltr'>Corinthiaco</span> <span class='ocrx_word' id='word_1_100' title='bbox 1223 2179 1454 2236; x_wconf 89' lang='lat' dir='ltr'>commemorat</span> <span class='ocrx_word' id='word_1_101' title='bbox 1467 2175 1625 2250; x_wconf 85' lang='lat' dir='ltr'>comicus,</span> 
     </span>
     <span class='ocr_line' id='line_1_15' title="bbox 429 2274 1625 2362; baseline 0.001 -22"><span class='ocrx_word' id='word_1_102' title='bbox 429 2277 509 2340; x_wconf 86' lang='lat' dir='ltr'>haec</span> <span class='ocrx_word' id='word_1_103' title='bbox 532 2274 705 2362; x_wconf 79' lang='lat' dir='ltr'>leguntur:</span> <span class='ocrx_word' id='word_1_104' title='bbox 732 2276 842 2352; x_wconf 70' lang='lat' dir='ltr'>„ihtes</span> <span class='ocrx_word' id='word_1_105' title='bbox 866 2274 897 2338; x_wconf 76' lang='grc' dir='ltr'>δὲ</span> <span class='ocrx_word' id='word_1_106' title='bbox 921 2276 954 2338; x_wconf 87' lang='grc' dir='ltr'>εἰι</span> <span class='ocrx_word' id='word_1_107' title='bbox 972 2279 1032 2338; x_wconf 83' lang='grc' dir='ltr'>τοῦ</span> <span class='ocrx_word' id='word_1_108' title='bbox 1057 2276 1085 2337; x_wconf 77' lang='grc' dir='ltr'>ἐν</span> <span class='ocrx_word' id='word_1_109' title='bbox 1109 2275 1235 2353; x_wconf 75' lang='grc' dir='ltr'><em>δευτέρῳ</em></span> <span class='ocrx_word' id='word_1_110' title='bbox 1259 2278 1403 2354; x_wconf 76' lang='grc' dir='ltr'>Φέρεοθαι</span> <span class='ocrx_word' id='word_1_111' title='bbox 1426 2280 1463 2348; x_wconf 76' lang='grc' dir='ltr'>ὥς</span> <span class='ocrx_word' id='word_1_112' title='bbox 1489 2277 1625 2357; x_wconf 82' lang='grc' dir='ltr'>ἔσχατον</span> 
     </span>
     <span class='ocr_line' id='line_1_16' title="bbox 429 2378 1624 2464; baseline 0.002 -19"><span class='ocrx_word' id='word_1_113' title='bbox 429 2381 467 2460; x_wconf 88' lang='lat' dir='ltr'>(l.</span> <span class='ocrx_word' id='word_1_114' title='bbox 493 2402 521 2445; x_wconf 85' lang='lat' dir='ltr'>a.</span> <span class='ocrx_word' id='word_1_115' title='bbox 547 2379 576 2452; x_wconf 63' lang='lat' dir='ltr'>ic</span> <span class='ocrx_word' id='word_1_116' title='bbox 602 2382 753 2461; x_wconf 78' lang='grc' dir='ltr'>ἔσχατος)</span> <span class='ocrx_word' id='word_1_117' title='bbox 778 2378 924 2459; x_wconf 70' lang='grc' dir='ltr'>ἐδιδάχθη</span> <span class='ocrx_word' id='word_1_118' title='bbox 948 2381 999 2443; x_wconf 81' lang='grc' dir='ltr'>ὑπ’</span> <span class='ocrx_word' id='word_1_119' title='bbox 1024 2382 1119 2444; x_wconf 81' lang='grc' dir='ltr'><strong><em>αὐτοῦ</em></strong></span> <span class='ocrx_word' id='word_1_120' title='bbox 1144 2382 1269 2457; x_wconf 72' lang='grc' dir='ltr'>εἰκοστῷ</span> <span class='ocrx_word' id='word_1_121' title='bbox 1293 2380 1354 2446; x_wconf 82' lang='grc' dir='ltr'><strong><em>ἔτει</em></strong></span> <span class='ocrx_word' id='word_1_122' title='bbox 1372 2381 1502 2464; x_wconf 77' lang='grc' dir='ltr'><strong><em>ὕστερον.</em></strong></span> <span class='ocrx_word' id='word_1_123' title='bbox 1523 2386 1548 2447; x_wconf 79' lang='lat' dir='ltr'>ri</span> <span class='ocrx_word' id='word_1_124' title='bbox 1569 2385 1624 2461; x_wconf 75' lang='grc' dir='ltr'>μή,</span> 
     </span>
     <span class='ocr_line' id='line_1_17' title="bbox 429 2485 1624 2566; baseline 0.001 -16"><span class='ocrx_word' id='word_1_125' title='bbox 429 2485 504 2564; x_wconf 75' lang='grc' dir='ltr'><strong><em>ὅπερ</em></strong></span> <span class='ocrx_word' id='word_1_126' title='bbox 529 2487 627 2564; x_wconf 75' lang='lat' dir='ltr'>riade,</span> <span class='ocrx_word' id='word_1_127' title='bbox 652 2489 686 2551; x_wconf 81' lang='lat' dir='ltr'>is</span> <span class='ocrx_word' id='word_1_128' title='bbox 711 2490 765 2549; x_wconf 80' lang='grc' dir='ltr'>τοῦ</span> <span class='ocrx_word' id='word_1_129' title='bbox 790 2486 925 2565; x_wconf 76' lang='grc' dir='ltr'>δευτέρου</span> <span class='ocrx_word' id='word_1_130' title='bbox 951 2486 1088 2549; x_wconf 77' lang='grc' dir='ltr'><strong><em>Πλούτου</em></strong></span> <span class='ocrx_word' id='word_1_131' title='bbox 1111 2490 1200 2550; x_wconf 82' lang='grc' dir='ltr'>τοῦτο</span> <span class='ocrx_word' id='word_1_132' title='bbox 1225 2491 1455 2562; x_wconf 71' lang='grc' dir='ltr'><strong><em>μετενήνεκται.</em></strong></span> <span class='ocrx_word' id='word_1_133' title='bbox 1480 2490 1545 2551; x_wconf 79' lang='grc' dir='ltr'><strong><em>ἐκεῖ</em></strong></span> <span class='ocrx_word' id='word_1_134' title='bbox 1561 2491 1624 2566; x_wconf 72' lang='grc' dir='ltr'>γὰρ</span> 
     </span>
     <span class='ocr_line' id='line_1_18' title="bbox 429 2592 1624 2679; baseline 0.003 -23"><span class='ocrx_word' id='word_1_135' title='bbox 429 2595 520 2671; x_wconf 74' lang='grc' dir='ltr'><strong><em>ὀρθῶς</em></strong></span> <span class='ocrx_word' id='word_1_136' title='bbox 551 2593 653 2671; x_wconf 57' lang='grc' dir='ltr'><strong><em>ἔχει’.</em></strong></span> <span class='ocrx_word' id='word_1_137' title='bbox 679 2631 721 2641; x_wconf 87' lang='grc'>-</span> <span class='ocrx_word' id='word_1_138' title='bbox 747 2593 833 2672; x_wconf 81' lang='lat' dir='ltr'>Quae</span> <span class='ocrx_word' id='word_1_139' title='bbox 863 2594 960 2657; x_wconf 90' lang='lat' dir='ltr'>verba</span> <span class='ocrx_word' id='word_1_140' title='bbox 981 2592 1058 2657; x_wconf 87' lang='lat' dir='ltr'>licet</span> <span class='ocrx_word' id='word_1_141' title='bbox 1081 2596 1198 2658; x_wconf 90' lang='lat' dir='ltr'>misere</span> <span class='ocrx_word' id='word_1_142' title='bbox 1221 2596 1286 2658; x_wconf 87' lang='lat' dir='ltr'>sint</span> <span class='ocrx_word' id='word_1_143' title='bbox 1310 2600 1476 2679; x_wconf 88' lang='lat' dir='ltr'>corrupta,</span> <span class='ocrx_word' id='word_1_144' title='bbox 1503 2594 1555 2660; x_wconf 91' lang='lat' dir='ltr'>vel</span> <span class='ocrx_word' id='word_1_145' title='bbox 1580 2598 1624 2660; x_wconf 92' lang='lat' dir='ltr'>sic</span> 
     </span>
     <span class='ocr_line' id='line_1_19' title="bbox 428 2698 1220 2785; baseline 0 -22"><span class='ocrx_word' id='word_1_146' title='bbox 428 2705 540 2764; x_wconf 88' lang='lat' dir='ltr'>tamen</span> <span class='ocrx_word' id='word_1_147' title='bbox 562 2698 595 2762; x_wconf 91' lang='lat' dir='ltr'>id</span> <span class='ocrx_word' id='word_1_148' title='bbox 620 2699 704 2783; x_wconf 92' lang='lat' dir='ltr'>quod</span> <span class='ocrx_word' id='word_1_149' title='bbox 729 2699 796 2763; x_wconf 84' lang='lat' dir='ltr'>dixi</span> <span class='ocrx_word' id='word_1_150' title='bbox 818 2705 927 2785; x_wconf 89' lang='lat' dir='ltr'>aperte</span> <span class='ocrx_word' id='word_1_151' title='bbox 950 2701 1027 2762; x_wconf 89' lang='lat' dir='ltr'>satis</span> <span class='ocrx_word' id='word_1_152' title='bbox 1051 2705 1220 2763; x_wconf 89' lang='lat' dir='ltr'>testantur.</span> 
     </span>
    </p>

    <p class='ocr_par' dir='ltr' id='par_1_6' title="bbox 426 2803 1625 3101">
     <span class='ocr_line' id='line_1_20' title="bbox 476 2803 1625 2890; baseline 0.002 -22"><span class='ocrx_word' id='word_1_153' title='bbox 476 2805 525 2868; x_wconf 83' lang='lat' dir='ltr'>Ad</span> <span class='ocrx_word' id='word_1_154' title='bbox 551 2825 682 2869; x_wconf 89' lang='lat' dir='ltr'>versum</span> <span class='ocrx_word' id='word_1_155' title='bbox 708 2804 790 2869; x_wconf 82' lang='lat'>179:</span> <span class='ocrx_word' id='word_1_156' title='bbox 824 2804 898 2881; x_wconf 89' lang='lat' dir='ltr'>„hic</span> <span class='ocrx_word' id='word_1_157' title='bbox 924 2824 1005 2888; x_wconf 90' lang='lat' dir='ltr'>quae</span> <span class='ocrx_word' id='word_1_158' title='bbox 1028 2803 1184 2890; x_wconf 82' lang='lat' dir='ltr'>leguntur</span> <span class='ocrx_word' id='word_1_159' title='bbox 1209 2804 1246 2868; x_wconf 90' lang='lat' dir='ltr'>de</span> <span class='ocrx_word' id='word_1_160' title='bbox 1271 2804 1368 2869; x_wconf 83' lang='lat' dir='ltr'>haido</span> <span class='ocrx_word' id='word_1_161' title='bbox 1391 2807 1558 2870; x_wconf 88' lang='lat' dir='ltr'>meretrice</span> <span class='ocrx_word' id='word_1_162' title='bbox 1582 2806 1625 2870; x_wconf 85' lang='lat' dir='ltr'>fa·</span> 
     </span>
     <span class='ocr_line' id='line_1_21' title="bbox 428 2909 1622 2995; baseline 0.001 -19"><span class='ocrx_word' id='word_1_163' title='bbox 428 2911 633 2976; x_wconf 88' lang='lat' dir='ltr'>mosissima”</span> <span class='ocrx_word' id='word_1_164' title='bbox 665 2909 835 2976; x_wconf 81' lang='lat' dir='ltr'>scholiasta</span> <span class='ocrx_word' id='word_1_165' title='bbox 865 2913 910 2975; x_wconf 88' lang='lat' dir='ltr'>ait</span> <span class='ocrx_word' id='word_1_166' title='bbox 935 2916 1140 2995; x_wconf 87' lang='lat' dir='ltr'>„temporum</span> <span class='ocrx_word' id='word_1_167' title='bbox 1164 2912 1279 2976; x_wconf 90' lang='lat' dir='ltr'>rationi</span> <span class='ocrx_word' id='word_1_168' title='bbox 1304 2910 1523 2989; x_wconf 85' lang='lat' dir='ltr'>adversantur,</span> <span class='ocrx_word' id='word_1_169' title='bbox 1548 2933 1622 2977; x_wconf 87' lang='lat' dir='ltr'>nam</span> 
     </span>
     <span class='ocr_line' id='line_1_22' title="bbox 426 3016 1403 3101; baseline 0 -20"><span class='ocrx_word' id='word_1_170' title='bbox 426 3019 570 3081; x_wconf 76' lang='lat' dir='ltr'>archonte</span> <span class='ocrx_word' id='word_1_171' title='bbox 593 3017 700 3081; x_wconf 81' lang='lat' dir='ltr'>Diocle</span> <span class='ocrx_word' id='word_1_172' title='bbox 723 3018 800 3081; x_wconf 89' lang='lat' dir='ltr'>haec</span> <span class='ocrx_word' id='word_1_173' title='bbox 823 3037 920 3081; x_wconf 88' lang='lat' dir='ltr'>annos</span> <span class='ocrx_word' id='word_1_174' title='bbox 945 3028 1020 3080; x_wconf 85' lang='lat' dir='ltr'>nata</span> <span class='ocrx_word' id='word_1_175' title='bbox 1042 3016 1105 3080; x_wconf 87' lang='lat' dir='ltr'>fuit</span> <span class='ocrx_word' id='word_1_176' title='bbox 1127 3016 1403 3101; x_wconf 84' lang='lat' dir='ltr'>quatuordecim’·&#39;.</span> 
     </span>
    </p>

    <p class='ocr_par' dir='ltr' id='par_1_7' title="bbox 429 3120 1622 3312">
     <span class='ocr_line' id='line_1_23' title="bbox 476 3120 1622 3209; baseline 0.003 -22"><span class='ocrx_word' id='word_1_177' title='bbox 476 3123 526 3187; x_wconf 83' lang='lat' dir='ltr'>Ad</span> <span class='ocrx_word' id='word_1_178' title='bbox 557 3146 605 3187; x_wconf 91' lang='lat' dir='ltr'>vs.</span> <span class='ocrx_word' id='word_1_179' title='bbox 631 3121 696 3187; x_wconf 80' lang='lat'>972</span> <span class='ocrx_word' id='word_1_180' title='bbox 729 3121 785 3199; x_wconf 82' lang='lat' dir='ltr'>„rb</span> <span class='ocrx_word' id='word_1_181' title='bbox 816 3121 872 3199; x_wconf 78' lang='grc' dir='ltr'>προ</span> <span class='ocrx_word' id='word_1_182' title='bbox 904 3126 1012 3185; x_wconf 84' lang='grc' dir='ltr'>τούτου</span> <span class='ocrx_word' id='word_1_183' title='bbox 1040 3120 1129 3192; x_wconf 80' lang='grc' dir='ltr'><strong><em>ἔτος”</em></strong></span> <span class='ocrx_word' id='word_1_184' title='bbox 1155 3122 1272 3185; x_wconf 89' lang='lat' dir='ltr'>dicitur</span> <span class='ocrx_word' id='word_1_185' title='bbox 1295 3143 1396 3187; x_wconf 93' lang='lat' dir='ltr'>annus</span> <span class='ocrx_word' id='word_1_186' title='bbox 1419 3122 1534 3209; x_wconf 73' lang='lat' dir='ltr'>slusa,</span> <span class='ocrx_word' id='word_1_187' title='bbox 1561 3146 1622 3209; x_wconf 90' lang='lat' dir='ltr'>quo</span> 
     </span>
     <span class='ocr_line' id='line_1_24' title="bbox 429 3225 1621 3312; baseline 0.002 -20"><span class='ocrx_word' id='word_1_188' title='bbox 429 3231 621 3311; x_wconf 77' lang='lat' dir='ltr'>Glaucippus</span> <span class='ocrx_word' id='word_1_189' title='bbox 652 3228 716 3292; x_wconf 87' lang='lat' dir='ltr'>fuit</span> <span class='ocrx_word' id='word_1_190' title='bbox 737 3228 863 3293; x_wconf 89' lang='lat' dir='ltr'>archon.</span> <span class='ocrx_word' id='word_1_191' title='bbox 893 3226 939 3291; x_wconf 93' lang='lat' dir='ltr'>De</span> <span class='ocrx_word' id='word_1_192' title='bbox 964 3249 1026 3312; x_wconf 93' lang='lat' dir='ltr'>quo</span> <span class='ocrx_word' id='word_1_193' title='bbox 1048 3225 1118 3292; x_wconf 93' lang='lat' dir='ltr'>loco</span> <span class='ocrx_word' id='word_1_194' title='bbox 1141 3227 1224 3291; x_wconf 83' lang='lat' dir='ltr'>infra</span> <span class='ocrx_word' id='word_1_195' title='bbox 1247 3227 1340 3311; x_wconf 91' lang='lat' dir='ltr'>plura</span> <span class='ocrx_word' id='word_1_196' title='bbox 1363 3237 1456 3292; x_wconf 87' lang='lat' dir='ltr'>erunt</span> <span class='ocrx_word' id='word_1_197' title='bbox 1481 3230 1621 3294; x_wconf 88' lang='lat' dir='ltr'>dicenda.</span> 
     </span>
    </p>

    <p class='ocr_par' dir='ltr' id='par_1_8' title="bbox 426 3333 1623 4035">
     <span class='ocr_line' id='line_1_25' title="bbox 475 3333 1623 3417; baseline 0 -18"><span class='ocrx_word' id='word_1_198' title='bbox 475 3335 525 3399; x_wconf 87' lang='lat' dir='ltr'>Ad</span> <span class='ocrx_word' id='word_1_199' title='bbox 549 3355 679 3399; x_wconf 84' lang='lat' dir='ltr'>versum</span> <span class='ocrx_word' id='word_1_200' title='bbox 704 3334 791 3401; x_wconf 82' lang='lat'>1147</span> <span class='ocrx_word' id='word_1_201' title='bbox 817 3335 854 3398; x_wconf 93' lang='lat' dir='ltr'>de</span> <span class='ocrx_word' id='word_1_202' title='bbox 878 3334 993 3417; x_wconf 70' lang='lat' dir='ltr'>Phyhae</span> <span class='ocrx_word' id='word_1_203' title='bbox 1016 3358 1034 3395; x_wconf 94' lang='lat' dir='ltr'>a</span> <span class='ocrx_word' id='word_1_204' title='bbox 1063 3334 1245 3416; x_wconf 69' lang='lat' dir='ltr'>Thrasybulo</span> <span class='ocrx_word' id='word_1_205' title='bbox 1268 3357 1347 3397; x_wconf 84' lang='lat' dir='ltr'>anno</span> <span class='ocrx_word' id='word_1_206' title='bbox 1374 3333 1438 3397; x_wconf 90' lang='grc'>403</span> <span class='ocrx_word' id='word_1_207' title='bbox 1463 3344 1623 3417; x_wconf 69' lang='lat' dir='ltr'>occupatae</span> 
     </span>
     <span class='ocr_line' id='line_1_26' title="bbox 427 3438 1620 3517; baseline -0.001 -11"><span class='ocrx_word' id='word_1_208' title='bbox 427 3443 591 3506; x_wconf 89' lang='lat' dir='ltr'>mentione</span> <span class='ocrx_word' id='word_1_209' title='bbox 621 3442 698 3505; x_wconf 90' lang='lat' dir='ltr'>haec</span> <span class='ocrx_word' id='word_1_210' title='bbox 729 3441 938 3505; x_wconf 82' lang='lat' dir='ltr'>observantur</span> <span class='ocrx_word' id='word_1_211' title='bbox 966 3442 999 3503; x_wconf 90' lang='lat' dir='ltr'>in</span> <span class='ocrx_word' id='word_1_212' title='bbox 1031 3438 1178 3503; x_wconf 90' lang='lat' dir='ltr'>scholiis:</span> <span class='ocrx_word' id='word_1_213' title='bbox 1213 3442 1323 3516; x_wconf 73' lang='lat' dir='ltr'>„aare</span> <span class='ocrx_word' id='word_1_214' title='bbox 1347 3440 1451 3503; x_wconf 76' lang='grc' dir='ltr'>ταῦτα</span> <span class='ocrx_word' id='word_1_215' title='bbox 1476 3465 1514 3517; x_wconf 74' lang='grc' dir='ltr'>γε</span> <span class='ocrx_word' id='word_1_216' title='bbox 1540 3443 1620 3506; x_wconf 81' lang='grc' dir='ltr'>οὕτω</span> 
     </span>
     <span class='ocr_line' id='line_1_27' title="bbox 429 3540 1621 3626; baseline -0.001 -14"><span class='ocrx_word' id='word_1_217' title='bbox 429 3549 626 3626; x_wconf 76' lang='grc' dir='ltr'><strong><em>ἐπέπρακτο,</em></strong></span> <span class='ocrx_word' id='word_1_218' title='bbox 657 3547 724 3612; x_wconf 73' lang='grc' dir='ltr'><strong><em>οὐδὲ</em></strong></span> <span class='ocrx_word' id='word_1_219' title='bbox 754 3548 797 3611; x_wconf 80' lang='grc' dir='ltr'>τοὶ</span> <span class='ocrx_word' id='word_1_220' title='bbox 830 3547 880 3610; x_wconf 75' lang='grc' dir='ltr'>ἐπὶ</span> <span class='ocrx_word' id='word_1_221' title='bbox 912 3552 970 3609; x_wconf 82' lang='grc' dir='ltr'>τῶν</span> <span class='ocrx_word' id='word_1_222' title='bbox 1000 3544 1162 3623; x_wconf 73' lang='grc' dir='ltr'><strong><em>τριάκοντα</em></strong></span> <span class='ocrx_word' id='word_1_223' title='bbox 1197 3546 1249 3620; x_wconf 75' lang='lat' dir='ltr'>hin</span> <span class='ocrx_word' id='word_1_224' title='bbox 1284 3540 1327 3623; x_wconf 75' lang='grc' dir='ltr'>ἦν,</span> <span class='ocrx_word' id='word_1_225' title='bbox 1360 3546 1446 3608; x_wconf 68' lang='grc' dir='ltr'>ἀλλὰ</span> <span class='ocrx_word' id='word_1_226' title='bbox 1482 3548 1553 3624; x_wconf 84' lang='lat' dir='ltr'>sai,</span> <span class='ocrx_word' id='word_1_227' title='bbox 1583 3549 1621 3617; x_wconf 80' lang='grc' dir='ltr'>ὥς</span> 
     </span>
     <span class='ocr_line' id='line_1_28' title="bbox 428 3650 1622 3734; baseline -0.003 -17"><span class='ocrx_word' id='word_1_228' title='bbox 428 3654 596 3734; x_wconf 75' lang='grc' dir='ltr'><strong><em>Φιλόχορος</em></strong></span> <span class='ocrx_word' id='word_1_229' title='bbox 620 3662 725 3731; x_wconf 57' lang='lat' dir='ltr'>Onera,</span> <span class='ocrx_word' id='word_1_230' title='bbox 744 3654 881 3730; x_wconf 80' lang='grc' dir='ltr'><strong><em>πέμπτῳ</em></strong></span> <span class='ocrx_word' id='word_1_231' title='bbox 902 3651 961 3715; x_wconf 80' lang='grc' dir='ltr'><strong><em>ἔτει</em></strong></span> <span class='ocrx_word' id='word_1_232' title='bbox 983 3650 1113 3728; x_wconf 79' lang='grc' dir='ltr'>ὕστερον,</span> <span class='ocrx_word' id='word_1_233' title='bbox 1136 3658 1188 3721; x_wconf 79' lang='grc' dir='ltr'>τῆς</span> <span class='ocrx_word' id='word_1_234' title='bbox 1212 3651 1434 3729; x_wconf 71' lang='grc' dir='ltr'><strong><em>Θρασυβούλου</em></strong></span> <span class='ocrx_word' id='word_1_235' title='bbox 1456 3653 1622 3727; x_wconf 70' lang='grc' dir='ltr'>γενομένης</span> 
     </span>
     <span class='ocr_line' id='line_1_29' title="bbox 428 3756 1622 3838; baseline -0.001 -15"><span class='ocrx_word' id='word_1_236' title='bbox 428 3760 627 3837; x_wconf 76' lang='grc' dir='ltr'>(εἰσβολῆς)</span> <span class='ocrx_word' id='word_1_237' title='bbox 641 3757 678 3837; x_wconf 84' lang='lat'>²),</span> <span class='ocrx_word' id='word_1_238' title='bbox 708 3760 831 3836; x_wconf 78' lang='grc' dir='ltr'>Κριτίας</span> <span class='ocrx_word' id='word_1_239' title='bbox 858 3760 887 3819; x_wconf 77' lang='grc' dir='ltr'>ἐν</span> <span class='ocrx_word' id='word_1_240' title='bbox 911 3765 1048 3837; x_wconf 77' lang='grc' dir='ltr'><strong><em>Πειραιεῖ</em></strong></span> <span class='ocrx_word' id='word_1_241' title='bbox 1068 3757 1236 3838; x_wconf 80' lang='grc' dir='ltr'>τεο.ευτρῖ”.</span> <span class='ocrx_word' id='word_1_242' title='bbox 1262 3796 1305 3805; x_wconf 93' lang='grc'>-</span> <span class='ocrx_word' id='word_1_243' title='bbox 1330 3756 1484 3821; x_wconf 85' lang='lat' dir='ltr'>Videmus</span> <span class='ocrx_word' id='word_1_244' title='bbox 1507 3758 1579 3822; x_wconf 89' lang='lat' dir='ltr'>iude</span> <span class='ocrx_word' id='word_1_245' title='bbox 1604 3780 1622 3823; x_wconf 88' lang='lat' dir='ltr'>a</span> 
     </span>
     <span class='ocr_line' id='line_1_30' title="bbox 426 3862 1621 3949; baseline 0 -20"><span class='ocrx_word' id='word_1_246' title='bbox 426 3865 536 3929; x_wconf 81' lang='lat' dir='ltr'>Diocle</span> <span class='ocrx_word' id='word_1_247' title='bbox 558 3865 708 3929; x_wconf 86' lang='lat' dir='ltr'>archonte</span> <span class='ocrx_word' id='word_1_248' title='bbox 731 3862 863 3948; x_wconf 78' lang='lat' dir='ltr'>(409l8)</span> <span class='ocrx_word' id='word_1_249' title='bbox 887 3883 969 3927; x_wconf 91' lang='lat' dir='ltr'>nunc</span> <span class='ocrx_word' id='word_1_250' title='bbox 993 3883 1117 3948; x_wconf 92' lang='lat' dir='ltr'>quoque</span> <span class='ocrx_word' id='word_1_251' title='bbox 1139 3869 1324 3948; x_wconf 86' lang='lat' dir='ltr'>temporum</span> <span class='ocrx_word' id='word_1_252' title='bbox 1348 3866 1621 3949; x_wconf 86' lang='lat' dir='ltr'>computationem</span> 
     </span>
     <span class='ocr_line' id='line_1_31' title="bbox 426 3973 570 4035; baseline -0.007 0"><span class='ocrx_word' id='word_1_253' title='bbox 426 3973 570 4035; x_wconf 85' lang='lat' dir='ltr'>institui.</span> 
     </span>
    </p>

    <p class='ocr_par' dir='ltr' id='par_1_9' title="bbox 426 4073 1620 4264">
     <span class='ocr_line' id='line_1_32' title="bbox 474 4073 1619 4159; baseline -0.003 -18"><span class='ocrx_word' id='word_1_254' title='bbox 474 4076 626 4141; x_wconf 83' lang='lat' dir='ltr'>Alienum</span> <span class='ocrx_word' id='word_1_255' title='bbox 656 4097 674 4141; x_wconf 94' lang='lat' dir='ltr'>a</span> <span class='ocrx_word' id='word_1_256' title='bbox 705 4079 811 4140; x_wconf 89' lang='lat' dir='ltr'>nostra</span> <span class='ocrx_word' id='word_1_257' title='bbox 842 4076 1025 4159; x_wconf 87' lang='lat' dir='ltr'>quaestione</span> <span class='ocrx_word' id='word_1_258' title='bbox 1056 4081 1104 4138; x_wconf 89' lang='lat' dir='ltr'>est</span> <span class='ocrx_word' id='word_1_259' title='bbox 1131 4073 1274 4138; x_wconf 89' lang='lat' dir='ltr'>scholion</span> <span class='ocrx_word' id='word_1_260' title='bbox 1291 4074 1336 4158; x_wconf 83' lang='lat' dir='ltr'>ad</span> <span class='ocrx_word' id='word_1_261' title='bbox 1362 4096 1409 4139; x_wconf 92' lang='lat' dir='ltr'>vs.</span> <span class='ocrx_word' id='word_1_262' title='bbox 1437 4075 1515 4138; x_wconf 89' lang='lat'>115:</span> <span class='ocrx_word' id='word_1_263' title='bbox 1544 4084 1619 4153; x_wconf 71' lang='lat' dir='ltr'>„ahc</span> 
     </span>
     <span class='ocr_line' id='line_1_33' title="bbox 426 4179 1620 4264; baseline 0.002 -19"><span class='ocrx_word' id='word_1_264' title='bbox 426 4184 626 4264; x_wconf 71' lang='grc' dir='ltr'><strong><em>ὀφθαλμίας]</em></strong></span> <span class='ocrx_word' id='word_1_265' title='bbox 658 4183 726 4245; x_wconf 84' lang='lat' dir='ltr'>aivri</span> <span class='ocrx_word' id='word_1_266' title='bbox 759 4185 812 4245; x_wconf 82' lang='grc' dir='ltr'>τοῦ</span> <span class='ocrx_word' id='word_1_267' title='bbox 843 4188 898 4252; x_wconf 71' lang='grc' dir='ltr'>τῆς</span> <span class='ocrx_word' id='word_1_268' title='bbox 930 4181 1114 4260; x_wconf 56' lang='lat' dir='ltr'>cudbrictus</span> <span class='ocrx_word' id='word_1_269' title='bbox 1146 4179 1181 4259; x_wconf 85' lang='lat' dir='ltr'>(l.</span> <span class='ocrx_word' id='word_1_270' title='bbox 1206 4201 1234 4245; x_wconf 89' lang='lat' dir='ltr'>a.</span> <span class='ocrx_word' id='word_1_271' title='bbox 1266 4184 1447 4260; x_wconf 77' lang='grc' dir='ltr'><strong><em>πηρώσεως).</em></strong></span> <span class='ocrx_word' id='word_1_272' title='bbox 1481 4182 1559 4252; x_wconf 78' lang='grc' dir='ltr'>ἰδίοις</span> <span class='ocrx_word' id='word_1_273' title='bbox 1590 4184 1620 4247; x_wconf 74' lang='grc' dir='ltr'>δὲ</span> 
     </span>
    </p>
   </div>
   <div class='ocr_carea' id='block_1_3' title="bbox 421 4422 1622 4897">
    <p class='ocr_par' dir='ltr' id='par_1_10' title="bbox 421 4422 1622 4657">
     <span class='ocr_line' id='line_1_34' title="bbox 460 4422 1622 4492; baseline -0.003 -15"><span class='ocrx_word' id='word_1_274' title='bbox 460 4429 488 4492; x_wconf 92' lang='lat'>1)</span> <span class='ocrx_word' id='word_1_275' title='bbox 507 4429 581 4477; x_wconf 80' lang='lat' dir='ltr'>Recte</span> <span class='ocrx_word' id='word_1_276' title='bbox 597 4427 660 4491; x_wconf 85' lang='lat' dir='ltr'>quod</span> <span class='ocrx_word' id='word_1_277' title='bbox 677 4426 724 4475; x_wconf 89' lang='lat' dir='ltr'>dici</span> <span class='ocrx_word' id='word_1_278' title='bbox 742 4425 914 4488; x_wconf 82' lang='lat' dir='ltr'>Hemstcrhuys</span> <span class='ocrx_word' id='word_1_279' title='bbox 930 4422 1041 4489; x_wconf 81' lang='lat' dir='ltr'>putabet,</span> <span class='ocrx_word' id='word_1_280' title='bbox 1058 4423 1109 4471; x_wconf 83' lang='lat' dir='ltr'>sevi</span> <span class='ocrx_word' id='word_1_281' title='bbox 1128 4423 1152 4471; x_wconf 86' lang='lat' dir='ltr'>id</span> <span class='ocrx_word' id='word_1_282' title='bbox 1168 4427 1219 4472; x_wconf 82' lang='lat' dir='ltr'>crat</span> <span class='ocrx_word' id='word_1_283' title='bbox 1236 4424 1328 4472; x_wconf 85' lang='lat' dir='ltr'>vitium.</span> <span class='ocrx_word' id='word_1_284' title='bbox 1344 4425 1454 4487; x_wconf 78' lang='lat' dir='ltr'>Quique</span> <span class='ocrx_word' id='word_1_285' title='bbox 1469 4428 1520 4472; x_wconf 86' lang='lat' dir='ltr'>erat</span> <span class='ocrx_word' id='word_1_286' title='bbox 1536 4426 1622 4474; x_wconf 86' lang='lat' dir='ltr'>mentis</span> 
     </span>
     <span class='ocr_line' id='line_1_35' title="bbox 423 4504 1621 4570; baseline -0.004 -11"><span class='ocrx_word' id='word_1_287' title='bbox 423 4510 549 4567; x_wconf 79' lang='lat' dir='ltr'>acumine,</span> <span class='ocrx_word' id='word_1_288' title='bbox 573 4513 681 4557; x_wconf 85' lang='lat' dir='ltr'>veterum</span> <span class='ocrx_word' id='word_1_289' title='bbox 707 4522 802 4557; x_wconf 84' lang='lat' dir='ltr'>errores</span> <span class='ocrx_word' id='word_1_290' title='bbox 827 4521 873 4555; x_wconf 88' lang='lat' dir='ltr'>uou</span> <span class='ocrx_word' id='word_1_291' title='bbox 901 4506 1049 4570; x_wconf 86' lang='lat' dir='ltr'>rcpetivisset</span> <span class='ocrx_word' id='word_1_292' title='bbox 1074 4509 1116 4554; x_wconf 87' lang='lat' dir='ltr'>sut</span> <span class='ocrx_word' id='word_1_293' title='bbox 1141 4505 1259 4562; x_wconf 78' lang='lat' dir='ltr'>suxisset,</span> <span class='ocrx_word' id='word_1_294' title='bbox 1286 4506 1330 4553; x_wconf 84' lang='lat' dir='ltr'>nisi</span> <span class='ocrx_word' id='word_1_295' title='bbox 1354 4505 1527 4554; x_wconf 84' lang='lat' dir='ltr'>Graeculorum</span> <span class='ocrx_word' id='word_1_296' title='bbox 1545 4504 1621 4554; x_wconf 86' lang='lat' dir='ltr'>verbis</span> 
     </span>
     <span class='ocr_line' id='line_1_36' title="bbox 421 4586 1265 4657; baseline -0.009 -16"><span class='ocrx_word' id='word_1_297' title='bbox 421 4591 578 4657; x_wconf 79' lang='lat' dir='ltr'>quantumvis</span> <span class='ocrx_word' id='word_1_298' title='bbox 594 4589 701 4639; x_wconf 77' lang='lat' dir='ltr'>absurdis</span> <span class='ocrx_word' id='word_1_299' title='bbox 718 4591 772 4654; x_wconf 87' lang='lat' dir='ltr'>plus</span> <span class='ocrx_word' id='word_1_300' title='bbox 789 4587 911 4636; x_wconf 79' lang='lat' dir='ltr'>tribuisset</span> <span class='ocrx_word' id='word_1_301' title='bbox 928 4603 1000 4652; x_wconf 86' lang='lat' dir='ltr'>quam</span> <span class='ocrx_word' id='word_1_302' title='bbox 1016 4602 1058 4636; x_wconf 90' lang='lat' dir='ltr'>sno</span> <span class='ocrx_word' id='word_1_303' title='bbox 1076 4586 1151 4651; x_wconf 88' lang='lat' dir='ltr'>ipsius</span> <span class='ocrx_word' id='word_1_304' title='bbox 1169 4586 1265 4634; x_wconf 87' lang='lat' dir='ltr'>iudicio.</span> 
     </span>
    </p>

    <p class='ocr_par' dir='ltr' id='par_1_11' title="bbox 423 4667 1621 4897">
     <span class='ocr_line' id='line_1_37' title="bbox 457 4667 1621 4736; baseline -0.003 -14"><span class='ocrx_word' id='word_1_305' title='bbox 457 4676 483 4731; x_wconf 79' lang='lat'>2)</span> <span class='ocrx_word' id='word_1_306' title='bbox 506 4671 620 4736; x_wconf 84' lang='lat' dir='ltr'>Supplevi</span> <span class='ocrx_word' id='word_1_307' title='bbox 643 4672 705 4736; x_wconf 87' lang='lat' dir='ltr'>quod</span> <span class='ocrx_word' id='word_1_308' title='bbox 729 4686 812 4719; x_wconf 85' lang='lat' dir='ltr'>verum</span> <span class='ocrx_word' id='word_1_309' title='bbox 837 4667 970 4728; x_wconf 85' lang='lat' dir='ltr'>videbatur,</span> <span class='ocrx_word' id='word_1_310' title='bbox 986 4669 1028 4717; x_wconf 81' lang='lat' dir='ltr'>alii</span> <span class='ocrx_word' id='word_1_311' title='bbox 1046 4669 1128 4726; x_wconf 85' lang='lat' dir='ltr'>slitcr;</span> <span class='ocrx_word' id='word_1_312' title='bbox 1151 4668 1226 4716; x_wconf 85' lang='lat' dir='ltr'>Polal</span> <span class='ocrx_word' id='word_1_313' title='bbox 1246 4668 1323 4724; x_wconf 76' lang='grc' dir='ltr'>νίκης,</span> <span class='ocrx_word' id='word_1_314' title='bbox 1342 4668 1441 4715; x_wconf 67' lang='lat' dir='ltr'>fortene</span> <span class='ocrx_word' id='word_1_315' title='bbox 1460 4672 1528 4716; x_wconf 80' lang='lat' dir='ltr'>recte</span> <span class='ocrx_word' id='word_1_316' title='bbox 1549 4669 1621 4719; x_wconf 75' lang='lat' dir='ltr'>lhrrst</span> 
     </span>
     <span class='ocr_line' id='line_1_38' title="bbox 423 4746 1619 4816; baseline -0.003 -15"><span class='ocrx_word' id='word_1_317' title='bbox 423 4771 480 4803; x_wconf 86' lang='lat' dir='ltr'>vero</span> <span class='ocrx_word' id='word_1_318' title='bbox 505 4755 610 4816; x_wconf 81' lang='lat' dir='ltr'>lhbleyer</span> <span class='ocrx_word' id='word_1_319' title='bbox 634 4753 730 4813; x_wconf 80' lang='lat' dir='ltr'>(Grsch.</span> <span class='ocrx_word' id='word_1_320' title='bbox 755 4753 795 4801; x_wconf 85' lang='lat' dir='ltr'>des</span> <span class='ocrx_word' id='word_1_321' title='bbox 817 4751 867 4801; x_wconf 81' lang='lat' dir='ltr'>sir.</span> <span class='ocrx_word' id='word_1_322' title='bbox 885 4751 906 4799; x_wconf 75' lang='lat' dir='ltr'>v</span> <span class='ocrx_word' id='word_1_323' title='bbox 924 4768 945 4816; x_wconf 84' lang='lat' dir='ltr'>p.</span> <span class='ocrx_word' id='word_1_324' title='bbox 967 4752 1008 4811; x_wconf 83' lang='grc'>39)</span> <span class='ocrx_word' id='word_1_325' title='bbox 1035 4749 1173 4800; x_wconf 83' lang='lat' dir='ltr'>dubitanter</span> <span class='ocrx_word' id='word_1_326' title='bbox 1196 4750 1274 4798; x_wconf 88' lang='lat' dir='ltr'>locum</span> <span class='ocrx_word' id='word_1_327' title='bbox 1299 4749 1332 4796; x_wconf 84' lang='lat' dir='ltr'>sic</span> <span class='ocrx_word' id='word_1_328' title='bbox 1350 4746 1490 4797; x_wconf 85' lang='lat' dir='ltr'>rescribens:</span> <span class='ocrx_word' id='word_1_329' title='bbox 1510 4748 1619 4811; x_wconf 77' lang='grc' dir='ltr'><strong><em>πέμπτα</em></strong></span> 
     </span>
     <span class='ocr_line' id='line_1_39' title="bbox 424 4830 1619 4897; baseline -0.005 -12"><span class='ocrx_word' id='word_1_330' title='bbox 424 4836 500 4897; x_wconf 71' lang='lat' dir='ltr'>sensi</span> <span class='ocrx_word' id='word_1_331' title='bbox 517 4836 619 4897; x_wconf 67' lang='grc' dir='ltr'>ὕστερον</span> <span class='ocrx_word' id='word_1_332' title='bbox 636 4838 683 4893; x_wconf 68' lang='grc' dir='ltr'>τῆς</span> <span class='ocrx_word' id='word_1_333' title='bbox 699 4831 880 4897; x_wconf 67' lang='grc' dir='ltr'>Θρασυβούλου</span> <span class='ocrx_word' id='word_1_334' title='bbox 897 4830 1021 4889; x_wconf 71' lang='grc' dir='ltr'>(καθόδου</span> <span class='ocrx_word' id='word_1_335' title='bbox 1039 4831 1074 4889; x_wconf 75' lang='grc' dir='ltr'>εἷς</span> <span class='ocrx_word' id='word_1_336' title='bbox 1093 4832 1199 4889; x_wconf 65' lang='lat' dir='ltr'>buain&gt;</span> <span class='ocrx_word' id='word_1_337' title='bbox 1216 4833 1317 4894; x_wconf 75' lang='grc' dir='ltr'>Κριτίας</span> <span class='ocrx_word' id='word_1_338' title='bbox 1334 4833 1359 4877; x_wconf 75' lang='grc' dir='ltr'>ἐν</span> <span class='ocrx_word' id='word_1_339' title='bbox 1378 4833 1488 4892; x_wconf 80' lang='grc' dir='ltr'><strong><em>Πειραιεῖ</em></strong></span> <span class='ocrx_word' id='word_1_340' title='bbox 1501 4835 1619 4896; x_wconf 70' lang='grc' dir='ltr'>τελευτᾷ.</span> 
     </span>
    </p>
   </div>
   <div class='ocr_carea' id='block_1_4' title="bbox 1458 4929 1473 4981">
    <p class='ocr_par' dir='ltr' id='par_1_12' title="bbox 1458 4929 1473 4981">
     <span class='ocr_line' id='line_1_40' title="bbox 1458 4929 1473 4981; baseline 0 0"><span class='ocrx_word' id='word_1_341' title='bbox 1458 4929 1473 4981; x_wconf 87' lang='lat' dir='ltr'>&#39;l</span> 
     </span>
    </p>
   </div>
   <div class='ocr_carea' id='block_1_5' title="bbox 0 0 2268 5940">
    <p class='ocr_par' dir='ltr' id='par_1_13' title="bbox 0 0 2268 5940">
     <span class='ocr_line' id='line_1_41' title="bbox 0 0 2268 5940; baseline 0 0"><span class='ocrx_word' id='word_1_342' title='bbox 0 0 2268 5940; x_wconf 95' lang='lat' dir='ltr'> </span> 
     </span>
    </p>
   </div>
  </div>
 </body>
</html>
