4525 5950
976 490 1096 538 armas.
1567 472 1631 537 165

436 656 670 735 παρόντας·
702 655 771 724 τοὺς
796 658 853 729 μὲν
877 655 939 732 γὰρ
964 658 1100 728 (aas)
1126 656 1208 720 οῦδὲν
1233 651 1318 730 οἶμαι
1343 656 1493 732 τιμήσειν,
1518 658 1544 721 sl
1569 663 1633 727 τοῖς

435 762 619 835 ἐπιτηδείοις
651 760 854 834 ἀνεπιτήδειοι
880 757 1013 835 δόξουσιν
1038 755 1114 824 εἶναι
1132 760 1166 841 1),
1185 798 1216 808 -
1229 798 1261 808 -
1275 799 1308 809 -
1326 770 1390 833 τοῖς
1412 761 1443 825 δέ
1464 764 1634 838 βουλοίμην

435 869 477 934 ἂν
508 868 595 943 δόξαι
626 866 720 942 μηδὲν
749 867 858 930 ἀδικῶν
890 865 1014 936 τούτους
1047 866 1105 929 ὑπὸ
1136 866 1247 930 τούτων
1279 867 1449 931 ἀδικεῖσθαι
1480 869 1630 944 πρότερον.

435 976 663 1059 Distinguitnr
693 993 711 1038 a
741 971 903 1037 sodalibus
933 993 1012 1057 quos
1041 976 1152 1058 arguit
1182 973 1367 1037 auditorum
1391 994 1521 1049 corona,
1546 972 1631 1058 apud

435 1102 520 1167 quos
542 1081 730 1165 praesertim
753 1099 786 1142 se
809 1088 985 1165 purgatum
1009 1098 1077 1142 esse
1102 1077 1189 1155 vult;
1214 1081 1342 1163 utrique
1367 1080 1499 1155 adsunt;
1523 1082 1633 1164 itaque

436 1188 598 1263 παρόντας
617 1184 655 1250 de
673 1183 874 1248 auditoribus
894 1190 1020 1248 tantum
1042 1183 1164 1248 dictum
1185 1204 1373 1269 perversum
1395 1191 1460 1261 est,
1481 1193 1518 1248 ut
1537 1183 1635 1248 multi

439 1292 596 1357 viderunt
614 1290 719 1355 multa
738 1291 965 1375 excogitantes.
986 1287 1097 1352 Unum
1116 1295 1244 1353 tantum
1258 1288 1450 1353 vocabulum
1464 1292 1509 1354 rei
1522 1303 1635 1374 aptum

439 1407 510 1475 est,
542 1400 602 1461 atsi
633 1418 651 1462 a
680 1395 862 1460 litterarum
895 1396 1038 1480 apicibus
1068 1417 1147 1480 quas
1177 1396 1308 1481 praebet
1331 1395 1363 1458 X
1386 1394 1482 1480 paulo
1504 1394 1634 1481 longius

435 1502 598 1569 recedens.
619 1501 824 1587 Legendum:
846 1501 917 1580 τοῖς
939 1501 1008 1571 τοὺς
1029 1502 1257 1578 ἀκροατὰς,
1279 1500 1362 1585 quod
1379 1500 1483 1565 laetus
1496 1503 1637 1585 comperi

435 1607 645 1673 'l’balbeimio
667 1628 793 1692 quoque
812 1627 875 1671 non
896 1605 1004 1671 solum
1023 1609 1147 1671 venisse
1164 1609 1198 1669 in
1216 1614 1377 1683 mentem,
1398 1606 1452 1671 sed
1472 1608 1517 1671 ita
1536 1609 1634 1670 etiam

434 1714 618 1800 placuisse,
641 1721 679 1777 ut
704 1714 808 1777 textui
829 1712 946 1776 inferre
970 1734 1032 1777 non
1057 1711 1227 1776 dubitaret.

483 1927 538 1991 Or.
564 1925 639 1991 VIII
662 1924 724 2010 §b
756 1923 910 2009 Sequitur
939 1923 1029 1988 locus
1055 1924 1120 1988 sera
1144 1924 1379 2003 conclamatus,
1403 1926 1441 1991 de
1465 1947 1528 2010 quo
1551 1910 1634 1991 mihi

435 2056 514 2099 cum
538 2032 659 2097 editore
682 2053 746 2096 non
770 2052 897 2116 prorsus
921 2032 1079 2096 convenit.
1104 2028 1171 2097 Our
1192 2031 1274 2095 mihi
1295 2069 1336 2079 -
1358 2038 1445 2096 actor
1463 2035 1569 2117 inquit
1590 2069 1633 2080 -

436 2140 525 2204 male
549 2144 582 2203 et
605 2138 709 2202 dicere
729 2143 761 2201 et
780 2137 881 2200 facere
900 2140 1061 2201 conamini
1082 2145 1178 2221 atque
1198 2137 1281 2222 apud
1302 2138 1360 2202 hos
1379 2159 1432 2202 me
1445 2138 1634 2202 calumniari

437 2267 519 2331 quos
537 2243 624 2329 apud
644 2265 696 2308 me
714 2246 823 2328 ipsum
835 2241 1024 2307 calumniari
1036 2240 1209 2307 solebatis?
1222 2244 1328 2307 Kaira
1343 2241 1436 2314 οὕτως
1456 2245 1635 2321 ἐνοχλεῖ,

437 2351 520 2417 ὥστε
545 2349 611 2428 περὶ
636 2350 771 2417 τλεέονοο
797 2350 962 2422 ἐποιήσατο
984 2349 1079 2412 δοκεῖν
1100 2349 1175 2424 ἐμοῦ
1196 2348 1355 2425 κήδεσθαι,
1381 2350 1447 2412 καὶ
1473 2357 1635 2425 μᾶλλον

437 2462 539 2532 ἐμοῦ
572 2463 802 2520 κατειπεῖν.
834 2453 884 2519 lta
913 2454 945 2517 X
976 2457 1156 2539 ceterique,
1188 2462 1226 2519 ut
1256 2454 1394 2532 videtur,
1428 2475 1547 2519 omnes.
1572 2454 1634 2519 Sed

435 2565 516 2628 haec
547 2561 708 2626 eiusmodi
738 2567 832 2636 sunt,
863 2567 901 2623 ut
931 2563 1108 2624 sententiae
1138 2581 1196 2625 nec
1221 2566 1319 2645 caput
1342 2580 1399 2624 nec
1422 2580 1478 2644 pes
1501 2566 1634 2625 constet.

436 2667 530 2733 Unda
561 2670 649 2732 enim
681 2672 809 2751 repente
839 2663 1019 2750 singulares
1049 2664 1100 2729 illi
1132 2665 1257 2742 ἐνοχλεῖ
1285 2673 1318 2730 et
1349 2663 1537 2736 ἕτοιήοοτοὶ)
1571 2664 1634 2729 Ubi

435 2773 539 2839 altera
573 2775 748 2837 sententiae
782 2761 876 2855 pars?
912 2770 953 2834 lit
986 2769 1063 2854 quid
1095 2771 1225 2835 tandem
1254 2771 1314 2835 sibi
1348 2770 1461 2836 volunt
1492 2768 1631 2836 ultima?

435 2880 525 2945 Inter
548 2878 686 2944 editores
709 2877 815 2953 suere,
840 2883 878 2940 ut
902 2876 1123 2940 Hartmannus
1147 2883 1179 2939 et
1201 2875 1452 2953 Herwerdenus,
1473 2879 1529 2961 qni
1550 2896 1631 2960 qnae

436 2985 603 3053 emendari
633 3004 725 3068 posse
755 2983 957 3067 desperarent
981 2985 1102 3047 intacta
1125 2981 1260 3047 mallent
1283 2982 1471 3068 relinquere.
1497 2982 1562 3047 Alii
1586 2983 1631 3046 di·

435 3094 622 3158 versissima
634 3090 808 3154 commenti
819 3095 903 3152 sunt.
918 3088 944 3151 u
957 3088 1074 3172 quibus
1088 3088 1225 3172 —quod
1240 3087 1379 3172 exempli
1392 3108 1486 3153 causa
1496 3109 1578 3173 pono
1588 3124 1629 3136 -

435 3198 612 3283 Emporius
642 3195 847 3260 coniiciebat:
881 3196 981 3257 salros
1007 3188 1110 3270 οὗτος,
1136 3190 1166 3256 ὃν
1192 3197 1379 3273 ἠνωχλεῖτο,
1404 3196 1470 3269 περὶ
1497 3196 1632 3262 τλεῖονις

437 3308 605 3377 ἐποιήσατο
618 3302 713 3365 δοκεῖν
727 3302 801 3374 ἐμοῦ
813 3299 955 3369 κήδεσθαι
971 3300 1021 3361 καὶ
1036 3299 1073 3362 δι’
1087 3298 1191 3363 ἄλλων
1206 3301 1271 3376 ἐμοὶ
1287 3307 1435 3363 κατεῖπεν
1449 3297 1485 3381 ²).
1499 3300 1634 3365 Prorsus
1666 3286 1669 3291 .

437 3411 533 3477 aliter
553 3407 675 3473 Balsius
695 3405 816 3484 (scioli.
834 3404 982 3488 Hypomo.
997 3405 1029 3468 ll
1045 3427 1076 3491 p.
1091 3406 1172 3484 230)
1192 3415 1224 3470 et
1241 3405 1476 3483 Franckenim,
1498 3428 1634 3492 quorum

436 3516 609 3581 conamina
644 3512 728 3597 apud
758 3509 1000 3576 'Phalheimium
1031 3514 1207 3597 perscripta
1238 3534 1298 3576 non
1331 3515 1464 3597 reperio.
1497 3512 1634 3576 Bakius:

435 3625 538 3687 καίτοι
564 3622 598 3683 οὐ
623 3619 737 3687 τούτοις
764 3618 899 3696 ἐνοχλῶ,
930 3609 958 3681 οἳ
982 3620 1047 3696 περὶ
1073 3619 1209 3687 πλείονος
1236 3618 1415 3691 ἐποιήσαντο
1440 3618 1535 3682 δοκεῖν
1560 3619 1634 3694 ἐμοῦ

434 3728 581 3799 κήδεσθαι
606 3729 729 3799 μᾶλλον
751 3724 803 3786 καὶ
826 3723 891 3798 ἐμοὶ
913 3731 1071 3799 κατεῖπον,
1091 3720 1112 3788 ἃ
1134 3725 1160 3788 δ’
1181 3723 1310 3799 ἐλέγετε
1331 3739 1413 3801 κτλ.,
1434 3724 1509 3788 haec
1528 3726 1632 3809 Igitur

469 3941 495 4004 l)
523 3937 614 3987 Dubius
636 3936 723 3985 haereo
747 3940 829 3985 utrum
847 3935 908 3984 bano
925 3934 1031 4000 Emperii
1048 3933 1210 3983 coniecturam
1228 3934 1325 4000 probem
1344 3935 1463 3998 (obmovit
1480 3935 1577 3994 Belius,
1597 3935 1632 3984 ll.

432 4041 457 4089 p.
475 4022 533 4078 229,
552 4019 627 4079 ,παρ’
642 4015 711 4067 abiis
724 4022 801 4078 τιμᾶν
819 4018 845 4066 in
862 4016 917 4065 boui
934 4017 1057 4065 cniusdam
1074 4017 1236 4065 contemtione
1254 4018 1318 4065 diei’'
1332 4018 1422 4076 solere,
1436 4018 1632 4081 significationem

432 4103 507 4153 ulmis
524 4101 599 4158 artis,
618 4104 645 4148 nt
663 4099 722 4148 mibi
737 4098 833 4163 quidem
849 4098 952 4155 ridetur,
970 4097 1167 4146 circumscribens
1186 4097 1285 4161 finibus)
1299 4114 1329 4147 an
1345 4100 1498 4148 Franckenii:
1515 4100 1574 4155 τοὺς
1589 4100 1634 4159 μὲν

432 4187 484 4248 γὰρ
502 4180 574 4232 οῦδέν
591 4177 661 4241 οἶμαι
678 4177 894 4241 (nehemiam,
914 4180 978 4243 qnod
997 4179 1112 4243 praetulit
1132 4180 1315 4230 Herrrerdeuus.

467 4268 496 4330 2)
522 4265 623 4313 Videtur
646 4262 771 4327 Emporiue
794 4262 823 4309 de
845 4261 967 4310 nonnullis
990 4262 1028 4309 bic
1045 4262 1191 4311 sententiam
1211 4266 1330 4321 mutasse,
1346 4279 1401 4312 nam
1418 4279 1479 4326 quac
1499 4263 1588 4311 Bellus
1607 4267 1633 4311 nt

430 4349 484 4399 eim
502 4348 531 4396 ael
550 4348 574 4395 b.
593 4346 609 4395 l.
627 4345 776 4394 coniecturas
790 4343 881 4408 profert
895 4343 987 4404 (salros
1003 4336 1090 4400 οὗτος,
1104 4342 1137 4392 ὃν
1153 4340 1307 4406 ἐνοχλεῖν
1322 4343 1434 4406 ᾤεσθε,
1450 4345 1504 4404 ml
1520 4344 1632 4402 πλείονος

430 4428 572 4486 ἐποιήσατο
595 4425 673 4475 δοκεῖν
696 4422 759 4486 ἐμοῦ
781 4422 906 4481 κήδεσθαι,
923 4423 977 4474 καῖ
994 4429 1124 4485 μᾶλλον
1144 4422 1203 4485 ἐμοὶ
1224 4429 1356 4490 κατεῖπεν)
1375 4427 1456 4491 paullo
1473 4426 1585 4474 differunt
1602 4426 1631 4475 ab

429 4515 461 4563 iis
479 4525 541 4577 qnae
559 4509 654 4559 rettulit
671 4507 844 4558 'Ibalbeimins
863 4507 928 4558 nini
944 4524 1005 4572 qnae
1019 4508 1144 4573 llmperiua
1156 4510 1185 4557 ed
1202 4509 1299 4572 Lysiam
1314 4509 1451 4558 acutissime
1466 4524 1521 4558 sane
1530 4509 1631 4558 coniecit

432 4598 516 4651 videre
533 4608 582 4643 non
598 4592 707 4657 contigit.
