4525 5950
891 694 934 741 un
956 695 1032 741 rure
1054 693 1194 741 eonruo.
1575 676 1638 741 441

440 868 474 926 et
509 859 628 925 liberos
664 859 703 923 ab
733 861 804 923 istis
836 880 875 923 er
910 856 1057 942 epieleris
1089 856 1298 942 procreandos
1314 859 1347 936 ¹).
1381 859 1481 942 Atqui
1513 857 1642 923 nullum

440 965 592 1032 effectum
624 964 740 1030 hebuit
763 961 931 1029 Androolis
955 965 1087 1048 petitio,
1111 965 1187 1048 quia
1209 965 1342 1027 interim
1364 984 1449 1028 unus
1471 966 1642 1049 privignus

440 1069 705 1147 Chaerestratus,
731 1073 823 1154 qnasi
846 1071 937 1133 heres
957 1071 1094 1153 scriptus
1114 1069 1153 1133 ab
1174 1068 1381 1134 Euctemonis
1401 1068 1466 1132 lilio
1485 1068 1643 1134 Philocte

439 1198 555 1254 mone,
588 1198 685 1263 quem
716 1184 789 1241 ante
821 1181 945 1261 patrem
976 1182 1143 1239 mortuum
1175 1196 1272 1261 supra
1299 1179 1640 1253 commemoravimus,

439 1289 548 1348 totam
579 1283 791 1347 hereditatem
823 1282 956 1367 petivit,
988 1286 1084 1364 etque
1115 1283 1160 1345 sic
1184 1279 1375 1345 Androclum
1400 1279 1551 1360 exclusit,
1578 1303 1640 1366 qno

440 1390 583 1475 pertinet
613 1390 684 1473 ipse
714 1394 805 1452 sexta
836 1386 918 1451 lsaei
949 1389 1059 1451 oratio.
1088 1385 1291 1470 Quamquam
1322 1387 1378 1450 diu
1409 1395 1474 1463 est,
1507 1409 1546 1451 ex
1576 1408 1639 1472 quo

440 1500 567 1560 uertant
590 1495 654 1558 viri
679 1493 782 1567 docti,
806 1489 1067 1558 Chaerestratum
1091 1494 1177 1556 iuter
1199 1499 1232 1555 et
1251 1491 1440 1557 Androclum
1461 1501 1534 1557 utra
1553 1493 1640 1557 here·

441 1599 529 1664 dites
551 1601 586 1663 in
610 1600 860 1663 controversiam
885 1600 1024 1662 venerit:
1049 1595 1321 1675 Philootemonis,
1345 1619 1383 1662 sn
1408 1600 1507 1682 patris
1527 1597 1641 1663 Eucte-

441 1706 551 1769 monis
559 1752 567 1781 ‚
593 1725 693 1790 quum
719 1704 897 1787 subscripta
922 1704 965 1766 sit
988 1706 1089 1767 oratio
1114 1705 1255 1778 περὶτοῦ
1278 1707 1500 1779 Φιλοκτήμονος
1521 1705 1639 1783 κλήρου,

440 1813 511 1875 sint
542 1809 755 1875 nihilominus
786 1809 872 1873 haud
904 1807 990 1872 levia
1021 1808 1139 1873 indicia
1162 1814 1266 1873 actam
1290 1811 1398 1894 potius
1422 1830 1489 1874 esse
1513 1830 1642 1875 causum

444 1914 656 1980 Euctemonis
683 1916 838 1979 bonorum
861 1934 957 1999 quam
981 1913 1243 1979 Philootemonis.
1269 1913 1394 1991 Veluti,
1419 1914 1502 2000 quod
1527 1917 1642 1994 λαχόν·

444 2044 498 2092 τος
524 2069 623 2086 .....
649 2026 701 2084 τοῦ
735 2021 961 2099 Χοιιρεστριίτοιι
995 2021 1079 2083 κιιτιὶ
1112 2023 1162 2085 τὸν
1194 2021 1284 2094 νόμον
1315 2025 1369 2084 τοῦ
1401 2023 1510 2098 κλήρου
1544 2067 1640 2090 .....

445 2127 685 2204 διεμαρτύρήσεν
723 2126 902 2204 Ἀνδροκλῆς
940 2174 1038 2192 .....
1075 2129 1120 2202 μή
1161 2127 1292 2190 ἐπίδικον
1329 2122 1405 2190 εἶναι
1447 2128 1497 2190 τὸν
1534 2133 1641 2205 κλῆρον

442 2235 476 2317 (8
498 2231 603 2317 3sq.),
635 2233 669 2297 id
695 2233 839 2318 procedit
862 2235 945 2297 eirea
967 2232 1175 2297 Euctemonis
1197 2232 1419 2309 hereditatem,
1443 2234 1535 2296 cuins
1558 2254 1641 2298 nuno

442 2359 557 2403 rursus
580 2359 619 2404 ex
641 2337 786 2424 Callippe
809 2337 913 2403 lilium
937 2359 1005 2404 esse
1027 2337 1216 2424 legitimum
1240 2338 1447 2403 contendebat
1469 2338 1642 2404 Androcles

445 2447 479 2529 (§
499 2444 568 2524 46),
600 2466 675 2509 eum
708 2450 745 2509 ut
775 2444 975 2522 excluderet,
1008 2465 1026 2508 a
1056 2466 1118 2529 quo
1143 2448 1210 2530 ipse
1234 2451 1317 2510 esset
1341 2443 1499 2509 exclusus.
1523 2445 1573 2509 lix
1595 2445 1641 2510 di-

444 2573 539 2617 uerso
571 2550 823 2616 Philootemonis
853 2551 1030 2628 hereditas,
1055 2553 1082 2614 si
1105 2571 1168 2635 qua
1191 2556 1276 2627 erat,
1300 2549 1484 2615 omnimodo
1509 2551 1639 2624 ἐπίδικοι

446 2657 552 2723 videri
583 2656 736 2733 debebat,
770 2657 872 2730 ἐτεέδκ
900 2704 998 2722 .....
1024 2659 1066 2736 τῷ
1092 2658 1295 2730 Φιλοκτήμονι
1319 2657 1352 2720 ἐκ
1376 2665 1430 2729 τῆς
1455 2659 1598 2733 γυναικὸς
1624 2654 1642 2738 ή

446 2761 573 2845 συνῴκει
604 2763 657 2826 οὐκ
689 2758 722 2837 ήν
755 2762 873 2826 uelites
905 2761 987 2826 οὐδέν
1018 2763 1049 2846 (ᾖ
1070 2762 1114 2842 b),
1147 2769 1215 2827 eret
1246 2784 1320 2827 sane
1342 2761 1429 2827 filius
1452 2761 1641 2847 adoptivus,

446 2871 525 2954 quia
550 2868 772 2948 Χαιρέττροιτον
798 2870 961 2941 ἐτοιήσιιτο
987 2869 1048 2932 οἷόν
1073 2869 1103 2951 (ᾖ
1123 2868 1168 2947 6),
1192 2890 1254 2932 non
1280 2875 1388 2932 tamen
1410 2888 1467 2953 pro
1490 2869 1551 2932 hoo
1574 2867 1640 2933 filio

443 2975 709 3060 interponebatur
739 2977 867 3040 testatio
888 2971 924 3054 ²).
955 2974 1043 3062 Ergo
1076 2996 1138 3039 non
1168 2977 1269 3039 miror
1299 2972 1459 3060 plerisque
1480 2972 1505 3054 ³)
1536 2978 1640 3040 uisam

443 3101 516 3147 esee
546 3082 605 3145 sub
634 3084 764 3146 nomine
787 3080 1041 3146 Philootemonis
1064 3101 1194 3146 causam
1217 3084 1272 3167 ogi
1296 3082 1451 3146 bonorum
1473 3082 1643 3148 Euctemo-

443 3189 514 3265 nis,
539 3186 624 3273 quod
647 3188 728 3252 mihi
754 3209 879 3272 quoque
903 3208 1017 3252 verum
1034 3186 1180 3265 ridetur3
1201 3186 1283 3252 illud
1305 3190 1420 3252 miror:
1440 3210 1504 3253 non
1523 3188 1640 3254 vidisse

443 3295 533 3359 uiros
553 3292 677 3369 doctos,
702 3294 826 3377 quade
850 3315 883 3358 re
908 3298 1082 3369 uerterent,
1106 3292 1219 3358 eadem
1242 3293 1280 3356 de
1303 3314 1336 3357 re
1360 3301 1518 3359 certatum
1543 3293 1641 3361 Chae

445 3405 620 3464 restratum
645 3402 730 3464 inter
749 3408 782 3464 et
802 3397 1006 3475 Androclum,
1027 3404 1080 3475 ut,
1102 3419 1199 3483 quam
1220 3398 1429 3463 hereditatem
1447 3398 1502 3463 ille
1522 3399 1640 3466 diceret

446 3504 717 3581 Philootemonis,
749 3506 824 3569 huie
853 3505 1063 3569 Euctemonis
1094 3503 1253 3568 diceretur
1283 3506 1314 3585 (8
1335 3504 1394 3568 56:
1426 3506 1452 3569 el
1483 3507 1564 3581 γὰρ,
1594 3508 1638 3577 ὡς

446 3606 560 3675 οὗτοι
593 3612 805 3687 λέγουσιν,
839 3657 936 3676 .....
970 3612 1167 3684 Εὐκτήμονος
1197 3611 1314 3674 ἐστινὸ
1347 3617 1470 3689 κλῆρος,
1508 3610 1542 3675 id
1574 3619 1639 3676 est:

445 3718 460 3781 i
491 3725 600 3793 κλῆρος
631 3717 698 3794 περὶ
731 3713 764 3780 οὗ
798 3715 1114 3796 ἀμφισβητοῦμεν),
1146 3737 1226 3793 nou,
1260 3736 1355 3800 quem
1385 3715 1527 3801 intelligi
1551 3719 1641 3782 iubet

444 3820 669 3907 Schelhng³):
692 3822 705 3886 1
726 3823 948 3898 Φιλοκτήμονος
970 3829 1101 3902 κλῆρος),
1122 3822 1176 3886 vel
1196 3843 1298 3907 quum
1314 3821 1641 3888 uidissentoertatum

484 4064 513 4133 1)
531 4065 590 4115 Ieae.
609 4063 740 4126 v111531
762 4061 802 4128 (ἐκ
824 4061 917 4112 τούτου
936 4061 979 4111 κιιέ
995 4060 1022 4127 ἐξ
1040 4059 1153 4125 ἐκείνης).

478 4149 507 4213 8)
532 4147 686 4207 Potueritne,
708 4162 782 4211 quum
802 4151 863 4195 esset
881 4145 1062 4195 Cheereetratne
1081 4149 1238 4204 testamento,
1257 4161 1304 4194 non
1321 4146 1385 4195 inter
1403 4146 1481 4205 vivos,
1501 4146 1641 4212 adoptatus,

445 4230 541 4294 quaerit
558 4230 720 4288 Sohoemnnn,
739 4229 768 4278 ed
785 4229 878 4277 Ieeeum
896 4245 918 4293 p.
938 4229 985 4277 198
1002 4229 1093 4289 (adnot.
1112 4228 1141 4276 ed
1159 4243 1181 4292 p.
1200 4227 1257 4288 187)
1263 4249 1270 4286 3
1294 4243 1372 4292 opusc.
1391 4228 1455 4276 eced.
1473 4228 1486 4276 I
1502 4244 1525 4293 p.
1544 4229 1640 4287 282⁰,

445 4312 555 4376 Lipsius,
576 4313 631 4359 Act.
651 4313 720 4361 Ριοκ.
740 4328 762 4376 p.
781 4312 829 4359 out
848 4314 897 4359 not.
917 4309 973 4361 est.

483 4394 511 4457 8)
534 4393 561 4441 lt.
576 4409 598 4457 g.
617 4393 721 4457 Georgio
739 4394 859 4442 Friderioo
877 4392 1037 4450 Schoeneuu,
1055 4393 1085 4440 ed
1102 4390 1209 4449 Isaeum,
1227 4407 1279 4456 peg.
1298 4393 1359 4450 eth
1377 4408 1455 4456 opuee.
1474 4393 1538 4442 eeed.
1557 4392 1569 4441 Ι
1586 4409 1640 4459 pag.

447 4473 534 4537 81118.
554 4477 573 4523 Δ
591 4474 684 4523 diverse
701 4478 769 4540 perte
786 4479 849 4524 etarc
867 4475 934 4523 video
952 4478 1057 4538 petrem,
1075 4475 1194 4522 Mnemon.
1213 4473 1225 4521 1
1243 4491 1266 4538 p.
1284 4476 1340 4523 888.

480 4559 509 4621 4)
525 4557 564 4605 Ite
582 4557 656 4605 vertit
675 4559 785 4615 Dereete,
804 4558 838 4605 ἐοι
852 4556 988 4620 ρῑιιίᾱορκιτ
1005 4553 1083 4605 d’lee'e
1100 4555 1185 4617 (1888)
1202 4572 1225 4620 p.
1245 4556 1300 4604 188.

481 4640 507 4698 i)
532 4640 567 4686 De
591 4638 685 4687 Solonis
708 4638 801 4701 legibus
822 4640 908 4697 (1842)
931 4654 954 4702 p.
976 4637 1032 4687 118.
1056 4638 1130 4701 Atqui
1148 4637 1300 4685 Euctemouis
1318 4636 1406 4686 mortui
1425 4635 1487 4686 nihil
1504 4653 1574 4686 suum
1593 4653 1642 4687 esee

445 4724 548 4785 poteret.
569 4720 698 4769 Dicendum
718 4720 793 4784 igitur
810 4720 878 4767 lesco
895 4720 991 4769 luisset:
1009 4718 1031 4767 ei
1048 4721 1105 4780 γέιρ,
1123 4718 1154 4775 ὥς
1180 4710 1248 4767 οὗτοι
1268 4716 1394 4780 λέγουσιν,
1483 4716 1641 4779 Εέκτήμονος

444 4799 478 4859 ήν
493 4800 506 4849 8
524 4802 626 4862 κλήρος,
645 4806 672 4849 ut
689 4802 828 4867 procederet
846 4800 1031 4865 interpretatio,
1048 4816 1119 4865 quem
1138 4802 1279 4849 retutemus.
