4525 5950
1052 721 1211 779 11111111.Ι
1664 704 1726 769 135

530 888 621 952 derst
651 888 741 952 nicht
771 910 809 952 au
842 888 1037 974 bagreifen”.
1071 885 1329 953 Consentaneum
1360 887 1465 952 fuerat
1496 893 1533 950 ut
1564 885 1729 952 Calidorus

530 1000 608 1077 post
636 1000 800 1077 acceptam
830 991 1018 1077 epistolam,
1048 1013 1173 1056 memor
1204 991 1339 1055 foederis
1371 993 1469 1055 iurati
1498 1012 1573 1054 cnm
1596 990 1728 1066 lenone,

531 1101 645 1162 statim
668 1101 700 1161 in
724 1101 806 1162 iram
830 1097 1048 1162 exardesceret
1068 1117 1207 1182 eumque
1228 1097 1267 1159 ab
1287 1097 1345 1160 hac
1359 1103 1447 1180 parte
1467 1096 1585 1160 adoriri
1605 1103 1730 1180 pararet

531 1206 666 1267 11111111
690 1202 866 1279 Pseudolo,
887 1210 924 1266 nt
947 1224 1030 1267 nunc
1057 1202 1091 1267 111
1116 1202 1248 1267 demum
1274 1208 1346 1286 post
1370 1200 1493 1286 atosq.

581 1307 643 1373 Sed
666 1309 813 1373 cohaeret
837 1308 895 1373 hoc
922 1329 996 1372 cnm
1026 1311 1266 1373 mutatione
1286 1305 1584 1383 consiliorum,
1614 1308 1730 1391 quibus

535 1436 589 1479 cro
613 1434 707 1498 opem
731 1414 829 1491 ierat,
853 1417 886 1477 in
910 1412 1086 1491 Pseudolo,
1111 1413 1149 1478 de
1173 1434 1236 1499 qna
1259 1434 1292 1477 re
1318 1433 1399 1497 opus
1422 1421 1469 1477 est
1493 1412 1646 1497 peculiari
1670 1412 1731 1477 dis

535 1521 718 1604 quisitione.

582 1623 612 1688 6.
649 1623 684 1687 In
716 1626 821 1708 prima
851 1644 944 1687 scena
975 1625 1074 1687 etiam
1105 1622 1287 1687 Pseudolus
1317 1620 1463 1706 loquitur
1494 1630 1527 1687 et
1555 1622 1731 1688 meditatur

534 1736 664 1794 tantum
696 1728 734 1793 da
766 1728 957 1792 invenienda
988 1731 1139 1813 pecnnia,
1166 1749 1222 1792 nec
1244 1730 1351 1791 minus
1374 1730 1408 1790 in
1433 1748 1524 1792 scena
1548 1728 1563 1793 1
1588 1727 1608 1792 3
1630 1749 1731 1812 nsque

535 1834 576 1899 ad
607 1856 739 1900 versum
770 1833 836 1898 342
867 1834 1109 1919 stipulationem
1142 1855 1217 1899 oum
1248 1833 1354 1899 milite
1385 1837 1515 1898 omnino
1545 1837 1674 1919 ignorat
1699 1841 1731 1899 at

534 1961 609 2004 cnm
629 1939 772 2004 Ballione
790 1942 837 2004 ita
857 1938 1054 2024 colloquitur
1073 1946 1129 2016 nt,
1150 1942 1178 2003 si
1196 1942 1403 2004 inveniantur
1423 1940 1517 2004 modo
1538 1939 1600 2002 XX
1614 1942 1729 2016 minae,

533 2048 704 2131 acquisitio
735 2044 882 2110 mulieris
914 2045 1004 2111 salva
1035 2067 1103 2111 esse
1135 2046 1285 2111 videatur
1316 2045 1474 2112 Calidoro.
1504 2045 1609 2131 Supra
1632 2038 1729 2111 citari

534 2150 602 2216 279
615 2172 661 2236 sq.
685 2149 835 2235 idemque
859 2150 972 2216 docent
996 2150 1062 2215 283
1075 2173 1120 2236 sq.
1139 2150 1173 2231 ¹).

580 2255 641 2321 Illa
671 2258 776 2340 igitur
803 2258 983 2341 ignorantia
1007 2256 1157 2321 Pseudoli
1182 2264 1307 2343 pugnat
1329 2279 1402 2321 cum
1426 2259 1467 2321 iis
1490 2278 1570 2342 qnae
1592 2260 1660 2342 ipse
1685 2280 1731 2323 re·

533 2364 650 2428 citavit
678 2382 716 2426 ex
749 2360 897 2445 epistula,
929 2364 1053 2447 cogitat
1084 2363 1308 2428 tantummodo
1340 2363 1377 2428 de
1402 2364 1535 2428 emenda
1559 2363 1729 2428 Phoenicio

534 2468 600 2532 XX
630 2470 728 2531 minis
758 2487 859 2551 nequa
892 2465 998 2531 hilum
1031 2472 1184 2551 temporis
1214 2472 1396 2554 suspicatur
1426 2468 1564 2554 aliquem
1589 2468 1730 2534 militam

533 2594 619 2647 essa,
651 2575 706 2656 qui
736 2575 933 2656 emptionem
957 2577 1175 2639 anteverterit.
1208 2574 1268 2638 Sed
1294 2581 1485 2639 mutatur
1507 2575 1579 2638 hoc
1602 2577 1730 2638 consi-

532 2678 638 2742 lium
663 2677 833 2761 derepente
856 2677 1036 2743 11111111.
1058 2678 1134 2754 381,
1155 2688 1324 2764 postquam
1345 2700 1363 2743 a
1386 2678 1533 2743 lenone
1557 2678 1595 2742 de
1615 2678 1731 2743 militis
1827 2722 1829 2724 -

533 2781 747 2866 stipulatione
766 2782 896 2847 edoctus
916 2790 965 2847 est
985 2804 1165 2867 novamque
1186 2784 1258 2849 inde
1280 2788 1367 2848 viam
1384 2787 1458 2848 iniri
1471 2805 1562 2869 posse
1575 2792 1606 2848 et
1619 2784 1731 2851 debere

533 2889 697 2972 perspexit
728 2887 875 2971 potiundi
906 2887 1052 2954 muliere.
1083 2888 1214 2954 Novum
1238 2889 1407 2954 consilinm
1431 2889 1656 2976 suppeditatur
1677 2891 1729 2955 1111

532 2992 642 3057 verbis
664 2992 788 3056 1110111
812 2992 895 3059 373:

636 3098 707 3164 Nisi
730 3098 813 3162 mihi
837 3098 933 3163 hodie
957 3099 1105 3164 attulerit
1129 3099 1223 3164 miles
1246 3103 1385 3186 quinqua
1404 3124 1482 3187 quas
1502 3103 1595 3168 debet
1615 3107 1728 3181 minas,

637 3203 729 3269 Sicut
752 3204 829 3269 haec
852 3213 902 3269 est
925 3208 1117 3290 praestituta
1141 3226 1269 3270 summa
1293 3209 1322 3270 ei
1346 3216 1479 3292 argento
1501 3209 1583 3272 dies:

637 3308 673 3373 Si
695 3309 729 3373 id
752 3330 816 3373 non
839 3309 958 3386 adfert,
984 3331 1074 3394 posse
1097 3313 1211 3395 opinor
1232 3312 1331 3375 facere
1353 3333 1405 3375 me
1425 3313 1563 3380 officinm
1583 3335 1704 3379 meum.

532 3414 613 3481 Gan.
639 3413 955 3494 (1111111111Β1.
980 3414 1014 3480 Si
1039 3424 1073 3480 tn
1099 3423 1270 3502 argentum
1296 3416 1461 3495 attuleris,
1486 3440 1560 3483 curn
1584 3419 1641 3483 illo
1662 3441 1728 3504 per·
1761 3435 1765 3444 ·

1442 3523 1550 3589 didero
1575 3524 1680 3590 fidem.

531 3627 618 3690 Hinc
648 3630 751 3712 igitur
782 3629 918 3712 percipit
941 3627 1121 3692 Pseudolus
1146 3631 1297 3692 amissam
1322 3649 1389 3692 cese
1413 3629 1642 3705 Phoenicium,
1666 3631 1727 3694 nisi

530 3752 601 3796 eam
639 3741 713 3796 ante
747 3733 922 3797 adventum
958 3733 1058 3819 legati
1094 3732 1248 3797 militaris
1279 3754 1351 3797 cum
1385 3732 1406 3795 V
1441 3737 1557 3810 minis,
1581 3737 1635 3818 qui
1661 3739 1727 3800 sine

530 3838 629 3901 dubio
660 3858 722 3901 101
754 3842 942 3916 morabitur,
975 3839 1082 3923 aliquo
1113 3838 1185 3903 dolo
1218 3841 1440 3923 praeripuerit.
1477 3838 1585 3919 Qualis
1618 3847 1726 3905 autem

529 3940 658 4006 fallacia
699 3942 877 4008 adhibenda
916 3948 959 4008 sit
993 3943 1120 4008 nullum
1158 3947 1311 4029 temporis
1346 3953 1545 4008 momentum
1582 3946 1727 4011 dubitare

528 4055 666 4132 poterat,
701 4051 777 4133 qnin
811 4051 910 4112 etiam
940 4057 1148 4133 spectatores,
1174 4053 1295 4133 opinor,
1321 4050 1382 4114 hoc
1407 4048 1567 4133 extemplo
1591 4054 1727 4134 suspica·

528 4153 657 4228 bantur,
690 4153 891 4217 recordantes
922 4156 1070 4238 quotiens
1100 4151 1248 4227 lenones,
1281 4152 1402 4216 milites
1425 4151 1544 4236 aliique
1568 4154 1727 4217 inhonesti

529 4259 595 4320 viri
627 4260 661 4319 in
691 4256 809 4321 fabulis
833 4258 1055 4341 deciperentur
1078 4278 1135 4341 par
1159 4256 1326 4320 simulatas
1350 4278 1498 4342 personas
1522 4257 1602 4321 falsa
1625 4261 1727 4342 specie

528 4360 678 4438 indutas,
710 4366 804 4426 utin
830 4363 942 4438 Persa,
969 4361 1092 4438 Milite,
1117 4360 1250 4445 Epidico
1275 4369 1307 4424 et
1331 4368 1439 4445 postea
1463 4365 1495 4424 in
1521 4363 1725 4427 Phormione.

529 4466 608 4530 Erat
640 4466 699 4530 hoc
730 4466 903 4531 consilium
928 4468 1041 4532 effectu
1065 4467 1196 4552 quidem
1222 4466 1367 4543 difficile,
1393 4467 1533 4532 sednon
1558 4469 1724 4532 aterna:

541 4636 709 4644 ----·---——
715 4637 725 4642 -

565 4724 592 4785 l)
617 4725 670 4772 Duo
687 4726 782 4772 tantm
800 4722 847 4772 loci
863 4723 996 4789 excipiendi
1015 4728 1085 4783 rant,
1104 4725 1153 4772 284
1171 4731 1194 4771 et
1213 4725 1269 4782 828,
1288 4723 1313 4772 11
1331 4723 1416 4787 quibos
1434 4728 1511 4773 metue
1528 4724 1671 4773 venditionis
1688 4740 1727 4773 ex-

531 4803 663 4868 primitnr;
680 4804 708 4852 de
725 4804 763 4853 1111
778 4809 861 4869 postea
878 4804 1016 4855 ridebimur.
