4525 5950
914 691 1163 741 amoreraanas.
1565 675 1631 744 277

485 855 577 920 Locis
614 876 711 940 quam
747 854 897 940 plurimis
932 856 1014 919 mibi
1049 857 1219 921 convenire
1254 877 1328 920 oum
1364 858 1570 941 sagacissimo
1601 862 1633 920 et

435 959 623 1025 doctissimo
654 960 778 1046 collega
809 966 875 1025 tam
907 963 1116 1045 interpretem
1149 981 1244 1045 quarn
1270 963 1418 1025 criticum
1445 964 1553 1046 agenti
1576 964 1632 1026 vix

437 1086 520 1149 opus
549 1071 597 1129 est
628 1064 741 1130 dicere.
773 1065 855 1145 Quia
887 1086 963 1130 vero
994 1086 1120 1129 merum
1152 1086 1316 1130 assensum
1349 1065 1528 1150 significare
1552 1065 1634 1130 nihil

434 1171 534 1235 hebet
557 1170 728 1243 utilitatis,
753 1171 791 1235 de
815 1172 865 1236 his
886 1171 1016 1256 quidem
1037 1176 1169 1255 (paucos
1189 1191 1285 1255 supra
1306 1173 1415 1256 tetigi)
1436 1170 1528 1235 silere
1547 1193 1634 1256 prae

436 1280 568 1341 stiterit.
600 1274 789 1343 Coniunctis
818 1277 944 1342 viribus
976 1283 1012 1340 ut
1043 1279 1145 1340 maior
1166 1285 1302 1361 'semper
1325 1277 1443 1360 ubique
1467 1276 1522 1341 lux
1547 1276 1634 1341 adul·

433 1390 515 1469 geat
533 1383 771 1448 obscurioribus
790 1386 990 1468 corruptisve
1010 1388 1156 1447 veterum
1178 1384 1370 1467 scriptorum
1382 1381 1460 1446 locis
1472 1381 1530 1447 boc
1542 1403 1633 1467 opus,

440 1489 496 1552 hio
519 1487 608 1553 labor
631 1486 716 1554 esto!

525 1775 611 1821 DUAE
635 1774 746 1821 conaus
769 1773 1005 1822 ooaaaoulonus
1027 1774 1178 1821 mamaea
1201 1775 1235 1821 IN
1259 1773 1412 1822 SOYMNUM
1435 1774 1546 1822 emunt.

484 1908 678 1973 Immortalis
702 1910 857 1994 magister
881 1930 973 1973 meus
997 1916 1064 1973 tam
1089 1908 1252 1994 eleganter
1275 1908 1399 1973 litteras
1423 1906 1560 1975 Graecas
1583 1932 1634 1976 er·

433 2016 565 2091 arabat,
589 2021 627 2078 ut
650 2036 689 2078 ne
713 2015 752 2079 ab
776 2017 908 2099 optimis
932 2015 1061 2099 quidem
1085 2013 1294 2101 calligrapbis
1318 2014 1407 2080 ltalia
1430 2015 1549 2081 saeculi
1574 2016 1633 2080 XV

432 2141 475 2185 ca
506 2122 538 2184 in
570 2141 603 2184 re
635 2128 849 2206 superaretur,
882 2141 938 2185 nec
969 2123 1141 2205 quisquam
1172 2124 1242 2185 eiua
1275 2120 1508 2207 discipulorum
1540 2123 1633 2188 hodie

434 2228 523 2291 vivit
554 2246 650 2309 quem
684 2245 798 2289 manns
828 2222 941 2290 (lebeti
969 2225 1088 2290 alicubi
1114 2225 1196 2290 facta
1219 2227 1348 2290 obviam
1372 2234 1529 2311 puuctum
1554 2233 1633 2292 tem·

437 2334 528 2417 poris
553 2330 661 2395 fallere
685 2334 795 2415 possit.

486 2435 597 2519 Nuper
618 2440 728 2502 autem
750 2438 784 2499 in
808 2457 922 2500 manus
946 2435 1028 2500 mibi
1052 2437 1143 2501 venit
1164 2438 1300 2500 eximiae
1321 2434 1455 2523 Scymni
1474 2436 1631 2516 editionis,

437 2561 539 2626 quam
560 2541 708 2606 Meinelre
727 2544 853 2605 curavit
874 2541 1013 2606 Berolini
1032 2563 1060 2605 a.
1083 2540 1181 2618 1846,
1202 2542 1373 2626 exemplar,
1395 2542 1478 2628 quod
1498 2543 1634 2609 Leovar-

434 2647 510 2711 diae
544 2655 726 2711 asservetur
760 2649 794 2711 in
832 2646 952 2711 Bumae
990 2666 1070 2730 quae
1106 2646 1224 2711 dicitur
1258 2646 1449 2712 bibliotheca
1481 2649 1523 2725 (A
1543 2649 1631 2729 107),

434 2752 551 2839 procul
573 2753 669 2818 dubio
693 2752 866 2817 oriundum
891 2773 929 2817 ex
951 2755 1021 2837 ipsa
1044 2751 1158 2819 Oobeti
1181 2752 1339 2817 librorum
1363 2752 1556 2820 collectione.

488 2859 538 2922 Ad
561 2860 712 2923 carminis
734 2859 866 2922 initium

621 2966 743 3028 πάντων
768 2963 1019 3042 ἀναγκαιότατον
1044 2966 1061 3039 ἦ
1086 2961 1247 3042 sospita,

621 3071 757 3134 θειότατε
782 3069 918 3145 βασιλεῦ
943 3070 1134 3147 Νικόμνρδεο,
1160 3070 1244 3133 τοῦτ’
1270 3068 1337 3150 ἔχει

620 3177 654 3241 τό
679 3177 730 3239 καὶ
755 3176 903 3255 βραχέως
928 3171 1048 3238 ἕκαστον
1073 3175 1138 3237 καὶ
1165 3173 1274 3254 φρόζ
1281 3199 1338 3238 ειν
1361 3183 1471 3253 σαφῶς

620 3283 672 3346 καὶ
696 3288 909 3362 ψυχαγωγεῖν
933 3282 1039 3343 πάντα
1064 3281 1115 3343 τόν
1141 3282 1212 3358 ὑγιῆ
1238 3285 1340 3359 κριτήν

434 3392 469 3453 in
495 3391 640 3474 margine
665 3388 775 3453 dextra
800 3386 910 3454 Cobeti
931 3408 1030 3451 manu
1049 3386 1212 3471 (plumbo,
1234 3392 1270 3451 ut
1289 3388 1423 3468 solebat)
1444 3389 1628 3455 adnotatum

435 3496 560 3577 reperio
584 3491 710 3573 Φρόζ”
734 3496 818 3570 καὶ,
843 3513 924 3577 quae
948 3491 1058 3578 procul
1082 3492 1179 3557 dubio
1204 3513 1279 3558 vero
1303 3501 1351 3558 est
1375 3495 1564 3561 emendatio.

483 3599 554 3663 Non
584 3602 692 3664 minus
715 3598 909 3684 probandam
933 3598 1070 3663 arbitror
1093 3598 1238 3664 eiusdem
1263 3601 1490 3665 correctionem
1514 3605 1630 3687 margi·

434 3703 544 3769 nalem
574 3704 696 3769 ibidem
728 3705 767 3768 ad
793 3725 838 3767 vs.
865 3702 930 3767 343
955 3699 982 3773 ἧι
1008 3704 1041 3776 ib
1067 3724 1125 3788 pro
1150 3703 1265 3768 codicis
1288 3703 1424 3769 lectione
1448 3705 1520 3783 ἤδη,
1546 3707 1629 3772 uude

434 3803 463 3875 ol
496 3812 530 3881 lis
554 3811 671 3875 fecerat
696 3809 904 3887 Boissonade,
930 3809 1013 3894 quod
1036 3812 1068 3873 in
1095 3816 1222 3874 textum
1246 3810 1487 3876 dubitabundus
1512 3816 1631 3897 recepit

435 3915 603 3993 Mainake,
636 3915 699 3981 alia
728 3918 797 4001 ipse
829 3918 1003 3992 coniciens,
1037 3923 1074 3980 ut
1098 3916 1182 3980 mihi
1205 3917 1337 4001 quidem
1360 3917 1498 3995 videtur,
1522 3921 1630 3984 minus

436 4022 624 4108 probabilia.

482 4128 623 4193 Tertiam
646 4127 697 4191 his
720 4126 868 4192 adderem
892 4125 1005 4193 Oobeti
1028 4129 1245 4192 coniecturam
1267 4130 1301 4191 iu
1326 4150 1373 4193 vs.
1399 4128 1463 4194 521

618 4235 652 4298 τό
677 4234 747 4310 τρός
772 4233 972 4311 μεσημβρίαν
998 4232 1029 4296 δὲ
1054 4234 1123 4296 καὶ
1150 4233 1261 4297 νότον
1287 4237 1415 4309 κλίμα

432 4341 539 4404 ubiin
552 4342 697 4426 margine
708 4342 872 4423 superiore
884 4338 1050 4403 adnotavit
1070 4347 1199 4411 ιιιῑμα
1221 4340 1286 4402 καὶ
1309 4340 1428 4415 νότον,
1450 4343 1628 4409 nisiinvito

433 4447 593 4530 magistro
617 4466 669 4509 me
687 4443 747 4509 boc
771 4444 932 4509 facturum
952 4465 1019 4509 esse
1039 4465 1229 4531 persuasum
1250 4445 1416 4521 haberem,
1437 4450 1554 4533 quippe
1573 4452 1629 4534 qui

432 4552 557 4635 optime
587 4552 748 4625 novisset,
780 4550 867 4633 quod
898 4552 932 4614 in
963 4549 1080 4614 scholis
1112 4553 1179 4615 suis
1212 4551 1323 4615 dooere
1355 4550 1493 4629 solebat,
1526 4560 1629 4620 aetate

433 4654 636 4720 hellenistica
658 4654 860 4720 substantiva
881 4658 914 4718 in
938 4667 985 4731 οπο
1011 4657 1143 4720 brevem
1166 4656 1280 4721 habere
1302 4655 1544 4741 paenultimam.

1415 4762 1458 4827 H.
1482 4782 1513 4829 v.
1537 4764 1581 4829 H.

1452 4898 1483 4946 ra

992 4854 1120 4862 -——.-1
