4525 5950
537 686 603 752 392
1064 704 1203 753 orrnrns.

530 871 727 933 interiecisse
761 890 863 933 unum
899 871 991 934 cuius
1025 871 1170 954 primum
1206 878 1290 935 esset
1320 871 1518 936 uocabulum
1549 877 1735 940 coniunctio

533 973 642 1058 aliqua
665 980 712 1055 (at
735 973 786 1039 vel
810 983 862 1053 et),
887 974 972 1061 quod
996 974 1050 1052 lit,
1075 979 1104 1040 si
1126 975 1209 1040 nihil
1232 975 1387 1042 delemus.

579 1079 713 1146 834-'7
749 1080 899 1167 Cyclopis
922 1081 1004 1145 dona
1028 1084 1249 1165 promittentis
1272 1081 1423 1148 Galateae
1448 1085 1547 1148 verba
1570 1093 1667 1149 sunt:

714 1187 826 1252 inveni
849 1190 1013 1273 geminos,
1036 1191 1093 1272 qui
1116 1195 1226 1252 tecum
1249 1188 1359 1254 ludere
1385 1191 1525 1273 possint,

713 1292 801 1357 Inter
824 1313 857 1357 se
881 1292 1021 1370 similes,
1046 1297 1101 1357 vix
1127 1300 1165 1357 ut
1189 1295 1373 1379 dignoscere
1397 1298 1501 1379 possis

715 1396 854 1462 Villosae
878 1397 1003 1462 catulos
1024 1400 1058 1462 in
1083 1402 1221 1463 summis
1245 1401 1409 1464 montibus
1433 1421 1547 1477 ursae,

714 1502 826 1568 Inveni
850 1516 883 1568 et
905 1503 989 1567 dixi:
1017 1504 1185 1581 „dominae
1210 1506 1411 1570 servabimus
1434 1507 1532 1571 ista.’'

535 1608 697 1671 Inveni-
711 1609 829 1685 inveni,
862 1630 1016 1694 quorsum
1046 1612 1109 1673 ista
1132 1607 1312 1694 anaphora?
1336 1609 1428 1675 Nihil
1451 1613 1484 1675 in
1510 1612 1562 1676 his
1588 1614 1736 1677 versibus

533 1716 618 1779 inest
641 1714 724 1799 quod
747 1713 805 1779 illa
829 1724 902 1799 apte
922 1713 1114 1780 illustretur.

580 1817 646 1884 898
678 1819 740 1884 Illa
771 1823 879 1885 omnia
910 1820 948 1885 de
976 1823 1088 1886 insano
1118 1817 1268 1907 Cyclopis
1300 1842 1418 1900 amore,
1449 1843 1548 1907 quem
1572 1825 1734 1908 ineptissi-

534 1946 625 1988 mum
660 1927 694 1989 in
726 1924 861 1991 modum
889 1924 946 1989 ille
974 1926 1173 2003 ostenderat,
1202 1926 1302 2011 deque
1330 1926 1428 1992 Acide
1459 1927 1557 1991 rivali
1592 1928 1733 1993 feliciore

534 2030 573 2094 ab
607 2029 664 2095 illo
698 2029 871 2095 crudeliter
901 2038 1030 2109 necato,
1062 2029 1196 2097 Galatea
1227 2035 1369 2096 narravit
1391 2030 1530 2118 Scyllae,
1555 2054 1642 2116 quae
1666 2056 1733 2118 prn-

532 2156 585 2200 cos
620 2136 749 2222 fugiens
782 2137 822 2201 ab
857 2135 915 2201 illa
949 2136 1054 2201 fuerat
1089 2138 1228 2221 hospitio
1262 2144 1398 2221 recepta.
1434 2136 1521 2201 Tum
1559 2141 1609 2203 sic
1645 2147 1733 2224 poeta

427 2317 433 2329 ἱ
535 2243 659 2327 pergit:

715 2346 861 2412 Desierat
882 2344 1017 2413 Galatea
1039 2347 1148 2433 loqui,
1172 2352 1328 2433 coetuque
1350 2345 1455 2412 soluta

716 2450 893 2518 Discedunt
915 2451 1111 2538 placidisque
1133 2458 1246 2517 natant
1268 2451 1417 2517 Nereides
1440 2453 1549 2517 undis.

717 2556 826 2644 Scylla
848 2557 941 2623 redit.

535 2660 570 2727 Si
596 2662 819 2727 tantummodo
842 2665 999 2728 sermonis
1022 2662 1131 2728 Latini
1150 2665 1309 2728 rationem
1329 2662 1461 2739 habeas,
1481 2664 1585 2727 verba
1606 2662 1732 2750 „Scylla

536 2768 640 2833 redit'’
672 2768 852 2854 significare
882 2769 985 2834 dicas:
1019 2771 1084 2846 „ad
1116 2770 1273 2832 Galateam
1301 2768 1383 2833 redit
1413 2767 1543 2854 Scylla,
1570 2777 1732 2854 quaeant

536 2874 620 2958 apud
650 2873 743 2939 illam
773 2874 939 2939 habitabat
970 2874 1024 2939 sed
1056 2873 1287 2960 aliquantisper
1308 2875 1431 2938 afuerat
1454 2880 1512 2938 aut
1536 2875 1640 2958 paulo
1663 2883 1731 2940 ants

535 2979 636 3046 semel
670 2983 839 3065 saepiusve
874 2980 913 3045 ad
948 3001 1020 3045 eam
1051 2981 1215 3046 venerat.’'
1247 2979 1447 3056 conferatur,
1478 2987 1520 3044 ut
1542 3002 1585 3046 ex
1609 2983 1731 3067 ingenti

536 3085 758 3170 exemplorum
780 3089 870 3171 copia
894 3107 996 3150 unum
1019 3086 1167 3162 afferam,
1191 3086 1276 3171 quod
1299 3086 1390 3152 verbi
1412 3085 1502 3150 illius
1525 3108 1628 3151 nsum
1653 3108 1731 3172 prae

535 3190 618 3256 clare
641 3190 802 3268 illustret,
827 3191 867 3269 11,
893 3190 957 3258 697
970 3211 1036 3277 sq.:

1033 3296 1176 3361 Simulat
1198 3295 1272 3362 Iove
1294 3304 1389 3362 natus
1411 3297 1520 3373 abire,

717 3403 795 3468 Mox
820 3402 911 3467 redit.

537 3509 600 3576 Sed
623 3512 668 3573 sic
692 3515 794 3575 totam
814 3508 980 3593 perturbes
998 3511 1223 3573 narrationem.
1245 3508 1329 3572 Nam
1348 3529 1384 3572 ex
1406 3506 1464 3572 illa
1482 3507 1592 3574 lucide
1606 3516 1732 3596 apparet

537 3617 597 3682 hoc
621 3615 760 3682 voluisse
783 3621 928 3700 poetam:
963 3614 1092 3700 „Scylla
1116 3613 1238 3679 relictis
1261 3615 1432 3701 nymphis,
1457 3614 1496 3678 ad
1522 3636 1606 3699 quas
1632 3616 1731 3701 perfu-

537 3727 643 3808 gerat,
677 3721 809 3785 domum
840 3740 931 3784 suam
955 3719 1092 3804 repetit'’
1117 3720 1172 3783 sed
1196 3723 1241 3784 sic
1264 3719 1347 3783 illud
1370 3721 1518 3783 enuntiat
1541 3727 1582 3783 nt
1607 3728 1730 3785 tanturn

536 3848 598 3892 non
619 3828 755 3891 vitiosus
775 3831 924 3889 nascatur
943 3845 1057 3890 serrae.
1078 3824 1120 3888 Et
1140 3833 1302 3909 praeterea
1320 3824 1377 3888 ubi
1395 3822 1454 3888 illa
1473 3823 1607 3910 Scyllae
1621 3826 1729 3891 domus

536 3934 634 3998 fuerit
655 3952 783 3997 narrare
807 3934 926 3996 omisit.

582 4038 648 4104 924
669 4059 714 4123 sq.
750 4037 787 4101 ln
818 4040 939 4123 piscem
963 4035 1123 4122 quomodo
1147 4039 1190 4100 sit
1211 4057 1381 4101 conversus
1406 4042 1598 4102 narraturus
1623 4042 1667 4102 sic
1689 4041 1731 4102 in-

536 4147 616 4230 cipit
640 4142 799 4210 Glaucus:

717 4248 801 4313 Sunt
824 4249 921 4313 viridi
945 4254 1035 4333 prato
1059 4247 1194 4312 confinia
1217 4247 1331 4324 litora,
1356 4268 1493 4332 quorum

718 4353 829 4417 Altera
852 4374 924 4437 pars
946 4352 1059 4427 undis,
1082 4373 1154 4436 pars
1176 4352 1276 4416 altera
1298 4354 1441 4437 cingitur
1464 4350 1585 4416 herbis.

537 4458 591 4524 Sic
615 4458 756 4523 Kornius
779 4458 888 4522 edidit.
914 4457 950 4521 ln
974 4457 1080 4522 codice
1105 4457 1143 4521 M
1166 4464 1231 4521 est:

718 4563 829 4628 Altera
853 4584 925 4648 pars
948 4563 1070 4639 fundit,
1096 4584 1168 4647 pars
1191 4561 1291 4627 altera
1315 4563 1464 4647 fungitur
1487 4561 1609 4627 herbis.

536 4668 618 4748 Quin
643 4668 760 4751 suadit
790 4675 873 4733 recte
905 4672 947 4733 sit
979 4675 1158 4733 correctum
1182 4671 1216 4731 in
1240 4668 1331 4730 aradis
1355 4667 1496 4731 dubitari
1521 4672 1646 4751 nequit.
1671 4667 1728 4730 Pro

528 4774 679 4860 saepitur
710 4773 865 4858 quidquid
895 4774 1030 4859 legeris,
1057 4775 1125 4837 sive
1150 4793 1224 4837 curu
1249 4772 1371 4837 Kornio
1394 4771 1538 4852 cingitur,
1564 4776 1634 4837 sive
1657 4793 1726 4836 cunr
