4525 5950
780 669 823 715 nn
845 667 992 715 rnoascu
1015 669 1097 717 aruo
1121 669 1288 717 nomnen.
1561 648 1626 714 123

440 833 454 896 θ
489 833 555 912 περὶ
588 835 638 899 τθν
671 832 811 912 γαστέρα
843 833 935 904 τθτος
967 825 998 896 θν
1028 828 1086 898 οθθν
1118 859 1152 899 τε
1186 834 1368 916 ζώννυσθαι,
1392 837 1420 899 is
1444 839 1553 899 antem
1576 835 1632 918 qui

440 940 540 1004 huius
569 942 841 1024 interpretationis
870 945 982 1005 auctor
1003 939 1055 1004 illi
1077 941 1150 1019 fnit,
1175 944 1202 1006 si
1226 963 1296 1007 eam
1320 948 1428 1006 nostro
1453 940 1522 1005 loco
1545 939 1632 1004 adhi-

409 1050 412 1055 ’
440 1048 514 1111 buit
544 1069 605 1111 non
637 1049 746 1130 potnit
775 1068 838 1111 non
861 1049 1052 1131 coniungere
1076 1048 1198 1122 θώρηκος
1224 1048 1336 1126 ἔνερθε,
1361 1048 1447 1112 solus
1470 1053 1578 1111 antem
1601 1049 1630 1110 is

439 1156 496 1237 qni
527 1155 573 1217 ita
595 1155 761 1217 coniunxit
783 1155 1006 1217 convenienter
1029 1153 1090 1217 sibi
1113 1153 1222 1218 afferre
1244 1156 1353 1239 potnit
1375 1151 1514 1237 exempli
1536 1172 1630 1216 causa

439 1261 577 1336 ἀγκῶνος
611 1259 713 1336 ἔνερθε.
747 1257 905 1325 Credibile
936 1281 1012 1345 ergo
1043 1267 1090 1325 est
1121 1262 1258 1325 eundem
1289 1263 1344 1345 qui
1375 1259 1506 1325 alterius
1530 1261 1629 1345 partis

440 1365 553 1430 scholii
576 1369 678 1431 nostri
702 1374 813 1432 auctor
832 1367 912 1443 fuit,
932 1369 959 1430 is
981 1388 1055 1431 vero
1075 1366 1160 1431 hand
1181 1367 1276 1432 dubie
1295 1367 1358 1431 init
1378 1366 1580 1432 Aristarchus
1594 1362 1630 1446 ¹),

440 1472 609 1558 Apollonio
641 1480 804 1538 auctorem
835 1473 943 1537 inisse.
977 1472 1109 1558 Quoquo
1141 1473 1237 1538 modo
1271 1480 1380 1538 autem
1411 1472 1488 1537 haec
1518 1493 1568 1537 res
1598 1492 1631 1537 se

440 1580 553 1655 habet,
592 1587 676 1644 recte
709 1586 817 1644 nostro
852 1578 922 1644 loco
957 1577 1049 1658 ζώνην
1083 1581 1129 1643 ita
1165 1581 1265 1664 accipi
1298 1586 1334 1643 ut
1365 1581 1408 1642 sit
1439 1577 1453 1641 θ
1485 1577 1550 1654 περὶ
1580 1576 1659 1663 τὸν,

439 1686 581 1762 γαστέρα
611 1684 721 1761 strar,
746 1685 819 1749 inde
842 1691 948 1769 petet,
973 1684 1057 1770 qnod
1080 1685 1174 1765 ζώνη,
1198 1688 1381 1768 ceteroquin
1404 1683 1488 1768 apud
1513 1683 1631 1748 Home·

439 1814 514 1857 rum
537 1795 662 1856 nonnisi
685 1792 814 1857 feminis
834 1792 971 1868 tributa,
994 1812 1056 1876 qno
1078 1790 1144 1856 solo
1164 1798 1289 1877 praeter
1309 1796 1455 1856 nostrum
1473 1789 1542 1855 loco
1562 1792 1631 1854 viro

439 1897 641 1973 adscribitur,
671 1909 691 1961 Β
716 1895 780 1962 479
805 1897 937 1962 eandem
960 1896 1051 1962 iham
1074 1903 1241 1963 contextus
1264 1899 1560 1982 interpretationem
1586 1917 1632 1960 re·

439 2007 539 2089 quirit
552 2002 587 2082 ²).
613 2002 681 2068 Vox
700 2003 887 2083 θωρααοζώνη
909 2006 1023 2089 igitur,
1044 2007 1195 2089 quamvis
1219 2025 1290 2069 eam
1314 2004 1481 2080 λεγομένην
1496 2000 1521 2082 ³)
1545 2003 1629 2068 dicat

438 2109 537 2174 schol.
571 2113 660 2193 quasi
682 2113 716 2173 in
738 2113 903 2174 communi
926 2131 987 2174 usu
1022 2116 1146 2175 versata
1167 2111 1282 2187 fuerit,
1306 2108 1417 2195 procul
1440 2109 1536 2173 dnbio
1560 2114 1628 2173 tan-

436 2223 510 2280 tum
543 2216 626 2300 apud
656 2215 790 2282 Homeri
820 2219 1008 2300 interpretes
1038 2216 1174 2303 vulgata
1205 2222 1273 2281 erat
1295 2238 1312 2282 e
1336 2222 1444 2280 nostro
1468 2215 1537 2281 loco
1561 2236 1629 2301 per·

438 2343 549 2408 peram
573 2322 725 2387 derivata.

484 2428 658 2494 Videamus
688 2451 774 2494 nnnc
806 2429 844 2494 da
875 2430 980 2494 verbis
1010 2429 1132 2506 θώρηκος
1159 2428 1262 2506 ἔνερθε.
1295 2429 1382 2509 Quae
1405 2426 1575 2501 Reichel⁴)
1597 2433 1630 2493 et

438 2535 599 2613 Robert³)
630 2541 668 2599 nt
697 2538 758 2600 rite
783 2538 999 2621 coniungunt,
1024 2538 1071 2600 ite
1094 2557 1155 2600 non
1180 2535 1328 2601 audiendi
1353 2540 1428 2599 sunt
1452 2532 1561 2611 ἔνερθεν
1584 2537 1630 2598 in·

437 2648 650 2727 terpretontes
675 2644 777 2730 infru,
803 2650 835 2706 et
854 2643 972 2707 frustra
991 2650 1146 2728 negantes
1165 2645 1300 2719 ἀγκῶνος
1321 2642 1431 2721 ἔνερθεν
1450 2662 1517 2707 esse
1537 2663 1628 2728 posse

438 2750 481 2819 εἷς
507 2749 541 2812 τὸ
566 2749 649 2812 narrt
674 2752 761 2826 μέρος
786 2754 839 2813 τοῦ
863 2750 1010 2825 araeve.
1035 2749 1117 2814 Nam
1143 2756 1252 2814 contra
1274 2751 1480 2814 notissimum
1505 2754 1553 2813 est
1575 2749 1628 2815 ad·

435 2855 547 2919 verhia
577 2854 640 2920 loci
669 2853 788 2921 Graece
818 2876 910 2941 saepe
943 2877 1016 2922 cnm
1048 2859 1200 2943 genetivo
1230 2858 1402 2942 partitive,
1432 2859 1487 2941 qui
1511 2856 1629 2920 dicitur

435 2964 595 3038 construi,
620 2968 652 3027 et
676 2965 812 3038 οὶρνώνος
837 2962 931 3040 ἔνερθε
956 2985 1002 3027 vs.
1031 2961 1105 3040 152,
1129 2965 1190 3028 nisi
1215 2970 1263 3029 eat
1287 2965 1342 3040 „in
1365 2963 1513 3028 inferiore
1536 2969 1627 3047 parte

435 3068 559 3134 cubiti”
592 3068 674 3133 nihil
705 3075 770 3146 est,
803 3071 996 3154 praecedunt
1026 3072 1112 3134 enim
1137 3071 1233 3135 verba
1258 3072 1342 3134 κατὰ
1365 3078 1458 3148 χεῖρα
1483 3069 1623 3144 μέσην.

434 3174 567 3240 Reichel
597 3175 754 3260 quomodo
787 3174 876 3253 ζώνην
907 3179 1042 3261 accipiat
1072 3197 1133 3240 non
1164 3181 1267 3260 patet3
1301 3176 1434 3251 Robert,
1467 3176 1625 3261 quemad

434 3281 570 3345 modum
601 3287 650 3346 est
679 3284 712 3346 in
744 3281 842 3347 schol.
867 3285 1098 3368 interpretatur
1121 3282 1258 3357 balteum,
1282 3284 1329 3346 ita
1352 3288 1390 3345 ut
1412 3282 1498 3346 idem
1522 3282 1626 3348 valeat

432 3394 531 3471 atque
563 3386 678 3465 ζωστήρ
710 3409 756 3452 vs.
783 3390 938 3473 sequenti.
963 3386 1024 3453 Sed
1048 3394 1132 3452 recte
1155 3386 1286 3453 Reichel
1309 3394 1342 3452 et
1364 3388 1484 3453 Robert
1506 3396 1627 3474 negant

434 3497 550 3568 θώρηκα
582 3499 690 3558 nostro
721 3493 789 3559 loco
821 3516 888 3560 esse
911 3496 1074 3560 thoracem
1096 3500 1241 3560 aeneum.
1265 3494 1368 3559 Hasta
1391 3497 1477 3559 enim
1502 3494 1628 3581 Iphida-

432 3603 554 3665 mantis
588 3603 661 3677 ,οὐκ
693 3598 774 3680 ἔτορε
806 3600 945 3682 ζωστῆρα
978 3600 1156 3679 παναθολον,
1189 3601 1277 3665 ἄλλα
1296 3602 1387 3666 πολὺ
1411 3602 1479 3680 πρὶν
1504 3602 1625 3681 ἀργύρῳ

470 3892 497 3953 1)
516 3891 578 3939 Nsus
597 3890 663 3954 prior
681 3905 735 3955 psss
752 3889 835 3940 scholii
854 3889 972 3939 recentior
989 3893 1032 3940 est.
1052 3891 1199 3956 Nentiqssssn
1216 3892 1280 3942 enim
1296 3892 1317 3941 is
1333 3893 1375 3957 qni
1389 3896 1510 3957 separaret
1525 3892 1625 3954 θώρηκος

431 3978 457 4023 et
481 3971 557 4033 ένερθε
580 3972 680 4038 exempli
704 3974 780 4037 grstia
803 3974 898 4023 efferret
915 3972 1025 4035 θγκώνος
1042 3971 1134 4034 traete,
1151 3975 1196 4024 nisi
1213 3975 1237 4024 id
1255 3975 1279 4024 in
1305 3975 1436 4024 vetustiore
1453 3979 1624 4027 commentario

430 4056 568 4105 invenisset.
594 4055 664 4104 Prior
687 4071 742 4121 pers
769 4056 853 4104 scholii
877 4072 934 4118 ergo
959 4056 1093 4105 Aristonico
1115 4055 1221 4115 debetur,
1240 4058 1316 4106 alters
1333 4059 1484 4117 Aristarcho,
1502 4060 1543 4124 qni
1560 4061 1622 4110 hand

432 4137 505 4186 dubie
526 4138 558 4185 sic
581 4138 629 4186 fere
647 4152 742 4187 exorsus
759 4142 809 4196 est,
826 4139 888 4200 qnod
907 4137 968 4187 male
985 4138 1134 4188 intellectum
1153 4138 1253 4188 mutavit
1272 4141 1430 4189 Aristonicus:
1450 4139 1489 4189 θτν
1506 4139 1534 4190 σθ
1553 4141 1622 4205 λέγον

433 4220 503 4268 κατὰ
525 4217 620 4279 θώρακα
644 4218 714 4267 ἀλλὰ
740 4221 807 4268 κατὰ
830 4218 909 4284 ζώνην
932 4217 1036 4282 θώρακος
1058 4218 1146 4282 θνερθο·
1166 4223 1196 4270 τὸ
1214 4220 1241 4271 dd
1258 4220 1347 4283 ’ένερθον
1366 4222 1400 4279 εἷς
1416 4224 1446 4271 τὸ
1464 4225 1533 4272 sard
1552 4223 1623 4285 μέρος

433 4302 482 4349 roe
500 4300 603 4360 detrusae
621 4300 652 4358 ὥς
670 4312 743 4350 aaa.

468 4385 497 4447 2)
514 4384 625 4447 legimus
642 4385 706 4433 enim
723 4384 844 4448 477sqq.=
863 4386 931 4444 μετὰ
949 4382 976 4434 δέ
993 4386 1075 4445 κρείων
1092 4384 1254 4447 ’Δραμέμνονν
1269 4385 1408 4447 ’θμμασα
1426 4387 1468 4437 κατ’
1484 4388 1628 4450 κεφαλὴν

432 4467 532 4522 εἴκελος
556 4464 597 4512 nrt
620 4464 811 4527 τερπικεραύνῳ,
834 4464 906 4527 '‘Aps'i
922 4465 948 4515 δέ
968 4465 1081 4531 ζώνην,
1100 4468 1236 4529 στέρνον
1254 4466 1281 4518 δὲ
1296 4469 1454 4519 Ποσειδάωνι.
1474 4471 1628 4536 Praeposters

431 4536 510 4613 igitur
532 4549 641 4597 nonnulli
670 4549 797 4598 meandum
825 4548 967 4599 Psnssniam
990 4550 1034 4611 (lx
1060 4549 1098 4600 17.
1109 4552 1132 4612 3)
1157 4549 1267 4611 Ὅμηρον
1290 4551 1359 4611 Ἄρει
1381 4552 1425 4599 τὸν
1448 4552 1627 4614 Ἀγαμέμνονα

431 4628 578 4686 πονήσαντα
596 4626 699 4678 iocatum
717 4629 763 4684 ssia
781 4628 866 4694 ζώνην,
886 4637 945 4683 τών
963 4630 1066 4681 θσλονν
1084 4631 1144 4689 την
1162 4632 1282 4688 σκευὴν
1299 4632 1399 4694 pacis
1415 4632 1568 4699 εἰκάζειν.

469 4714 495 4771 3)
515 4713 544 4760 In
562 4711 675 4760 renota
696 4711 888 4773 .καλονμθνην”.

471 4798 496 4859 4)
514 4795 547 4844 Η.
566 4793 617 4843 W.²
637 4811 659 4863 p.
679 4797 718 4846 98.
1121 4799 1149 4862 t)
1168 4796 1201 4845 l.l⁴
1222 4814 1243 4862 p.
1262 4799 1303 4848 43.
