<?xml version="1.0" encoding="UTF-8"?>
<!DOCTYPE html PUBLIC "-//W3C//DTD XHTML 1.0 Transitional//EN"
    "http://www.w3.org/TR/xhtml1/DTD/xhtml1-transitional.dtd">
<html xmlns="http://www.w3.org/1999/xhtml" xml:lang="en" lang="en">
 <head>
  <title>
</title>
<meta http-equiv="Content-Type" content="text/html;charset=utf-8" />
  <meta name='ocr-system' content='tesseract 3.04.00' />
  <meta name='ocr-capabilities' content='ocr_page ocr_carea ocr_par ocr_line ocrx_word'/>
</head>
<body>
  <div class='ocr_page' id='page_1' title='image "./mnemosyne07verdgoog_0261.png"; bbox 0 0 4525 5950; ppageno 0'>
   <div class='ocr_carea' id='block_1_1' title="bbox 635 684 1335 750">
    <p class='ocr_par' dir='ltr' id='par_1_1' title="bbox 635 684 1335 750">
     <span class='ocr_line' id='line_1_1' title="bbox 635 684 1335 750; baseline -0.001 -1"><span class='ocrx_word' id='word_1_1' title='bbox 635 684 702 750; x_wconf 82' lang='lat'>240</span> <span class='ocrx_word' id='word_1_2' title='bbox 1125 702 1168 749; x_wconf 85' lang='lat' dir='ltr'>os</span> <span class='ocrx_word' id='word_1_3' title='bbox 1191 700 1335 749; x_wconf 75' lang='lat' dir='ltr'>casuris.</span> 
     </span>
    </p>
   </div>
   <div class='ocr_carea' id='block_1_2' title="bbox 627 862 1830 4328">
    <p class='ocr_par' dir='ltr' id='par_1_2' title="bbox 627 862 1830 4328">
     <span class='ocr_line' id='line_1_2' title="bbox 633 862 1828 951; baseline 0 -21"><span class='ocrx_word' id='word_1_4' title='bbox 633 891 692 932; x_wconf 89' lang='grc' dir='ltr'><em>σοον</em></span> <span class='ocrx_word' id='word_1_5' title='bbox 722 869 765 938; x_wconf 77' lang='grc' dir='ltr'>μη</span> <span class='ocrx_word' id='word_1_6' title='bbox 800 869 831 929; x_wconf 82' lang='grc' dir='ltr'>οὖ</span> <span class='ocrx_word' id='word_1_7' title='bbox 865 868 994 943; x_wconf 78' lang='grc' dir='ltr'><em>τληρεος</em></span> <span class='ocrx_word' id='word_1_8' title='bbox 1026 865 1124 936; x_wconf 72' lang='grc' dir='ltr'><em>ἐόντος</em></span> <span class='ocrx_word' id='word_1_9' title='bbox 1159 872 1211 930; x_wconf 83' lang='grc' dir='ltr'>τοῦ</span> <span class='ocrx_word' id='word_1_10' title='bbox 1247 867 1368 930; x_wconf 84' lang='grc' dir='ltr'><em>κύκλου.</em></span> <span class='ocrx_word' id='word_1_11' title='bbox 1401 862 1479 930; x_wconf 84' lang='grc' dir='ltr'><em>οὖτοο</em></span> <span class='ocrx_word' id='word_1_12' title='bbox 1503 868 1611 951; x_wconf 77' lang='lat' dir='ltr'>pergit</span> <span class='ocrx_word' id='word_1_13' title='bbox 1633 872 1746 932; x_wconf 82' lang='lat' dir='ltr'>auctor</span> <span class='ocrx_word' id='word_1_14' title='bbox 1771 867 1828 940; x_wconf 73' lang='grc' dir='ltr'>μέν</span> 
     </span>
     <span class='ocr_line' id='line_1_3' title="bbox 633 968 1829 1051; baseline 0.001 -16"><span class='ocrx_word' id='word_1_15' title='bbox 633 996 682 1035; x_wconf 91' lang='grc' dir='ltr'>νυν</span> <span class='ocrx_word' id='word_1_16' title='bbox 706 974 761 1045; x_wconf 77' lang='grc' dir='ltr'>την</span> <span class='ocrx_word' id='word_1_17' title='bbox 785 971 972 1043; x_wconf 69' lang='grc' dir='ltr'><em>πανσέληνον</em></span> <span class='ocrx_word' id='word_1_18' title='bbox 997 970 1111 1046; x_wconf 77' lang='grc' dir='ltr'><em>ἔμενον.</em></span> <span class='ocrx_word' id='word_1_19' title='bbox 1136 971 1204 1051; x_wconf 79' lang='lat' dir='ltr'>Quo</span> <span class='ocrx_word' id='word_1_20' title='bbox 1224 971 1293 1037; x_wconf 82' lang='lat' dir='ltr'>loco</span> <span class='ocrx_word' id='word_1_21' title='bbox 1313 970 1547 1037; x_wconf 83' lang='lat' dir='ltr'>Herwerdenus</span> <span class='ocrx_word' id='word_1_22' title='bbox 1562 968 1588 1051; x_wconf 89' lang='lat'>¹)</span> <span class='ocrx_word' id='word_1_23' title='bbox 1607 992 1638 1035; x_wconf 84' lang='lat' dir='ltr'>v.</span> <span class='ocrx_word' id='word_1_24' title='bbox 1660 971 1701 1035; x_wconf 86' lang='lat' dir='ltr'>ol.</span> <span class='ocrx_word' id='word_1_25' title='bbox 1723 971 1829 1037; x_wconf 79' lang='lat' dir='ltr'>deleto</span> 
     </span>
     <span class='ocr_line' id='line_1_4' title="bbox 632 1073 1828 1162; baseline -0.002 -19"><span class='ocrx_word' id='word_1_26' title='bbox 632 1076 788 1143; x_wconf 85' lang='lat' dir='ltr'>vocabulo</span> <span class='ocrx_word' id='word_1_27' title='bbox 819 1076 923 1155; x_wconf 76' lang='grc' dir='ltr'><em>εἰνάτη</em></span> <span class='ocrx_word' id='word_1_28' title='bbox 953 1076 1126 1162; x_wconf 82' lang='lat' dir='ltr'>legendum</span> <span class='ocrx_word' id='word_1_29' title='bbox 1159 1082 1280 1142; x_wconf 88' lang='lat' dir='ltr'>censet:</span> <span class='ocrx_word' id='word_1_30' title='bbox 1315 1073 1347 1149; x_wconf 79' lang='grc' dir='ltr'>ἦν</span> <span class='ocrx_word' id='word_1_31' title='bbox 1379 1079 1442 1155; x_wconf 72' lang='grc' dir='ltr'>γὰρ</span> <span class='ocrx_word' id='word_1_32' title='bbox 1466 1076 1632 1150; x_wconf 73' lang='grc' dir='ltr'><em>ἱσταμένου</em></span> <span class='ocrx_word' id='word_1_33' title='bbox 1655 1081 1709 1140; x_wconf 83' lang='grc' dir='ltr'>τοῦ</span> <span class='ocrx_word' id='word_1_34' title='bbox 1735 1077 1828 1151; x_wconf 79' lang='grc' dir='ltr'><em>μηνὸς</em></span> 
     </span>
     <span class='ocr_line' id='line_1_5' title="bbox 632 1182 1829 1268; baseline -0.002 -20"><span class='ocrx_word' id='word_1_35' title='bbox 632 1184 754 1259; x_wconf 66' lang='lat' dir='ltr'>sisara,</span> <span class='ocrx_word' id='word_1_36' title='bbox 787 1183 813 1246; x_wconf 87' lang='lat' dir='ltr'>oi</span> <span class='ocrx_word' id='word_1_37' title='bbox 846 1184 876 1247; x_wconf 72' lang='grc' dir='ltr'>δὲ</span> <span class='ocrx_word' id='word_1_38' title='bbox 907 1185 959 1246; x_wconf 83' lang='grc' dir='ltr'>οὐκ</span> <span class='ocrx_word' id='word_1_39' title='bbox 991 1198 1096 1259; x_wconf 84' lang='grc' dir='ltr'><em>κ.τ.λ.,</em></span> <span class='ocrx_word' id='word_1_40' title='bbox 1126 1183 1185 1248; x_wconf 91' lang='lat' dir='ltr'>hoc</span> <span class='ocrx_word' id='word_1_41' title='bbox 1216 1188 1408 1268; x_wconf 80' lang='lat' dir='ltr'>argumento</span> <span class='ocrx_word' id='word_1_42' title='bbox 1441 1203 1519 1246; x_wconf 89' lang='lat' dir='ltr'>usus</span> <span class='ocrx_word' id='word_1_43' title='bbox 1541 1182 1626 1266; x_wconf 92' lang='lat' dir='ltr'>quod</span> <span class='ocrx_word' id='word_1_44' title='bbox 1649 1182 1829 1267; x_wconf 90' lang='lat' dir='ltr'>plenilunia</span> 
     </span>
     <span class='ocr_line' id='line_1_6' title="bbox 631 1286 1828 1374; baseline -0.003 -20"><span class='ocrx_word' id='word_1_45' title='bbox 631 1295 813 1374; x_wconf 84' lang='lat' dir='ltr'>exspectare</span> <span class='ocrx_word' id='word_1_46' title='bbox 848 1290 966 1352; x_wconf 81' lang='lat' dir='ltr'>mensis</span> <span class='ocrx_word' id='word_1_47' title='bbox 997 1288 1048 1352; x_wconf 92' lang='lat' dir='ltr'>die</span> <span class='ocrx_word' id='word_1_48' title='bbox 1079 1309 1178 1364; x_wconf 91' lang='lat' dir='ltr'>nono,</span> <span class='ocrx_word' id='word_1_49' title='bbox 1211 1290 1273 1352; x_wconf 91' lang='lat' dir='ltr'>nisi</span> <span class='ocrx_word' id='word_1_50' title='bbox 1305 1286 1498 1352; x_wconf 78' lang='lat' dir='ltr'><strong>miraculum</strong></span> <span class='ocrx_word' id='word_1_51' title='bbox 1530 1287 1603 1363; x_wconf 90' lang='lat' dir='ltr'>fiat,</span> <span class='ocrx_word' id='word_1_52' title='bbox 1629 1293 1681 1351; x_wconf 85' lang='grc' dir='ltr'>τοῦ</span> <span class='ocrx_word' id='word_1_53' title='bbox 1709 1288 1828 1358; x_wconf 78' lang='grc' dir='ltr'><em>ἑκόντος</em></span> 
     </span>
     <span class='ocr_line' id='line_1_7' title="bbox 632 1392 1827 1477; baseline -0.001 -19"><span class='ocrx_word' id='word_1_54' title='bbox 632 1393 834 1473; x_wconf 74' lang='grc' dir='ltr'><em>ἦλνθοοέζοντος</em></span> <span class='ocrx_word' id='word_1_55' title='bbox 858 1397 909 1457; x_wconf 90' lang='lat' dir='ltr'>sit.</span> <span class='ocrx_word' id='word_1_56' title='bbox 936 1392 1016 1457; x_wconf 83' lang='lat' dir='ltr'>llam</span> <span class='ocrx_word' id='word_1_57' title='bbox 1040 1400 1149 1458; x_wconf 88' lang='lat' dir='ltr'>autem</span> <span class='ocrx_word' id='word_1_58' title='bbox 1173 1396 1277 1477; x_wconf 81' lang='lat' dir='ltr'><strong>ipsam</strong></span> <span class='ocrx_word' id='word_1_59' title='bbox 1301 1393 1340 1457; x_wconf 92' lang='lat' dir='ltr'>ob</span> <span class='ocrx_word' id='word_1_60' title='bbox 1364 1414 1494 1458; x_wconf 87' lang='lat' dir='ltr'>causam</span> <span class='ocrx_word' id='word_1_61' title='bbox 1517 1398 1643 1458; x_wconf 82' lang='lat' dir='ltr'>textum</span> <span class='ocrx_word' id='word_1_62' title='bbox 1668 1392 1827 1457; x_wconf 88' lang='lat' dir='ltr'>traditum</span> 
     </span>
     <span class='ocr_line' id='line_1_8' title="bbox 631 1496 1829 1584; baseline -0.003 -19"><span class='ocrx_word' id='word_1_63' title='bbox 631 1522 758 1565; x_wconf 85' lang='lat' dir='ltr'>servare</span> <span class='ocrx_word' id='word_1_64' title='bbox 783 1498 880 1564; x_wconf 82' lang='lat' dir='ltr'>velim</span> <span class='ocrx_word' id='word_1_65' title='bbox 904 1499 1070 1584; x_wconf 85' lang='lat' dir='ltr'>equidem,</span> <span class='ocrx_word' id='word_1_66' title='bbox 1095 1520 1193 1583; x_wconf 90' lang='lat' dir='ltr'>quare</span> <span class='ocrx_word' id='word_1_67' title='bbox 1217 1499 1298 1563; x_wconf 87' lang='lat' dir='ltr'>hanc</span> <span class='ocrx_word' id='word_1_68' title='bbox 1321 1497 1568 1582; x_wconf 81' lang='lat' dir='ltr'>explicationem</span> <span class='ocrx_word' id='word_1_69' title='bbox 1592 1498 1623 1563; x_wconf 81' lang='grc' dir='ltr'>νῑ</span> <span class='ocrx_word' id='word_1_70' title='bbox 1646 1496 1685 1562; x_wconf 84' lang='lat' dir='ltr'>eli</span> <span class='ocrx_word' id='word_1_71' title='bbox 1709 1498 1829 1563; x_wconf 90' lang='lat' dir='ltr'>iudicio</span> 
     </span>
     <span class='ocr_line' id='line_1_9' title="bbox 631 1602 1828 1688; baseline -0.004 -18"><span class='ocrx_word' id='word_1_72' title='bbox 631 1607 773 1670; x_wconf 89' lang='lat' dir='ltr'>subicere</span> <span class='ocrx_word' id='word_1_73' title='bbox 793 1605 874 1669; x_wconf 91' lang='lat' dir='ltr'>mihi</span> <span class='ocrx_word' id='word_1_74' title='bbox 893 1602 1005 1669; x_wconf 84' lang='lat' dir='ltr'>liceat:</span> <span class='ocrx_word' id='word_1_75' title='bbox 1027 1603 1252 1688; x_wconf 91' lang='lat' dir='ltr'>Phidippides,</span> <span class='ocrx_word' id='word_1_76' title='bbox 1273 1606 1329 1688; x_wconf 91' lang='lat' dir='ltr'>qui</span> <span class='ocrx_word' id='word_1_77' title='bbox 1347 1604 1519 1681; x_wconf 74' lang='grc' dir='ltr'><em>δευτερκῑος</em></span> <span class='ocrx_word' id='word_1_78' title='bbox 1540 1604 1572 1667; x_wconf 79' lang='grc' dir='ltr'>ἐκ</span> <span class='ocrx_word' id='word_1_79' title='bbox 1594 1610 1648 1670; x_wconf 79' lang='grc' dir='ltr'>τοῦ</span> <span class='ocrx_word' id='word_1_80' title='bbox 1661 1606 1828 1675; x_wconf 73' lang='grc' dir='ltr'><em>Ἀθηναίων</em></span> 
     </span>
     <span class='ocr_line' id='line_1_10' title="bbox 631 1709 1828 1796; baseline -0.003 -20"><span class='ocrx_word' id='word_1_81' title='bbox 631 1711 743 1783; x_wconf 75' lang='grc' dir='ltr'><em>ἄστεος</em></span> <span class='ocrx_word' id='word_1_82' title='bbox 767 1717 898 1776; x_wconf 86' lang='lat' dir='ltr'>venerat</span> <span class='ocrx_word' id='word_1_83' title='bbox 920 1709 1085 1794; x_wconf 80' lang='lat' dir='ltr'>Spartam,</span> <span class='ocrx_word' id='word_1_84' title='bbox 1111 1712 1166 1795; x_wconf 91' lang='lat' dir='ltr'>qui</span> <span class='ocrx_word' id='word_1_85' title='bbox 1190 1711 1402 1796; x_wconf 76' lang='lat' dir='ltr'>magistratus</span> <span class='ocrx_word' id='word_1_86' title='bbox 1425 1709 1548 1775; x_wconf 85' lang='lat' dir='ltr'>adierat</span> <span class='ocrx_word' id='word_1_87' title='bbox 1571 1710 1761 1786; x_wconf 85' lang='lat' dir='ltr'>confestim,</span> <span class='ocrx_word' id='word_1_88' title='bbox 1787 1711 1828 1773; x_wconf 88' lang='lat' dir='ltr'>ei-</span> 
     </span>
     <span class='ocr_line' id='line_1_11' title="bbox 631 1815 1830 1900; baseline -0.003 -17"><span class='ocrx_word' id='word_1_89' title='bbox 631 1821 755 1883; x_wconf 92' lang='lat' dir='ltr'>tissime</span> <span class='ocrx_word' id='word_1_90' title='bbox 786 1854 827 1865; x_wconf 91' lang='lat'>-</span> <span class='ocrx_word' id='word_1_91' title='bbox 860 1819 887 1881; x_wconf 90' lang='lat' dir='ltr'>si</span> <span class='ocrx_word' id='word_1_92' title='bbox 929 1815 997 1881; x_wconf 85' lang='lat' dir='ltr'>fieri</span> <span class='ocrx_word' id='word_1_93' title='bbox 1038 1822 1146 1900; x_wconf 90' lang='lat' dir='ltr'>posset</span> <span class='ocrx_word' id='word_1_94' title='bbox 1186 1817 1245 1880; x_wconf 87' lang='lat' dir='ltr'>hoc</span> <span class='ocrx_word' id='word_1_95' title='bbox 1279 1817 1349 1900; x_wconf 90' lang='lat' dir='ltr'>ipso</span> <span class='ocrx_word' id='word_1_96' title='bbox 1390 1815 1442 1880; x_wconf 92' lang='lat' dir='ltr'>die</span> <span class='ocrx_word' id='word_1_97' title='bbox 1474 1853 1516 1864; x_wconf 95' lang='lat'>—</span> <span class='ocrx_word' id='word_1_98' title='bbox 1549 1822 1586 1879; x_wconf 85' lang='lat' dir='ltr'>ut</span> <span class='ocrx_word' id='word_1_99' title='bbox 1620 1818 1830 1880; x_wconf 85' lang='lat' dir='ltr'>mitterentur</span> 
     </span>
     <span class='ocr_line' id='line_1_12' title="bbox 631 1919 1828 2007; baseline -0.003 -18"><span class='ocrx_word' id='word_1_100' title='bbox 631 1924 752 1989; x_wconf 84' lang='lat' dir='ltr'>auxilie</span> <span class='ocrx_word' id='word_1_101' title='bbox 775 1926 867 1988; x_wconf 84' lang='lat' dir='ltr'>enixe</span> <span class='ocrx_word' id='word_1_102' title='bbox 889 1923 1026 2007; x_wconf 86' lang='lat' dir='ltr'>petebat.</span> <span class='ocrx_word' id='word_1_103' title='bbox 1051 1920 1222 2005; x_wconf 78' lang='lat' dir='ltr'>Spartanos</span> <span class='ocrx_word' id='word_1_104' title='bbox 1246 1926 1354 1984; x_wconf 85' lang='lat' dir='ltr'>autem</span> <span class='ocrx_word' id='word_1_105' title='bbox 1378 1919 1556 1984; x_wconf 83' lang='lat' dir='ltr'>callidiores</span> <span class='ocrx_word' id='word_1_106' title='bbox 1580 1941 1677 2005; x_wconf 87' lang='lat' dir='ltr'>quam</span> <span class='ocrx_word' id='word_1_107' title='bbox 1698 1920 1828 1986; x_wconf 81' lang='lat' dir='ltr'>calidio</span> 
     </span>
     <span class='ocr_line' id='line_1_13' title="bbox 631 2026 1827 2112; baseline -0.003 -18"><span class='ocrx_word' id='word_1_108' title='bbox 631 2051 681 2095; x_wconf 92' lang='lat' dir='ltr'>res</span> <span class='ocrx_word' id='word_1_109' title='bbox 704 2029 902 2112; x_wconf 87' lang='lat' dir='ltr'>respondisse</span> <span class='ocrx_word' id='word_1_110' title='bbox 926 2027 1018 2091; x_wconf 88' lang='lat' dir='ltr'>oredo</span> <span class='ocrx_word' id='word_1_111' title='bbox 1041 2026 1091 2090; x_wconf 93' lang='lat' dir='ltr'>his</span> <span class='ocrx_word' id='word_1_112' title='bbox 1116 2027 1181 2091; x_wconf 90' lang='lat' dir='ltr'>fere</span> <span class='ocrx_word' id='word_1_113' title='bbox 1204 2027 1326 2090; x_wconf 88' lang='lat' dir='ltr'>verbis:</span> <span class='ocrx_word' id='word_1_114' title='bbox 1354 2034 1408 2102; x_wconf 87' lang='lat' dir='ltr'>„st</span> <span class='ocrx_word' id='word_1_115' title='bbox 1432 2029 1554 2112; x_wconf 82' lang='lat' dir='ltr'>optime</span> <span class='ocrx_word' id='word_1_116' title='bbox 1578 2029 1657 2103; x_wconf 89' lang='lat' dir='ltr'>scis,</span> <span class='ocrx_word' id='word_1_117' title='bbox 1681 2047 1700 2091; x_wconf 94' lang='grc' dir='ltr'><em>ο</em></span> <span class='ocrx_word' id='word_1_118' title='bbox 1723 2027 1827 2103; x_wconf 91' lang='lat' dir='ltr'>bone,</span> 
     </span>
     <span class='ocr_line' id='line_1_14' title="bbox 632 2132 1829 2218; baseline -0.003 -18"><span class='ocrx_word' id='word_1_119' title='bbox 632 2156 700 2200; x_wconf 92' lang='lat' dir='ltr'>esse</span> <span class='ocrx_word' id='word_1_120' title='bbox 733 2134 827 2199; x_wconf 91' lang='lat' dir='ltr'>hodie</span> <span class='ocrx_word' id='word_1_121' title='bbox 862 2133 947 2197; x_wconf 90' lang='lat' dir='ltr'>diem</span> <span class='ocrx_word' id='word_1_122' title='bbox 981 2134 1037 2196; x_wconf 83' lang='lat' dir='ltr'>vix</span> <span class='ocrx_word' id='word_1_123' title='bbox 1066 2142 1173 2195; x_wconf 71' lang='lat' dir='ltr'>stonum</span> <span class='ocrx_word' id='word_1_124' title='bbox 1204 2134 1324 2195; x_wconf 89' lang='lat' dir='ltr'>mensis</span> <span class='ocrx_word' id='word_1_125' title='bbox 1354 2133 1555 2216; x_wconf 89' lang='lat' dir='ltr'>incipientis,</span> <span class='ocrx_word' id='word_1_126' title='bbox 1586 2132 1690 2195; x_wconf 79' lang='lat' dir='ltr'>statim</span> <span class='ocrx_word' id='word_1_127' title='bbox 1721 2135 1829 2218; x_wconf 83' lang='lat' dir='ltr'>igitur</span> 
     </span>
     <span class='ocr_line' id='line_1_15' title="bbox 632 2236 1828 2326; baseline -0.003 -20"><span class='ocrx_word' id='word_1_128' title='bbox 632 2242 739 2326; x_wconf 85' lang='lat' dir='ltr'>copias</span> <span class='ocrx_word' id='word_1_129' title='bbox 763 2245 801 2303; x_wconf 81' lang='lat' dir='ltr'>ut</span> <span class='ocrx_word' id='word_1_130' title='bbox 824 2239 996 2304; x_wconf 89' lang='lat' dir='ltr'>educamus</span> <span class='ocrx_word' id='word_1_131' title='bbox 1020 2236 1109 2301; x_wconf 91' lang='lat' dir='ltr'>nullo</span> <span class='ocrx_word' id='word_1_132' title='bbox 1129 2237 1196 2300; x_wconf 90' lang='lat' dir='ltr'>fieri</span> <span class='ocrx_word' id='word_1_133' title='bbox 1217 2242 1322 2320; x_wconf 86' lang='lat' dir='ltr'>potest</span> <span class='ocrx_word' id='word_1_134' title='bbox 1341 2237 1451 2313; x_wconf 91' lang='lat' dir='ltr'>modo,</span> <span class='ocrx_word' id='word_1_135' title='bbox 1471 2239 1533 2301; x_wconf 92' lang='lat' dir='ltr'>nisi</span> <span class='ocrx_word' id='word_1_136' title='bbox 1551 2242 1640 2317; x_wconf 89' lang='lat' dir='ltr'>(cum</span> <span class='ocrx_word' id='word_1_137' title='bbox 1659 2236 1725 2302; x_wconf 92' lang='lat' dir='ltr'>leni</span> <span class='ocrx_word' id='word_1_138' title='bbox 1745 2241 1828 2318; x_wconf 90' lang='lat' dir='ltr'>risu)</span> 
     </span>
     <span class='ocr_line' id='line_1_16' title="bbox 632 2342 1828 2426; baseline -0.003 -16"><span class='ocrx_word' id='word_1_139' title='bbox 632 2344 825 2410; x_wconf 87' lang='lat' dir='ltr'>miraculum</span> <span class='ocrx_word' id='word_1_140' title='bbox 849 2343 922 2420; x_wconf 88' lang='lat' dir='ltr'>fiat,</span> <span class='ocrx_word' id='word_1_141' title='bbox 948 2344 1067 2426; x_wconf 87' lang='lat' dir='ltr'>deoque</span> <span class='ocrx_word' id='word_1_142' title='bbox 1089 2345 1155 2407; x_wconf 91' lang='lat' dir='ltr'>iam</span> <span class='ocrx_word' id='word_1_143' title='bbox 1179 2362 1262 2405; x_wconf 92' lang='lat' dir='ltr'>nono</span> <span class='ocrx_word' id='word_1_144' title='bbox 1283 2344 1403 2406; x_wconf 92' lang='lat' dir='ltr'>mensis</span> <span class='ocrx_word' id='word_1_145' title='bbox 1423 2342 1475 2406; x_wconf 88' lang='lat' dir='ltr'>die</span> <span class='ocrx_word' id='word_1_146' title='bbox 1495 2342 1604 2407; x_wconf 92' lang='lat' dir='ltr'>orbem</span> <span class='ocrx_word' id='word_1_147' title='bbox 1625 2363 1722 2407; x_wconf 90' lang='lat' dir='ltr'>suum</span> <span class='ocrx_word' id='word_1_148' title='bbox 1743 2363 1828 2408; x_wconf 91' lang='lat' dir='ltr'>oom-</span> 
     </span>
     <span class='ocr_line' id='line_1_17' title="bbox 632 2447 1828 2537; baseline -0.001 -22"><span class='ocrx_word' id='word_1_149' title='bbox 632 2451 726 2537; x_wconf 87' lang='lat' dir='ltr'>pleat.</span> <span class='ocrx_word' id='word_1_150' title='bbox 758 2449 814 2514; x_wconf 92' lang='lat' dir='ltr'>Sin</span> <span class='ocrx_word' id='word_1_151' title='bbox 838 2452 963 2526; x_wconf 89' lang='lat' dir='ltr'>minus,</span> <span class='ocrx_word' id='word_1_152' title='bbox 988 2454 1025 2512; x_wconf 89' lang='lat' dir='ltr'>ut</span> <span class='ocrx_word' id='word_1_153' title='bbox 1049 2447 1219 2531; x_wconf 88' lang='lat' dir='ltr'>plenilunii</span> <span class='ocrx_word' id='word_1_154' title='bbox 1245 2452 1373 2531; x_wconf 87' lang='lat' dir='ltr'>tempus</span> <span class='ocrx_word' id='word_1_155' title='bbox 1397 2447 1594 2512; x_wconf 88' lang='lat' dir='ltr'>ordinarium</span> <span class='ocrx_word' id='word_1_156' title='bbox 1618 2456 1828 2533; x_wconf 84' lang='lat' dir='ltr'>expectemus</span> 
     </span>
     <span class='ocr_line' id='line_1_18' title="bbox 630 2552 1829 2640; baseline -0.002 -20"><span class='ocrx_word' id='word_1_157' title='bbox 630 2557 744 2622; x_wconf 85' lang='lat' dir='ltr'>iubent</span> <span class='ocrx_word' id='word_1_158' title='bbox 774 2554 888 2640; x_wconf 82' lang='lat' dir='ltr'>religio</span> <span class='ocrx_word' id='word_1_159' title='bbox 910 2561 941 2618; x_wconf 89' lang='lat' dir='ltr'>et</span> <span class='ocrx_word' id='word_1_160' title='bbox 966 2552 1052 2618; x_wconf 85' lang='lat' dir='ltr'>lex.”</span> <span class='ocrx_word' id='word_1_161' title='bbox 1077 2553 1188 2617; x_wconf 89' lang='lat' dir='ltr'>Nonne</span> <span class='ocrx_word' id='word_1_162' title='bbox 1212 2555 1257 2616; x_wconf 88' lang='lat' dir='ltr'>sic</span> <span class='ocrx_word' id='word_1_163' title='bbox 1280 2555 1402 2637; x_wconf 90' lang='lat' dir='ltr'>optime</span> <span class='ocrx_word' id='word_1_164' title='bbox 1425 2553 1486 2617; x_wconf 89' lang='lat' dir='ltr'>sibi</span> <span class='ocrx_word' id='word_1_165' title='bbox 1510 2560 1718 2639; x_wconf 81' lang='lat' dir='ltr'>opponuntur</span> <span class='ocrx_word' id='word_1_166' title='bbox 1739 2575 1829 2619; x_wconf 82' lang='lat' dir='ltr'>erar-</span> 
     </span>
     <span class='ocr_line' id='line_1_19' title="bbox 630 2657 1828 2745; baseline -0.001 -20"><span class='ocrx_word' id='word_1_167' title='bbox 630 2662 707 2726; x_wconf 90' lang='lat' dir='ltr'>dens</span> <span class='ocrx_word' id='word_1_168' title='bbox 729 2664 871 2745; x_wconf 85' lang='lat' dir='ltr'>impetus</span> <span class='ocrx_word' id='word_1_169' title='bbox 894 2660 1001 2723; x_wconf 89' lang='lat' dir='ltr'>nuntii</span> <span class='ocrx_word' id='word_1_170' title='bbox 1024 2658 1203 2722; x_wconf 85' lang='lat' dir='ltr'>festinantis</span> <span class='ocrx_word' id='word_1_171' title='bbox 1223 2678 1259 2721; x_wconf 88' lang='lat' dir='ltr'>ac</span> <span class='ocrx_word' id='word_1_172' title='bbox 1278 2657 1604 2723; x_wconf 84' lang='lat' dir='ltr'>Lacedaemoniorum</span> <span class='ocrx_word' id='word_1_173' title='bbox 1626 2661 1828 2725; x_wconf 89' lang='lat' dir='ltr'>tardantium</span> 
     </span>
     <span class='ocr_line' id='line_1_20' title="bbox 630 2761 1826 2852; baseline 0 -21"><span class='ocrx_word' id='word_1_174' title='bbox 630 2766 841 2852; x_wconf 81' lang='lat' dir='ltr'>frigidissima</span> <span class='ocrx_word' id='word_1_175' title='bbox 876 2766 1086 2841; x_wconf 76' lang='lat' dir='ltr'>continentia3</span> <span class='ocrx_word' id='word_1_176' title='bbox 1123 2761 1212 2827; x_wconf 90' lang='lat' dir='ltr'>illius</span> <span class='ocrx_word' id='word_1_177' title='bbox 1246 2766 1367 2847; x_wconf 89' lang='lat' dir='ltr'>patriae</span> <span class='ocrx_word' id='word_1_178' title='bbox 1402 2785 1477 2829; x_wconf 89' lang='lat' dir='ltr'>suae</span> <span class='ocrx_word' id='word_1_179' title='bbox 1513 2785 1604 2830; x_wconf 91' lang='lat' dir='ltr'>amor</span> <span class='ocrx_word' id='word_1_180' title='bbox 1633 2787 1826 2851; x_wconf 80' lang='lat' dir='ltr'>generosus,</span> 
     </span>
     <span class='ocr_line' id='line_1_21' title="bbox 630 2869 1827 2938; baseline -0.001 0"><span class='ocrx_word' id='word_1_181' title='bbox 630 2874 747 2938; x_wconf 89' lang='lat' dir='ltr'>horum</span> <span class='ocrx_word' id='word_1_182' title='bbox 783 2874 924 2936; x_wconf 85' lang='lat' dir='ltr'>civitatis</span> <span class='ocrx_word' id='word_1_183' title='bbox 956 2870 1114 2935; x_wconf 82' lang='lat' dir='ltr'>laconicae</span> <span class='ocrx_word' id='word_1_184' title='bbox 1145 2870 1320 2934; x_wconf 91' lang='lat' dir='ltr'>commodis</span> <span class='ocrx_word' id='word_1_185' title='bbox 1350 2873 1476 2935; x_wconf 90' lang='lat' dir='ltr'>intenta</span> <span class='ocrx_word' id='word_1_186' title='bbox 1507 2869 1619 2936; x_wconf 79' lang='lat' dir='ltr'>mens?</span> <span class='ocrx_word' id='word_1_187' title='bbox 1650 2872 1827 2938; x_wconf 78' lang='lat' dir='ltr'>Sersemus</span> 
     </span>
     <span class='ocr_line' id='line_1_22' title="bbox 627 2976 1827 3067; baseline 0.003 -26"><span class='ocrx_word' id='word_1_188' title='bbox 627 2983 732 3067; x_wconf 83' lang='lat' dir='ltr'>igitur</span> <span class='ocrx_word' id='word_1_189' title='bbox 754 2978 924 3043; x_wconf 88' lang='lat' dir='ltr'>lectionem</span> <span class='ocrx_word' id='word_1_190' title='bbox 949 2977 1118 3051; x_wconf 89' lang='lat' dir='ltr'>traditam,</span> <span class='ocrx_word' id='word_1_191' title='bbox 1145 2976 1228 3040; x_wconf 90' lang='lat' dir='ltr'>unde</span> <span class='ocrx_word' id='word_1_192' title='bbox 1252 2976 1405 3040; x_wconf 83' lang='lat' dir='ltr'>discimus</span> <span class='ocrx_word' id='word_1_193' title='bbox 1429 2976 1603 3063; x_wconf 79' lang='lat' dir='ltr'>Spartanos</span> <span class='ocrx_word' id='word_1_194' title='bbox 1627 2986 1700 3045; x_wconf 92' lang='lat' dir='ltr'>ante</span> <span class='ocrx_word' id='word_1_195' title='bbox 1725 2980 1827 3065; x_wconf 93' lang='lat' dir='ltr'>pleni-</span> 
     </span>
     <span class='ocr_line' id='line_1_23' title="bbox 628 3081 1827 3169; baseline 0.001 -20"><span class='ocrx_word' id='word_1_196' title='bbox 628 3085 772 3161; x_wconf 90' lang='lat' dir='ltr'>lunium,</span> <span class='ocrx_word' id='word_1_197' title='bbox 797 3086 818 3147; x_wconf 94' lang='lat' dir='ltr'>i.</span> <span class='ocrx_word' id='word_1_198' title='bbox 843 3105 869 3148; x_wconf 89' lang='lat' dir='ltr'>e.</span> <span class='ocrx_word' id='word_1_199' title='bbox 895 3087 967 3147; x_wconf 91' lang='lat' dir='ltr'>ante</span> <span class='ocrx_word' id='word_1_200' title='bbox 991 3081 1135 3146; x_wconf 90' lang='lat' dir='ltr'>medium</span> <span class='ocrx_word' id='word_1_201' title='bbox 1160 3101 1303 3145; x_wconf 87' lang='lat' dir='ltr'>mensem</span> <span class='ocrx_word' id='word_1_202' title='bbox 1324 3118 1366 3128; x_wconf 91' lang='lat'>-</span> <span class='ocrx_word' id='word_1_203' title='bbox 1388 3104 1462 3146; x_wconf 91' lang='lat' dir='ltr'>nam</span> <span class='ocrx_word' id='word_1_204' title='bbox 1483 3086 1602 3148; x_wconf 88' lang='lat' dir='ltr'>mensis</span> <span class='ocrx_word' id='word_1_205' title='bbox 1626 3091 1722 3169; x_wconf 88' lang='lat' dir='ltr'>atque</span> <span class='ocrx_word' id='word_1_206' title='bbox 1747 3085 1827 3150; x_wconf 89' lang='lat' dir='ltr'>luna</span> 
     </span>
     <span class='ocr_line' id='line_1_24' title="bbox 629 3186 1825 3265; baseline 0.001 -10"><span class='ocrx_word' id='word_1_207' title='bbox 629 3198 804 3255; x_wconf 86' lang='lat' dir='ltr'>naseuntur</span> <span class='ocrx_word' id='word_1_208' title='bbox 834 3187 933 3252; x_wconf 90' lang='lat' dir='ltr'>simul</span> <span class='ocrx_word' id='word_1_209' title='bbox 963 3195 995 3252; x_wconf 86' lang='lat' dir='ltr'>et</span> <span class='ocrx_word' id='word_1_210' title='bbox 1021 3190 1184 3251; x_wconf 87' lang='lat' dir='ltr'>intereunt</span> <span class='ocrx_word' id='word_1_211' title='bbox 1198 3186 1223 3265; x_wconf 87' lang='lat'>²)</span> <span class='ocrx_word' id='word_1_212' title='bbox 1248 3225 1290 3234; x_wconf 90' lang='lat'>—</span> <span class='ocrx_word' id='word_1_213' title='bbox 1314 3190 1492 3253; x_wconf 85' lang='lat' dir='ltr'>exercitum</span> <span class='ocrx_word' id='word_1_214' title='bbox 1515 3189 1648 3254; x_wconf 89' lang='lat' dir='ltr'>educere</span> <span class='ocrx_word' id='word_1_215' title='bbox 1671 3190 1825 3256; x_wconf 88' lang='lat' dir='ltr'>noluisse.</span> 
     </span>
     <span class='ocr_line' id='line_1_25' title="bbox 630 3290 1828 3377; baseline -0.001 -15"><span class='ocrx_word' id='word_1_216' title='bbox 630 3294 731 3363; x_wconf 83' lang='lat' dir='ltr'>Cuius</span> <span class='ocrx_word' id='word_1_217' title='bbox 762 3300 871 3360; x_wconf 90' lang='lat' dir='ltr'>autem</span> <span class='ocrx_word' id='word_1_218' title='bbox 902 3290 1042 3357; x_wconf 80' lang='lat' dir='ltr'>mensis?</span> <span class='ocrx_word' id='word_1_219' title='bbox 1068 3329 1110 3341; x_wconf 92' lang='grc'>-</span> <span class='ocrx_word' id='word_1_220' title='bbox 1136 3291 1281 3377; x_wconf 87' lang='lat' dir='ltr'>„Nempe</span> <span class='ocrx_word' id='word_1_221' title='bbox 1313 3298 1365 3355; x_wconf 81' lang='grc' dir='ltr'>τοῦ</span> <span class='ocrx_word' id='word_1_222' title='bbox 1401 3296 1544 3371; x_wconf 76' lang='grc' dir='ltr'><em>Καρνείου</em></span> <span class='ocrx_word' id='word_1_223' title='bbox 1568 3294 1697 3375; x_wconf 81' lang='grc' dir='ltr'><em>μηνός”,</em></span> <span class='ocrx_word' id='word_1_224' title='bbox 1723 3295 1828 3361; x_wconf 82' lang='lat' dir='ltr'>excla-</span> 
     </span>
     <span class='ocr_line' id='line_1_26' title="bbox 630 3396 1826 3485; baseline -0.001 -19"><span class='ocrx_word' id='word_1_225' title='bbox 630 3403 750 3478; x_wconf 90' lang='lat' dir='ltr'>mabis,</span> <span class='ocrx_word' id='word_1_226' title='bbox 773 3401 850 3485; x_wconf 93' lang='lat' dir='ltr'>„qui</span> <span class='ocrx_word' id='word_1_227' title='bbox 870 3420 943 3463; x_wconf 90' lang='lat' dir='ltr'>oum</span> <span class='ocrx_word' id='word_1_228' title='bbox 964 3396 1200 3483; x_wconf 80' lang='lat' dir='ltr'>Metagitnione</span> <span class='ocrx_word' id='word_1_229' title='bbox 1220 3400 1316 3462; x_wconf 88' lang='lat' dir='ltr'>attico</span> <span class='ocrx_word' id='word_1_230' title='bbox 1336 3396 1525 3483; x_wconf 82' lang='lat' dir='ltr'>congruit!”</span> <span class='ocrx_word' id='word_1_231' title='bbox 1548 3437 1590 3447; x_wconf 90' lang='lat'><em>-</em></span> <span class='ocrx_word' id='word_1_232' title='bbox 1610 3400 1654 3464; x_wconf 80' lang='lat' dir='ltr'>At</span> <span class='ocrx_word' id='word_1_233' title='bbox 1672 3409 1749 3465; x_wconf 88' lang='lat' dir='ltr'>sunt</span> <span class='ocrx_word' id='word_1_234' title='bbox 1770 3404 1826 3485; x_wconf 89' lang='lat' dir='ltr'>qui</span> 
     </span>
     <span class='ocr_line' id='line_1_27' title="bbox 629 3502 1826 3587; baseline -0.002 -15"><span class='ocrx_word' id='word_1_235' title='bbox 629 3507 724 3572; x_wconf 86' lang='lat' dir='ltr'>aliter</span> <span class='ocrx_word' id='word_1_236' title='bbox 743 3508 897 3581; x_wconf 87' lang='lat' dir='ltr'>sentiant,</span> <span class='ocrx_word' id='word_1_237' title='bbox 918 3508 1002 3568; x_wconf 89' lang='lat' dir='ltr'>inter</span> <span class='ocrx_word' id='word_1_238' title='bbox 1022 3523 1100 3587; x_wconf 90' lang='lat' dir='ltr'>quos</span> <span class='ocrx_word' id='word_1_239' title='bbox 1120 3502 1282 3567; x_wconf 88' lang='lat' dir='ltr'>Busoltius</span> <span class='ocrx_word' id='word_1_240' title='bbox 1303 3506 1510 3568; x_wconf 85' lang='lat' dir='ltr'>ratiocinatur</span> <span class='ocrx_word' id='word_1_241' title='bbox 1529 3506 1574 3568; x_wconf 88' lang='lat' dir='ltr'>sio</span> <span class='ocrx_word' id='word_1_242' title='bbox 1596 3502 1637 3583; x_wconf 86' lang='lat'>³):</span> <span class='ocrx_word' id='word_1_243' title='bbox 1659 3505 1826 3582; x_wconf 91' lang='lat' dir='ltr'>„Herodo-</span> 
     </span>
     <span class='ocr_line' id='line_1_28' title="bbox 630 3608 1824 3694; baseline -0.001 -17"><span class='ocrx_word' id='word_1_244' title='bbox 630 3621 682 3676; x_wconf 90' lang='lat' dir='ltr'>tus</span> <span class='ocrx_word' id='word_1_245' title='bbox 705 3610 775 3676; x_wconf 90' lang='lat' dir='ltr'>looo</span> <span class='ocrx_word' id='word_1_246' title='bbox 798 3617 906 3692; x_wconf 85' lang='lat' dir='ltr'>nostro</span> <span class='ocrx_word' id='word_1_247' title='bbox 931 3609 969 3672; x_wconf 90' lang='lat' dir='ltr'>de</span> <span class='ocrx_word' id='word_1_248' title='bbox 993 3611 1112 3673; x_wconf 89' lang='lat' dir='ltr'>mensis</span> <span class='ocrx_word' id='word_1_249' title='bbox 1136 3612 1264 3673; x_wconf 89' lang='lat' dir='ltr'>nomine</span> <span class='ocrx_word' id='word_1_250' title='bbox 1288 3630 1416 3694; x_wconf 91' lang='lat' dir='ltr'>prorsus</span> <span class='ocrx_word' id='word_1_251' title='bbox 1440 3608 1531 3687; x_wconf 89' lang='lat' dir='ltr'>silet,</span> <span class='ocrx_word' id='word_1_252' title='bbox 1553 3631 1626 3674; x_wconf 89' lang='lat' dir='ltr'>cum</span> <span class='ocrx_word' id='word_1_253' title='bbox 1648 3611 1726 3675; x_wconf 89' lang='lat' dir='ltr'>alibi</span> <span class='ocrx_word' id='word_1_254' title='bbox 1739 3611 1824 3689; x_wconf 85' lang='lat' dir='ltr'>(VII,</span> 
     </span>
     <span class='ocr_line' id='line_1_29' title="bbox 631 3710 1825 3801; baseline -0.001 -20"><span class='ocrx_word' id='word_1_255' title='bbox 631 3716 711 3796; x_wconf 80' lang='grc'>206)</span> <span class='ocrx_word' id='word_1_256' title='bbox 735 3723 843 3801; x_wconf 82' lang='lat' dir='ltr'>aperte</span> <span class='ocrx_word' id='word_1_257' title='bbox 868 3715 952 3780; x_wconf 86' lang='lat' dir='ltr'>dicat·</span> <span class='ocrx_word' id='word_1_258' title='bbox 975 3717 1058 3789; x_wconf 75' lang='grc' dir='ltr'>μετὰ</span> <span class='ocrx_word' id='word_1_259' title='bbox 1081 3714 1130 3790; x_wconf 74' lang='grc' dir='ltr'>δέ,</span> <span class='ocrx_word' id='word_1_260' title='bbox 1153 3716 1283 3790; x_wconf 80' lang='grc' dir='ltr'><em>Κοὶονεοοο</em></span> <span class='ocrx_word' id='word_1_261' title='bbox 1305 3715 1367 3792; x_wconf 71' lang='grc' dir='ltr'>γάρ</span> <span class='ocrx_word' id='word_1_262' title='bbox 1388 3724 1445 3794; x_wconf 75' lang='grc' dir='ltr'>σφε</span> <span class='ocrx_word' id='word_1_263' title='bbox 1468 3710 1500 3787; x_wconf 77' lang='grc' dir='ltr'>ἦν</span> <span class='ocrx_word' id='word_1_264' title='bbox 1522 3715 1669 3791; x_wconf 75' lang='grc' dir='ltr'><em>ἐμποδών,</em></span> <span class='ocrx_word' id='word_1_265' title='bbox 1691 3716 1825 3791; x_wconf 80' lang='grc' dir='ltr'><em>ἔμελλον</em></span> 
     </span>
     <span class='ocr_line' id='line_1_30' title="bbox 632 3820 1825 3903; baseline 0 -17"><span class='ocrx_word' id='word_1_266' title='bbox 632 3822 817 3903; x_wconf 74' lang='grc' dir='ltr'><em>ὃςτοὶσουντες</em></span> <span class='ocrx_word' id='word_1_267' title='bbox 922 3822 1005 3884; x_wconf 74' lang='grc' dir='ltr'><em>κατὰ</em></span> <span class='ocrx_word' id='word_1_268' title='bbox 1030 3820 1129 3898; x_wconf 78' lang='grc' dir='ltr'><em>σοὶχος</em></span> <span class='ocrx_word' id='word_1_269' title='bbox 1155 3820 1290 3895; x_wconf 74' lang='grc' dir='ltr'>βοηθέειν</span> <span class='ocrx_word' id='word_1_270' title='bbox 1314 3822 1479 3896; x_wconf 74' lang='grc' dir='ltr'><em>πανδημεί.</em></span> <span class='ocrx_word' id='word_1_271' title='bbox 1505 3820 1625 3884; x_wconf 87' lang='lat' dir='ltr'>Deinde</span> <span class='ocrx_word' id='word_1_272' title='bbox 1649 3821 1825 3887; x_wconf 83' lang='lat' dir='ltr'>Pausaniae</span> 
     </span>
     <span class='ocr_line' id='line_1_31' title="bbox 630 3925 1828 4012; baseline 0 -20"><span class='ocrx_word' id='word_1_273' title='bbox 630 3947 775 4012; x_wconf 88' lang='lat' dir='ltr'>quoque,</span> <span class='ocrx_word' id='word_1_274' title='bbox 809 3927 863 3990; x_wconf 92' lang='lat' dir='ltr'>ubi</span> <span class='ocrx_word' id='word_1_275' title='bbox 887 3926 924 3990; x_wconf 92' lang='lat' dir='ltr'>de</span> <span class='ocrx_word' id='word_1_276' title='bbox 949 3926 1150 3989; x_wconf 87' lang='lat' dir='ltr'>marathonia</span> <span class='ocrx_word' id='word_1_277' title='bbox 1174 3927 1242 4009; x_wconf 78' lang='lat' dir='ltr'>agit</span> <span class='ocrx_word' id='word_1_278' title='bbox 1267 3946 1393 4011; x_wconf 82' lang='lat' dir='ltr'>pugna,</span> <span class='ocrx_word' id='word_1_279' title='bbox 1418 3925 1531 3992; x_wconf 83' lang='lat' dir='ltr'>(lornei</span> <span class='ocrx_word' id='word_1_280' title='bbox 1556 3929 1675 3991; x_wconf 90' lang='lat' dir='ltr'>mensis</span> <span class='ocrx_word' id='word_1_281' title='bbox 1697 3931 1828 3992; x_wconf 88' lang='lat' dir='ltr'>nomine</span> 
     </span>
     <span class='ocr_line' id='line_1_32' title="bbox 632 4027 1828 4111; baseline 0 -14"><span class='ocrx_word' id='word_1_282' title='bbox 632 4035 750 4098; x_wconf 88' lang='lat' dir='ltr'>omisso</span> <span class='ocrx_word' id='word_1_283' title='bbox 773 4032 868 4095; x_wconf 82' lang='lat' dir='ltr'>habet</span> <span class='ocrx_word' id='word_1_284' title='bbox 892 4031 969 4095; x_wconf 81' lang='lat' dir='ltr'>haee</span> <span class='ocrx_word' id='word_1_285' title='bbox 993 4030 1106 4095; x_wconf 87' lang='lat' dir='ltr'>modo:</span> <span class='ocrx_word' id='word_1_286' title='bbox 1132 4027 1207 4093; x_wconf 79' lang='grc' dir='ltr'><em>εἷνοοο</em></span> <span class='ocrx_word' id='word_1_287' title='bbox 1233 4031 1295 4107; x_wconf 71' lang='grc' dir='ltr'>γὰρ</span> <span class='ocrx_word' id='word_1_288' title='bbox 1319 4033 1353 4102; x_wconf 73' lang='grc' dir='ltr'>δη</span> <span class='ocrx_word' id='word_1_289' title='bbox 1379 4030 1467 4106; x_wconf 72' lang='grc' dir='ltr'><em>νόμον</em></span> <span class='ocrx_word' id='word_1_290' title='bbox 1491 4033 1598 4102; x_wconf 81' lang='grc' dir='ltr'><em>οοῠτοῑς</em></span> <span class='ocrx_word' id='word_1_291' title='bbox 1622 4033 1666 4106; x_wconf 78' lang='grc' dir='ltr'>μη</span> <span class='ocrx_word' id='word_1_292' title='bbox 1687 4034 1828 4111; x_wconf 76' lang='grc' dir='ltr'><em>πρότερον</em></span> 
     </span>
     <span class='ocr_line' id='line_1_33' title="bbox 631 4134 1826 4216; baseline 0.004 -17"><span class='ocrx_word' id='word_1_293' title='bbox 631 4137 848 4216; x_wconf 76' lang='grc' dir='ltr'><em>μαχουμένους</em></span> <span class='ocrx_word' id='word_1_294' title='bbox 870 4134 978 4209; x_wconf 79' lang='grc' dir='ltr'><em>ἐξοένοιι</em></span> <span class='ocrx_word' id='word_1_295' title='bbox 1000 4136 1067 4211; x_wconf 76' lang='grc' dir='ltr'>πρὶν</span> <span class='ocrx_word' id='word_1_296' title='bbox 1088 4136 1105 4207; x_wconf 77' lang='grc' dir='ltr'><em>ἢ</em></span> <span class='ocrx_word' id='word_1_297' title='bbox 1126 4138 1226 4211; x_wconf 74' lang='grc' dir='ltr'><em>τληοη</em></span> <span class='ocrx_word' id='word_1_298' title='bbox 1247 4137 1298 4197; x_wconf 83' lang='grc' dir='ltr'>τὸν</span> <span class='ocrx_word' id='word_1_299' title='bbox 1319 4137 1429 4200; x_wconf 80' lang='grc' dir='ltr'><em>κύκλον</em></span> <span class='ocrx_word' id='word_1_300' title='bbox 1449 4144 1504 4209; x_wconf 75' lang='grc' dir='ltr'>τῆς</span> <span class='ocrx_word' id='word_1_301' title='bbox 1524 4138 1652 4210; x_wconf 73' lang='grc' dir='ltr'><em>σελήνης</em></span> <span class='ocrx_word' id='word_1_302' title='bbox 1672 4138 1826 4214; x_wconf 69' lang='grc' dir='ltr'><em>γενέσθαι.</em></span> 
     </span>
     <span class='ocr_line' id='line_1_34' title="bbox 632 4240 1828 4328; baseline 0.003 -21"><span class='ocrx_word' id='word_1_303' title='bbox 632 4244 774 4328; x_wconf 90' lang='lat' dir='ltr'>Denique</span> <span class='ocrx_word' id='word_1_304' title='bbox 806 4240 910 4307; x_wconf 72' lang='lat' dir='ltr'>Schol,</span> <span class='ocrx_word' id='word_1_305' title='bbox 936 4242 990 4306; x_wconf 78' lang='lat' dir='ltr'>Ar.</span> <span class='ocrx_word' id='word_1_306' title='bbox 1017 4241 1095 4306; x_wconf 85' lang='lat' dir='ltr'>Aah.</span> <span class='ocrx_word' id='word_1_307' title='bbox 1120 4241 1163 4304; x_wconf 82' lang='lat'>84</span> <span class='ocrx_word' id='word_1_308' title='bbox 1188 4241 1272 4306; x_wconf 91' lang='lat' dir='ltr'>nude</span> <span class='ocrx_word' id='word_1_309' title='bbox 1295 4241 1439 4327; x_wconf 89' lang='lat' dir='ltr'>loquitur</span> <span class='ocrx_word' id='word_1_310' title='bbox 1462 4243 1500 4307; x_wconf 94' lang='lat' dir='ltr'>de</span> <span class='ocrx_word' id='word_1_311' title='bbox 1523 4244 1704 4325; x_wconf 74' lang='grc' dir='ltr'><em>τυνσεληνῳ</em></span> <span class='ocrx_word' id='word_1_312' title='bbox 1729 4266 1828 4328; x_wconf 91' lang='lat' dir='ltr'>quam</span> 
     </span>
    </p>
   </div>
   <div class='ocr_carea' id='block_1_3' title="bbox 635 4425 829 4434">
    <p class='ocr_par' dir='ltr' id='par_1_3' title="bbox 635 4425 829 4434">
     <span class='ocr_line' id='line_1_35' title="bbox 635 4425 829 4434; baseline -0.015 0"><span class='ocrx_word' id='word_1_313' title='bbox 635 4425 829 4434; x_wconf 82' lang='lat'><em>——-—-</em></span> 
     </span>
    </p>
   </div>
   <div class='ocr_carea' id='block_1_4' title="bbox 664 4540 1828 4691">
    <p class='ocr_par' dir='ltr' id='par_1_4' title="bbox 664 4540 1828 4691">
     <span class='ocr_line' id='line_1_36' title="bbox 666 4540 1204 4608; baseline -0.011 -13"><span class='ocrx_word' id='word_1_314' title='bbox 666 4546 692 4608; x_wconf 91' lang='lat' dir='ltr'>l)</span> <span class='ocrx_word' id='word_1_315' title='bbox 710 4548 771 4593; x_wconf 80' lang='lat' dir='ltr'>Anu.</span> <span class='ocrx_word' id='word_1_316' title='bbox 790 4543 819 4591; x_wconf 81' lang='lat' dir='ltr'>ed</span> <span class='ocrx_word' id='word_1_317' title='bbox 837 4542 912 4590; x_wconf 81' lang='lat' dir='ltr'>Thra.</span> <span class='ocrx_word' id='word_1_318' title='bbox 931 4542 959 4598; x_wconf 91' lang='lat' dir='ltr'>V,</span> <span class='ocrx_word' id='word_1_319' title='bbox 978 4540 1009 4591; x_wconf 81' lang='lat' dir='ltr'>&#39;lli</span> <span class='ocrx_word' id='word_1_320' title='bbox 1027 4541 1051 4589; x_wconf 91' lang='lat' dir='ltr'>in</span> <span class='ocrx_word' id='word_1_321' title='bbox 1070 4542 1107 4588; x_wconf 87' lang='lat' dir='ltr'>ed.</span> <span class='ocrx_word' id='word_1_322' title='bbox 1125 4540 1204 4589; x_wconf 77' lang='lat' dir='ltr'>Herw.</span> 
     </span>
     <span class='ocr_line' id='line_1_37' title="bbox 664 4621 1828 4691; baseline 0.001 -16"><span class='ocrx_word' id='word_1_323' title='bbox 664 4626 691 4687; x_wconf 79' lang='grc'>2)</span> <span class='ocrx_word' id='word_1_324' title='bbox 720 4626 772 4673; x_wconf 87' lang='lat' dir='ltr'>Vid.</span> <span class='ocrx_word' id='word_1_325' title='bbox 797 4640 817 4671; x_wconf 85' lang='lat' dir='ltr'>e.</span> <span class='ocrx_word' id='word_1_326' title='bbox 834 4639 857 4686; x_wconf 75' lang='lat' dir='ltr'>g.</span> <span class='ocrx_word' id='word_1_327' title='bbox 881 4623 955 4671; x_wconf 77' lang='lat' dir='ltr'>&#39;l&#39;huc</span> <span class='ocrx_word' id='word_1_328' title='bbox 979 4621 1046 4678; x_wconf 74' lang='lat'>11,4</span> <span class='ocrx_word' id='word_1_329' title='bbox 1070 4621 1108 4669; x_wconf 89' lang='lat' dir='ltr'>nbi</span> <span class='ocrx_word' id='word_1_330' title='bbox 1134 4624 1223 4680; x_wconf 77' lang='grc' dir='ltr'><em>σκότος</em></span> <span class='ocrx_word' id='word_1_331' title='bbox 1248 4627 1379 4673; x_wconf 82' lang='lat' dir='ltr'>nocturnus</span> <span class='ocrx_word' id='word_1_332' title='bbox 1397 4624 1533 4688; x_wconf 82' lang='lat' dir='ltr'>explicetur</span> <span class='ocrx_word' id='word_1_333' title='bbox 1551 4625 1596 4673; x_wconf 89' lang='lat' dir='ltr'>hoo</span> <span class='ocrx_word' id='word_1_334' title='bbox 1613 4626 1699 4674; x_wconf 88' lang='lat' dir='ltr'>modo:</span> <span class='ocrx_word' id='word_1_335' title='bbox 1717 4627 1762 4676; x_wconf 70' lang='grc' dir='ltr'>καὶ</span> <span class='ocrx_word' id='word_1_336' title='bbox 1779 4630 1828 4691; x_wconf 70' lang='grc' dir='ltr'>γὰρ</span> 
     </span>
    </p>
   </div>
   <div class='ocr_carea' id='block_1_5' title="bbox 630 4699 1217 4851">
    <p class='ocr_par' dir='ltr' id='par_1_5' title="bbox 630 4699 1217 4851">
     <span class='ocr_line' id='line_1_38' title="bbox 630 4699 1217 4767; baseline -0.007 -11"><span class='ocrx_word' id='word_1_337' title='bbox 630 4709 802 4761; x_wconf 68' lang='grc' dir='ltr'><em>τελευτῶντος</em></span> <span class='ocrx_word' id='word_1_338' title='bbox 819 4706 865 4751; x_wconf 73' lang='grc' dir='ltr'>τοῦ</span> <span class='ocrx_word' id='word_1_339' title='bbox 882 4703 956 4762; x_wconf 77' lang='grc' dir='ltr'><em>μηνὸς</em></span> <span class='ocrx_word' id='word_1_340' title='bbox 974 4703 1008 4749; x_wconf 70' lang='grc' dir='ltr'>τὰ</span> <span class='ocrx_word' id='word_1_341' title='bbox 1025 4704 1164 4767; x_wconf 74' lang='grc' dir='ltr'><em>γιγνόμενον</em></span> <span class='ocrx_word' id='word_1_342' title='bbox 1182 4699 1217 4759; x_wconf 69' lang='grc' dir='ltr'>ην.</span> 
     </span>
     <span class='ocr_line' id='line_1_39' title="bbox 665 4784 943 4851; baseline -0.018 -15"><span class='ocrx_word' id='word_1_343' title='bbox 665 4791 689 4851; x_wconf 80' lang='grc'>3)</span> <span class='ocrx_word' id='word_1_344' title='bbox 706 4789 735 4836; x_wconf 85' lang='lat' dir='ltr'>G.</span> <span class='ocrx_word' id='word_1_345' title='bbox 754 4788 782 4835; x_wconf 83' lang='lat' dir='ltr'>G.</span> <span class='ocrx_word' id='word_1_346' title='bbox 801 4784 836 4842; x_wconf 91' lang='lat' dir='ltr'>ll,</span> <span class='ocrx_word' id='word_1_347' title='bbox 855 4785 943 4842; x_wconf 73' lang='lat'>580,3.</span> 
     </span>
    </p>
   </div>
   <div class='ocr_carea' id='block_1_6' title="bbox 0 0 2268 5941">
    <p class='ocr_par' dir='ltr' id='par_1_6' title="bbox 0 0 2268 5941">
     <span class='ocr_line' id='line_1_40' title="bbox 0 0 2268 5941; baseline 0 0"><span class='ocrx_word' id='word_1_348' title='bbox 0 0 2268 5941; x_wconf 95' lang='lat' dir='ltr'> </span> 
     </span>
    </p>
   </div>
  </div>
 </body>
</html>
