4525 5950
647 696 713 762 128
983 714 1026 761 nn
1048 714 1196 762 neesson
1219 715 1301 762 saon
1326 715 1492 764 semaam

646 878 753 965 qualia
784 881 989 944 notissimum
1020 886 1067 944 est
1099 879 1185 964 apud
1209 879 1388 945 Homerum
1412 903 1513 966 neque
1536 885 1646 947 minus
1668 885 1701 947 in
1727 904 1834 949 monu-

647 987 764 1051 mentis
795 984 978 1072 Mycenaeis
1008 986 1185 1070 frequentia
1216 1008 1292 1052 esse.
1325 986 1460 1053 Scotum
1492 987 1592 1053 talare
1624 991 1653 1052 si
1678 995 1836 1054 constaret

646 1093 698 1157 hic
729 1094 882 1177 spectari,
913 1095 968 1157 vix
999 1092 1135 1158 dubium
1166 1102 1247 1159 esset
1278 1097 1353 1179 quin
1387 1095 1480 1173 θώρηξ
1510 1096 1562 1160 hic
1594 1104 1679 1161 esset
1710 1100 1835 1167 tunice.

645 1221 747 1284 neque
778 1202 863 1264 enim
896 1203 951 1284 qui
983 1207 1072 1264 scuto
1096 1199 1191 1265 talari
1214 1203 1328 1278 utitur,
1353 1202 1390 1266 de
1415 1223 1477 1286 qua
1499 1223 1533 1267 re
1556 1224 1630 1268 mox
1656 1205 1837 1268 accuratius

646 1326 742 1393 agam
756 1303 792 1384 ¹),
825 1306 983 1371 thoracem
1017 1311 1152 1371 aeneum
1182 1307 1322 1372 induisse
1353 1307 1502 1375 credibile
1534 1317 1592 1374 est.
1623 1308 1687 1374 Sed
1721 1316 1762 1374 ut
1791 1331 1838 1376 res

645 1433 678 1477 se
709 1412 821 1488 habet,
846 1420 957 1477 utrum
988 1415 1096 1478 tunica
1125 1434 1165 1477 an
1197 1413 1306 1478 thorax
1337 1419 1452 1480 aineus
1483 1422 1645 1500 spectetur
1677 1419 1837 1482 incertum

646 1514 802 1595 manet2).
829 1517 898 1583 Hoc
921 1524 1060 1594 constet,
1084 1525 1241 1604 quantum
1267 1541 1304 1585 ex
1328 1525 1544 1586 monumentis
1567 1521 1760 1608 Mycenaeis
1781 1522 1839 1589 effi·

645 1644 714 1688 cere
744 1621 838 1698 licet,
870 1622 991 1688 milites
1021 1645 1146 1709 quoque
1178 1628 1411 1710 antiquissimis
1441 1625 1507 1691 illis
1539 1634 1681 1694 armatos
1706 1627 1837 1714 clipeis,

646 1750 749 1794 carere
768 1729 965 1807 thoracibus,
988 1730 1041 1795 sed
1060 1734 1139 1796 certi
1159 1732 1218 1796 hac
1237 1731 1275 1796 de
1294 1753 1328 1797 re
1347 1733 1430 1797 nihil
1449 1753 1487 1797 ex
1505 1736 1545 1798 iis
1564 1733 1689 1799 efficere
1710 1734 1794 1801 licet
1807 1733 1838 1815 ²).

691 1836 823 1901 Restant
854 1835 965 1901 2322
997 1837 1052 1901 ubi
1083 1836 1173 1901 Paris
1198 1837 1388 1903 describitur
1410 1846 1583 1924 occupatus
1605 1843 1639 1904 in
1665 1845 1771 1906 armis
1795 1863 1840 1907 ex·

647 1942 828 2028 pediendis‚
866 1945 1055 2008 concinnans
1096 1943 1214 2007 ἀσπίδα
1247 1944 1299 2007 uei
1331 1945 1464 2022 θώρηκα,
1497 1944 1606 2010 Γ332
1638 1947 1699 2011 ubi
1732 1948 1840 2025 Paris,

647 2060 674 2113 n
700 2047 763 2113 133
795 2049 850 2113 ubi
881 2048 1046 2115 Patroclus
1078 2051 1193 2128 deiparae
1219 2051 1285 2128 περὶ
1311 2052 1469 2124 στήθεσσιν
1494 2050 1593 2128 ἔδυνε,
1618 2054 1743 2137 quibus
1767 2054 1841 2120 locis

646 2177 702 2240 per
734 2177 766 2220 se
797 2159 947 2240 spectatis
970 2157 1052 2221 nihil
1076 2178 1178 2242 neque
1196 2160 1290 2243 'cogit
1312 2179 1414 2243 neque
1437 2165 1526 2224 vetat
1549 2162 1696 2224 tunicam
1720 2161 1842 2227 intelle

645 2282 722 2349 gere
752 2265 940 2347 praesertim
971 2261 1100 2327 laminis
1131 2265 1236 2328 eineis
1266 2267 1468 2330 instructam.
1500 2264 1571 2329 Nisi
1603 2265 1744 2332 forsitan
1779 2269 1841 2345 περὶ
1877 2292 1878 2303 ’

645 2369 790 2441 στήθεσσι
815 2370 920 2453 aptius
944 2368 1069 2433 dicatur
1091 2368 1130 2434 de
1155 2369 1280 2434 thorace
1303 2370 1448 2450 senech.
1877 2370 1878 2375 ’

1095 2522 1392 2604 (Continucbreetur).

646 2648 840 2658 Μ*

679 2754 707 2816 1)
725 2752 785 2800 Vide
802 2752 865 2801 inira
883 2755 894 2813 t
912 2751 934 2799 9.

678 2835 707 2901 2)
726 2834 815 2883 Rohert
831 2835 857 2883 ll.
877 2853 899 2901 p.
917 2834 949 2883 20
965 2849 1019 2883 cnm
1038 2833 1114 2883 victor
1131 2834 1233 2883 occisum
1248 2833 1340 2883 hostem
1355 2835 1452 2884 thorace
1471 2839 1541 2884 eruet
1559 2843 1731 2901 antequam
1751 2845 1842 2890 tantm

643 2919 664 2967 ei
682 2919 801 2977 detrahet,
819 2919 847 2965 de
863 2917 940 2983 clipeo
958 2920 1039 2981 aptato
1056 2915 1152 2965 brachio
1170 2932 1217 2965 non
1236 2917 1352 2982 pendente
1371 2921 1398 2965 ἐκ
1418 2921 1561 2978 comperce
1578 2919 1617 2983 agi
1634 2927 1721 2970 censet
1737 2929 1764 2972 et
1771 2924 1843 2974 verbis

644 2998 756 3052 ‚serua
772 3000 796 3048 τ’
811 2998 898 3060 ὤμων”
916 3000 1049 3063 sequiorem
1068 3005 1161 3064 poetam
1180 3000 1258 3048 minue
1273 3004 1382 3049 accurate
1398 3016 1466 3050 nsum
1480 3017 1536 3051 eece.
1559 3001 1680 3066 Equidem
1699 3006 1801 3056 facilius
1817 3007 1842 3055 ri

644 3082 745 3144 deraque
764 3084 877 3142 πρότερον
896 3082 982 3140 ieram,
1001 3086 1028 3131 ut
1047 3082 1126 3131 ΑΒΗ
1146 3079 1252 3143 ’ἐσρσιφσν
1267 3080 1306 3137 ἧδ’
1325 3079 1453 3144 ἐγένσνσσ,
1471 3080 1526 3131 δῦθ
1541 3082 1609 3145 cippi
1626 3082 1651 3131 δ’
1666 3084 1717 3147 ἄρα
1734 3089 1844 3150 zulano

645 3167 736 3222 senaar
754 3164 840 3225 ’βάλον
859 3162 902 3221 ridi
921 3169 1045 3226 χιτῶνας,
1064 3164 1111 3212 alia
1128 3164 1251 3213 eiusmodi.

678 3249 705 3309 3)
724 3247 760 3295 Ci.
778 3247 840 3295 infra
858 3250 868 3308 §
887 3247 908 3295 ὓ.

678 3331 706 3388 4)
724 3330 815 3377 Revera
829 3344 883 3377 mor
901 3326 990 3392 patebit
1008 3328 1093 3386 1'388,
1111 3328 1194 3377 [1138
1213 3329 1241 3378 de
1258 3330 1355 3378 thorace
1374 3334 1447 3380 eineo
1464 3333 1513 3390 aqi,
1530 3331 1559 3381 cl.
1580 3333 1642 3393 514,
1657 3339 1749 3385 contra
1766 3342 1785 3386 Ζ
1800 3337 1843 3388 881

645 3409 673 3459 de
690 3412 771 3460 tunica
789 3412 826 3475 egi
845 3410 975 3460 videbimus
991 3411 1054 3460 inire
1071 3415 1081 3473 ς
1099 3413 1136 3459 14.
1156 3413 1190 3459 Do
1210 3411 1261 3460 loco
1279 3418 1295 3460 Γ
1313 3414 1361 3462 ³82
1377 3413 1434 3481 ¹vide
1450 3417 1572 3478 praeterea
1589 3430 1665 3479 supra
1684 3434 1709 3482 p.
1731 3419 1792 3471 127.

647 3673 709 3684 —n—

1095 3910 1138 3956 An
1163 3909 1385 3957 rauranum.

691 4074 846 4141 Themist.
873 4077 892 4140 4
916 4074 1034 4156 (Sint).
1068 4076 1241 4160 Postquam
1272 4075 1416 4142 Platonis
1440 4081 1489 4141 est
1511 4072 1636 4159 prolata
1662 4082 1840 4153 sententia,

645 4181 816 4247 consilium
846 4204 956 4248 eorum
983 4183 1194 4267 improbantis
1218 4185 1275 4267 qui
1299 4182 1438 4247 Athenas
1462 4179 1668 4267 erepublica
1694 4183 1841 4250 mediter

645 4310 740 4354 renea
771 4292 969 4354 maritimam
1001 4291 1160 4366 fecerunt,
1185 4293 1230 4354 sic
1252 4292 1320 4374 ipse
1344 4288 1536 4354 Plutarchus
1559 4288 1598 4353 de
1620 4287 1839 4358 Themistocle

644 4394 734 4480 loqui
770 4399 891 4482 pergit:
925 4402 1035 4460 utrum
1067 4395 1198 4480 politica
1229 4417 1285 4460 eus
1316 4398 1396 4459 ratio
1426 4395 1508 4461 bona
1537 4416 1577 4459 en
1609 4416 1710 4479 preve
1744 4398 1839 4462 fuerit

646 4500 722 4566 ἔστω
756 4505 1001 4581 pracceptum
1033 4502 1216 4565 ἐπισκοπεῖν.
1249 4500 1353 4566 Immo
1384 4500 1655 4581 Φιλοσσφωσέρωνε
1681 4501 1721 4566 de
1746 4523 1785 4568 ea
1807 4523 1836 4566 re

645 4609 670 4671 ii
702 4606 845 4672 iudicent
876 4611 931 4692 qui
961 4606 1195 4692 philosophicis.
1220 4607 1503 4692 disceptationibus
1526 4609 1631 4692 magis
1656 4627 1757 4691 quam
1781 4628 1836 4694 ego

645 4720 721 4776 sunt
742 4712 858 4777 idonei.
1637 4710 1667 4778 J.
1691 4712 1722 4779 J.
1748 4713 1792 4779 Η.
