<?xml version="1.0" encoding="UTF-8"?>
<!DOCTYPE html PUBLIC "-//W3C//DTD XHTML 1.0 Transitional//EN"
    "http://www.w3.org/TR/xhtml1/DTD/xhtml1-transitional.dtd">
<html xmlns="http://www.w3.org/1999/xhtml" xml:lang="en" lang="en">
 <head>
  <title>
</title>
<meta http-equiv="Content-Type" content="text/html;charset=utf-8" />
  <meta name='ocr-system' content='tesseract 3.04.00' />
  <meta name='ocr-capabilities' content='ocr_page ocr_carea ocr_par ocr_line ocrx_word'/>
</head>
<body>
  <div class='ocr_page' id='page_1' title='image "./mnemosyne07verdgoog_0406.png"; bbox 0 0 4525 5950; ppageno 0'>
   <div class='ocr_carea' id='block_1_1' title="bbox 534 692 1202 758">
    <p class='ocr_par' dir='ltr' id='par_1_1' title="bbox 534 692 1202 758">
     <span class='ocr_line' id='line_1_1' title="bbox 534 692 1202 758; baseline -0.003 0"><span class='ocrx_word' id='word_1_1' title='bbox 534 692 600 758; x_wconf 85' lang='grc'><strong>386</strong></span> <span class='ocrx_word' id='word_1_2' title='bbox 1060 710 1202 758; x_wconf 76' lang='lat' dir='ltr'><strong>vannos.</strong></span> 
     </span>
    </p>
   </div>
   <div class='ocr_carea' id='block_1_2' title="bbox 531 856 1724 4890">
    <p class='ocr_par' dir='ltr' id='par_1_2' title="bbox 531 856 1724 1385">
     <span class='ocr_line' id='line_1_2' title="bbox 578 856 1722 958; baseline -0.002 -20"><span class='ocrx_word' id='word_1_3' title='bbox 578 877 617 938; x_wconf 87' lang='lat' dir='ltr'><strong>A.</strong></span> <span class='ocrx_word' id='word_1_4' title='bbox 643 873 680 950; x_wconf 87' lang='lat' dir='ltr'><strong>V,</strong></span> <span class='ocrx_word' id='word_1_5' title='bbox 706 872 736 937; x_wconf 85' lang='lat'><strong>3.</strong></span> <span class='ocrx_word' id='word_1_6' title='bbox 770 856 922 952; x_wconf 84' lang='lat' dir='ltr'><strong>„Iunium</strong></span> <span class='ocrx_word' id='word_1_7' title='bbox 954 871 1155 949; x_wconf 82' lang='lat' dir='ltr'>Gallionem,</span> <span class='ocrx_word' id='word_1_8' title='bbox 1188 877 1243 957; x_wconf 92' lang='lat' dir='ltr'><strong>qui</strong></span> <span class='ocrx_word' id='word_1_9' title='bbox 1267 877 1445 949; x_wconf 89' lang='lat' dir='ltr'><strong>censuerat,</strong></span> <span class='ocrx_word' id='word_1_10' title='bbox 1470 880 1507 936; x_wconf 89' lang='lat' dir='ltr'><strong>ut</strong></span> <span class='ocrx_word' id='word_1_11' title='bbox 1529 875 1722 958; x_wconf 88' lang='lat' dir='ltr'><strong>praetoriani</strong></span> 
     </span>
     <span class='ocr_line' id='line_1_3' title="bbox 532 977 1723 1064; baseline -0.003 -19"><span class='ocrx_word' id='word_1_12' title='bbox 532 981 610 1045; x_wconf 88' lang='lat' dir='ltr'><strong>actis</strong></span> <span class='ocrx_word' id='word_1_13' title='bbox 641 978 808 1064; x_wconf 90' lang='lat' dir='ltr'><strong>stipendiis</strong></span> <span class='ocrx_word' id='word_1_14' title='bbox 839 982 889 1043; x_wconf 91' lang='lat' dir='ltr'><strong>ius</strong></span> <span class='ocrx_word' id='word_1_15' title='bbox 913 983 1129 1064; x_wconf 77' lang='lat' dir='ltr'>apiscerentur</span> <span class='ocrx_word' id='word_1_16' title='bbox 1152 982 1186 1043; x_wconf 91' lang='lat' dir='ltr'><strong>in</strong></span> <span class='ocrx_word' id='word_1_17' title='bbox 1210 977 1466 1063; x_wconf 86' lang='lat' dir='ltr'><strong>quattuordecim</strong></span> <span class='ocrx_word' id='word_1_18' title='bbox 1490 977 1658 1043; x_wconf 78' lang='lat' dir='ltr'>ordinibus</span> <span class='ocrx_word' id='word_1_19' title='bbox 1681 999 1723 1042; x_wconf 77' lang='lat' dir='ltr'><strong>se</strong></span> 
     </span>
     <span class='ocr_line' id='line_1_4' title="bbox 532 1082 1722 1170; baseline -0.003 -20"><span class='ocrx_word' id='word_1_20' title='bbox 532 1086 643 1164; x_wconf 87' lang='lat' dir='ltr'><strong>dendi,</strong></span> <span class='ocrx_word' id='word_1_21' title='bbox 668 1084 825 1150; x_wconf 89' lang='lat' dir='ltr'><strong>violenter</strong></span> <span class='ocrx_word' id='word_1_22' title='bbox 846 1088 1006 1170; x_wconf 79' lang='lat' dir='ltr'><strong>increpuit</strong></span> <span class='ocrx_word' id='word_1_23' title='bbox 1025 1085 1208 1163; x_wconf 81' lang='lat' dir='ltr'><strong>(Tiberius),</strong></span> <span class='ocrx_word' id='word_1_24' title='bbox 1231 1084 1322 1150; x_wconf 90' lang='lat' dir='ltr'><strong>velut</strong></span> <span class='ocrx_word' id='word_1_25' title='bbox 1341 1105 1449 1149; x_wconf 90' lang='lat' dir='ltr'><strong>coram</strong></span> <span class='ocrx_word' id='word_1_26' title='bbox 1468 1086 1625 1169; x_wconf 79' lang='lat' dir='ltr'><strong>rogitans,</strong></span> <span class='ocrx_word' id='word_1_27' title='bbox 1648 1082 1722 1169; x_wconf 90' lang='lat' dir='ltr'><strong>quid</strong></span> 
     </span>
     <span class='ocr_line' id='line_1_5' title="bbox 531 1190 1724 1277; baseline -0.002 -21"><span class='ocrx_word' id='word_1_28' title='bbox 531 1191 583 1256; x_wconf 90' lang='lat' dir='ltr'><strong>illi</strong></span> <span class='ocrx_word' id='word_1_29' title='bbox 602 1213 676 1255; x_wconf 84' lang='lat' dir='ltr'><strong>cunr</strong></span> <span class='ocrx_word' id='word_1_30' title='bbox 695 1190 872 1268; x_wconf 73' lang='lat' dir='ltr'><strong>militibus,</strong></span> <span class='ocrx_word' id='word_1_31' title='bbox 895 1214 973 1277; x_wconf 92' lang='lat' dir='ltr'><strong>quos</strong></span> <span class='ocrx_word' id='word_1_32' title='bbox 997 1213 1097 1276; x_wconf 92' lang='lat' dir='ltr'><strong>neque</strong></span> <span class='ocrx_word' id='word_1_33' title='bbox 1121 1191 1206 1256; x_wconf 88' lang='lat' dir='ltr'><strong>dicta</strong></span> <span class='ocrx_word' id='word_1_34' title='bbox 1228 1193 1431 1277; x_wconf 88' lang='lat' dir='ltr'><strong>imperatoris</strong></span> <span class='ocrx_word' id='word_1_35' title='bbox 1455 1210 1558 1275; x_wconf 91' lang='lat' dir='ltr'><strong>neque</strong></span> <span class='ocrx_word' id='word_1_36' title='bbox 1582 1192 1724 1275; x_wconf 82' lang='lat' dir='ltr'><strong>praemia</strong></span> 
     </span>
     <span class='ocr_line' id='line_1_6' title="bbox 532 1299 1253 1385; baseline -0.001 -23"><span class='ocrx_word' id='word_1_37' title='bbox 532 1301 595 1362; x_wconf 89' lang='lat' dir='ltr'><strong>nisi</strong></span> <span class='ocrx_word' id='word_1_38' title='bbox 617 1299 655 1363; x_wconf 90' lang='lat' dir='ltr'><strong>ab</strong></span> <span class='ocrx_word' id='word_1_39' title='bbox 679 1301 871 1385; x_wconf 82' lang='lat' dir='ltr'><strong>imperatore</strong></span> <span class='ocrx_word' id='word_1_40' title='bbox 894 1302 1035 1384; x_wconf 88' lang='lat' dir='ltr'><strong>accipere</strong></span> <span class='ocrx_word' id='word_1_41' title='bbox 1058 1319 1115 1384; x_wconf 88' lang='lat' dir='ltr'><strong>par</strong></span> <span class='ocrx_word' id='word_1_42' title='bbox 1138 1299 1253 1364; x_wconf 86' lang='lat' dir='ltr'><strong>esset.”</strong></span> 
     </span>
    </p>

    <p class='ocr_par' dir='ltr' id='par_1_3' title="bbox 531 1402 1722 2443">
     <span class='ocr_line' id='line_1_7' title="bbox 577 1402 1721 1490; baseline -0.003 -20"><span class='ocrx_word' id='word_1_43' title='bbox 577 1404 630 1470; x_wconf 82' lang='lat' dir='ltr'><strong>Sic</strong></span> <span class='ocrx_word' id='word_1_44' title='bbox 654 1415 702 1469; x_wconf 89' lang='lat' dir='ltr'><strong>est</strong></span> <span class='ocrx_word' id='word_1_45' title='bbox 724 1408 757 1469; x_wconf 92' lang='lat' dir='ltr'><strong>in</strong></span> <span class='ocrx_word' id='word_1_46' title='bbox 782 1405 902 1478; x_wconf 89' lang='lat' dir='ltr'><strong>codice:</strong></span> <span class='ocrx_word' id='word_1_47' title='bbox 926 1404 1055 1490; x_wconf 82' lang='lat' dir='ltr'><strong>Lipsius</strong></span> <span class='ocrx_word' id='word_1_48' title='bbox 1078 1405 1267 1487; x_wconf 69' lang='lat' dir='ltr'><strong>imperatorin</strong></span> <span class='ocrx_word' id='word_1_49' title='bbox 1286 1404 1386 1483; x_wconf 75' lang='lat' dir='ltr'><strong>delet:</strong></span> <span class='ocrx_word' id='word_1_50' title='bbox 1408 1405 1491 1468; x_wconf 89' lang='lat' dir='ltr'><strong>mihi</strong></span> <span class='ocrx_word' id='word_1_51' title='bbox 1511 1402 1721 1469; x_wconf 88' lang='lat' dir='ltr'><strong>verisimilius</strong></span> 
     </span>
     <span class='ocr_line' id='line_1_8' title="bbox 532 1509 1722 1597; baseline -0.003 -20"><span class='ocrx_word' id='word_1_52' title='bbox 532 1512 662 1577; x_wconf 90' lang='lat' dir='ltr'><strong>videtur</strong></span> <span class='ocrx_word' id='word_1_53' title='bbox 692 1509 841 1576; x_wconf 77' lang='lat' dir='ltr'><strong>Tacitum</strong></span> <span class='ocrx_word' id='word_1_54' title='bbox 871 1515 1050 1597; x_wconf 81' lang='lat' dir='ltr'><strong>scripsisse:</strong></span> <span class='ocrx_word' id='word_1_55' title='bbox 1083 1533 1183 1596; x_wconf 91' lang='lat' dir='ltr'><strong>„quos</strong></span> <span class='ocrx_word' id='word_1_56' title='bbox 1215 1532 1315 1595; x_wconf 92' lang='lat' dir='ltr'><strong>neque</strong></span> <span class='ocrx_word' id='word_1_57' title='bbox 1347 1510 1430 1575; x_wconf 89' lang='lat' dir='ltr'><strong>diota</strong></span> <span class='ocrx_word' id='word_1_58' title='bbox 1454 1531 1557 1594; x_wconf 92' lang='lat' dir='ltr'><strong>neque</strong></span> <span class='ocrx_word' id='word_1_59' title='bbox 1580 1512 1722 1595; x_wconf 86' lang='lat' dir='ltr'><strong>praemia</strong></span> 
     </span>
     <span class='ocr_line' id='line_1_9' title="bbox 532 1615 1720 1703; baseline 0 -22"><span class='ocrx_word' id='word_1_60' title='bbox 532 1619 594 1681; x_wconf 92' lang='lat' dir='ltr'><strong>nisi</strong></span> <span class='ocrx_word' id='word_1_61' title='bbox 617 1617 805 1699; x_wconf 78' lang='lat' dir='ltr'><strong>imperatorie</strong></span> <span class='ocrx_word' id='word_1_62' title='bbox 828 1620 969 1703; x_wconf 85' lang='lat' dir='ltr'><strong>accipere</strong></span> <span class='ocrx_word' id='word_1_63' title='bbox 991 1639 1049 1703; x_wconf 88' lang='lat' dir='ltr'><strong>par</strong></span> <span class='ocrx_word' id='word_1_64' title='bbox 1072 1618 1188 1694; x_wconf 86' lang='lat' dir='ltr'><strong>esset”,</strong></span> <span class='ocrx_word' id='word_1_65' title='bbox 1214 1617 1297 1702; x_wconf 92' lang='lat' dir='ltr'><strong>quod</strong></span> <span class='ocrx_word' id='word_1_66' title='bbox 1320 1638 1395 1682; x_wconf 91' lang='lat' dir='ltr'><strong>oum</strong></span> <span class='ocrx_word' id='word_1_67' title='bbox 1414 1616 1453 1681; x_wconf 91' lang='lat' dir='ltr'><strong>ad</strong></span> <span class='ocrx_word' id='word_1_68' title='bbox 1472 1615 1720 1702; x_wconf 84' lang='lat' dir='ltr'><strong>intelligendum</strong></span> 
     </span>
     <span class='ocr_line' id='line_1_10' title="bbox 532 1722 1721 1810; baseline -0.002 -22"><span class='ocrx_word' id='word_1_69' title='bbox 532 1723 626 1807; x_wconf 87' lang='lat' dir='ltr'><strong>paulo</strong></span> <span class='ocrx_word' id='word_1_70' title='bbox 657 1723 820 1789; x_wconf 88' lang='lat' dir='ltr'><strong>videretur</strong></span> <span class='ocrx_word' id='word_1_71' title='bbox 850 1722 1010 1788; x_wconf 90' lang='lat' dir='ltr'><strong>difficilius</strong></span> <span class='ocrx_word' id='word_1_72' title='bbox 1041 1727 1073 1788; x_wconf 91' lang='lat' dir='ltr'><strong>in</strong></span> <span class='ocrx_word' id='word_1_73' title='bbox 1099 1726 1245 1810; x_wconf 79' lang='lat' dir='ltr'><strong>margine</strong></span> <span class='ocrx_word' id='word_1_74' title='bbox 1269 1730 1458 1788; x_wconf 92' lang='lat' dir='ltr'><strong>annotatum</strong></span> <span class='ocrx_word' id='word_1_75' title='bbox 1482 1743 1551 1789; x_wconf 88' lang='lat' dir='ltr'><strong>esse</strong></span> <span class='ocrx_word' id='word_1_76' title='bbox 1574 1724 1612 1786; x_wconf 80' lang='lat' dir='ltr'><strong>ab</strong></span> <span class='ocrx_word' id='word_1_77' title='bbox 1637 1724 1721 1806; x_wconf 74' lang='lat' dir='ltr'><strong>impe</strong></span> 
     </span>
     <span class='ocr_line' id='line_1_11' title="bbox 531 1829 1721 1916; baseline 0.002 -25"><span class='ocrx_word' id='word_1_78' title='bbox 531 1836 631 1892; x_wconf 84' lang='lat' dir='ltr'><strong>ratorc</strong></span> <span class='ocrx_word' id='word_1_79' title='bbox 665 1829 704 1893; x_wconf 95' lang='lat' dir='ltr'><strong>ad</strong></span> <span class='ocrx_word' id='word_1_80' title='bbox 738 1835 934 1895; x_wconf 82' lang='lat' dir='ltr'><strong>structuram</strong></span> <span class='ocrx_word' id='word_1_81' title='bbox 968 1833 1075 1916; x_wconf 78' lang='lat' dir='ltr'><strong>magis</strong></span> <span class='ocrx_word' id='word_1_82' title='bbox 1108 1836 1294 1895; x_wconf 87' lang='lat' dir='ltr'><strong>consuetam</strong></span> <span class='ocrx_word' id='word_1_83' title='bbox 1327 1829 1547 1908; x_wconf 68' lang='lat' dir='ltr'><strong>indicandam</strong></span> <span class='ocrx_word' id='word_1_84' title='bbox 1584 1850 1721 1914; x_wconf 87' lang='lat' dir='ltr'><strong>cumque</strong></span> 
     </span>
     <span class='ocr_line' id='line_1_12' title="bbox 531 1934 1722 2023; baseline 0.002 -24"><span class='ocrx_word' id='word_1_85' title='bbox 531 1934 630 2000; x_wconf 90' lang='lat' dir='ltr'><strong>semel</strong></span> <span class='ocrx_word' id='word_1_86' title='bbox 661 1955 698 2000; x_wconf 86' lang='lat' dir='ltr'><strong>ee</strong></span> <span class='ocrx_word' id='word_1_87' title='bbox 728 1938 891 2001; x_wconf 79' lang='lat' dir='ltr'><strong>annotatio</strong></span> <span class='ocrx_word' id='word_1_88' title='bbox 921 1943 993 2021; x_wconf 92' lang='lat' dir='ltr'><strong>post</strong></span> <span class='ocrx_word' id='word_1_89' title='bbox 1024 1936 1084 1999; x_wconf 76' lang='lat' dir='ltr'><strong>eici</strong></span> <span class='ocrx_word' id='word_1_90' title='bbox 1115 1939 1148 2000; x_wconf 90' lang='lat' dir='ltr'><strong>in</strong></span> <span class='ocrx_word' id='word_1_91' title='bbox 1181 1941 1271 2001; x_wconf 85' lang='lat' dir='ltr'><strong>textu</strong></span> <span class='ocrx_word' id='word_1_92' title='bbox 1302 1942 1384 2001; x_wconf 88' lang='lat' dir='ltr'><strong>esset</strong></span> <span class='ocrx_word' id='word_1_93' title='bbox 1413 1938 1533 2023; x_wconf 88' lang='lat' dir='ltr'><strong>posita,</strong></span> <span class='ocrx_word' id='word_1_94' title='bbox 1566 1956 1627 2001; x_wconf 88' lang='lat' dir='ltr'><strong>suo</strong></span> <span class='ocrx_word' id='word_1_95' title='bbox 1658 1934 1722 2001; x_wconf 87' lang='lat' dir='ltr'><strong>loco</strong></span> 
     </span>
     <span class='ocr_line' id='line_1_13' title="bbox 532 2040 1719 2128; baseline 0 -23"><span class='ocrx_word' id='word_1_96' title='bbox 532 2040 664 2128; x_wconf 92' lang='lat' dir='ltr'><strong>pulsum</strong></span> <span class='ocrx_word' id='word_1_97' title='bbox 694 2041 884 2124; x_wconf 79' lang='lat' dir='ltr'><strong>imperatorio</strong></span> <span class='ocrx_word' id='word_1_98' title='bbox 914 2045 947 2105; x_wconf 93' lang='lat' dir='ltr'><strong>iu</strong></span> <span class='ocrx_word' id='word_1_99' title='bbox 979 2040 1120 2106; x_wconf 86' lang='lat' dir='ltr'><strong>alienum</strong></span> <span class='ocrx_word' id='word_1_100' title='bbox 1152 2043 1322 2107; x_wconf 87' lang='lat' dir='ltr'><strong>aberrasse.</strong></span> <span class='ocrx_word' id='word_1_101' title='bbox 1347 2041 1418 2107; x_wconf 90' lang='lat' dir='ltr'><strong>Hoc</strong></span> <span class='ocrx_word' id='word_1_102' title='bbox 1440 2048 1565 2106; x_wconf 90' lang='lat' dir='ltr'><strong>certum</strong></span> <span class='ocrx_word' id='word_1_103' title='bbox 1588 2049 1639 2106; x_wconf 90' lang='lat' dir='ltr'><strong>est</strong></span> <span class='ocrx_word' id='word_1_104' title='bbox 1663 2062 1719 2106; x_wconf 93' lang='lat' dir='ltr'><strong>non</strong></span> 
     </span>
     <span class='ocr_line' id='line_1_14' title="bbox 531 2146 1720 2233; baseline -0.002 -21"><span class='ocrx_word' id='word_1_105' title='bbox 531 2168 622 2233; x_wconf 86' lang='lat' dir='ltr'><strong>posse</strong></span> <span class='ocrx_word' id='word_1_106' title='bbox 657 2149 762 2211; x_wconf 85' lang='lat' dir='ltr'><strong>sanavi</strong></span> <span class='ocrx_word' id='word_1_107' title='bbox 792 2146 899 2212; x_wconf 91' lang='lat' dir='ltr'><strong>locum</strong></span> <span class='ocrx_word' id='word_1_108' title='bbox 936 2150 997 2211; x_wconf 91' lang='lat' dir='ltr'><strong>nisi</strong></span> <span class='ocrx_word' id='word_1_109' title='bbox 1031 2169 1092 2212; x_wconf 92' lang='lat' dir='ltr'><strong>nno</strong></span> <span class='ocrx_word' id='word_1_110' title='bbox 1124 2147 1311 2233; x_wconf 84' lang='lat' dir='ltr'><strong>pluribusve</strong></span> <span class='ocrx_word' id='word_1_111' title='bbox 1342 2147 1504 2213; x_wconf 93' lang='lat' dir='ltr'><strong>vocabulis</strong></span> <span class='ocrx_word' id='word_1_112' title='bbox 1527 2147 1720 2213; x_wconf 83' lang='lat' dir='ltr'><strong>recidendis:</strong></span> 
     </span>
     <span class='ocr_line' id='line_1_15' title="bbox 532 2253 1719 2339; baseline 0 -21"><span class='ocrx_word' id='word_1_113' title='bbox 532 2256 652 2319; x_wconf 91' lang='lat' dir='ltr'><strong>nemini</strong></span> <span class='ocrx_word' id='word_1_114' title='bbox 676 2256 762 2318; x_wconf 93' lang='lat' dir='ltr'><strong>enim</strong></span> <span class='ocrx_word' id='word_1_115' title='bbox 786 2255 912 2339; x_wconf 83' lang='lat' dir='ltr'><strong>probari</strong></span> <span class='ocrx_word' id='word_1_116' title='bbox 935 2256 1047 2339; x_wconf 90' lang='lat' dir='ltr'><strong>opinor</strong></span> <span class='ocrx_word' id='word_1_117' title='bbox 1068 2253 1121 2319; x_wconf 93' lang='lat' dir='ltr'><strong>vel</strong></span> <span class='ocrx_word' id='word_1_118' title='bbox 1143 2253 1415 2339; x_wconf 91' lang='lat' dir='ltr'><strong>Nipperdeianum</strong></span> <span class='ocrx_word' id='word_1_119' title='bbox 1438 2254 1500 2318; x_wconf 72' lang='lat' dir='ltr'><strong>niet</strong></span> <span class='ocrx_word' id='word_1_120' title='bbox 1522 2254 1719 2335; x_wconf 80' lang='lat' dir='ltr'><strong>eproctorio,</strong></span> 
     </span>
     <span class='ocr_line' id='line_1_16' title="bbox 532 2360 1143 2443; baseline -0.002 -17"><span class='ocrx_word' id='word_1_121' title='bbox 532 2360 585 2426; x_wconf 92' lang='lat' dir='ltr'><strong>vel</strong></span> <span class='ocrx_word' id='word_1_122' title='bbox 609 2360 825 2426; x_wconf 87' lang='lat' dir='ltr'><strong>Ritterianum</strong></span> <span class='ocrx_word' id='word_1_123' title='bbox 849 2361 983 2443; x_wconf 78' lang='lat' dir='ltr'><strong>imperiti</strong></span> <span class='ocrx_word' id='word_1_124' title='bbox 1005 2362 1143 2425; x_wconf 75' lang='lat' dir='ltr'><strong>oratorie.</strong></span> 
     </span>
    </p>

    <p class='ocr_par' dir='ltr' id='par_1_4' title="bbox 577 2466 1500 2534">
     <span class='ocr_line' id='line_1_17' title="bbox 577 2466 1500 2534; baseline -0.002 -1"><span class='ocrx_word' id='word_1_125' title='bbox 577 2469 627 2533; x_wconf 85' lang='lat' dir='ltr'><strong>Ad</strong></span> <span class='ocrx_word' id='word_1_126' title='bbox 652 2467 792 2533; x_wconf 87' lang='lat' dir='ltr'><strong>alterum</strong></span> <span class='ocrx_word' id='word_1_127' title='bbox 814 2488 898 2532; x_wconf 91' lang='lat' dir='ltr'><strong>nunc</strong></span> <span class='ocrx_word' id='word_1_128' title='bbox 921 2467 1062 2533; x_wconf 90' lang='lat' dir='ltr'><strong>codicem</strong></span> <span class='ocrx_word' id='word_1_129' title='bbox 1085 2466 1269 2533; x_wconf 88' lang='lat' dir='ltr'><strong>Medioeum</strong></span> <span class='ocrx_word' id='word_1_130' title='bbox 1292 2474 1500 2534; x_wconf 87' lang='lat' dir='ltr'><strong>transeamus.</strong></span> 
     </span>
    </p>

    <p class='ocr_par' dir='ltr' id='par_1_5' title="bbox 533 2572 1719 2768">
     <span class='ocr_line' id='line_1_18' title="bbox 577 2572 1719 2659; baseline -0.003 -19"><span class='ocrx_word' id='word_1_131' title='bbox 577 2573 617 2640; x_wconf 88' lang='grc' dir='ltr'><strong>Α.</strong></span> <span class='ocrx_word' id='word_1_132' title='bbox 651 2573 708 2650; x_wconf 90' lang='lat' dir='ltr'><strong>XI,</strong></span> <span class='ocrx_word' id='word_1_133' title='bbox 734 2572 764 2636; x_wconf 87' lang='grc'><strong>4.</strong></span> <span class='ocrx_word' id='word_1_134' title='bbox 800 2572 868 2652; x_wconf 81' lang='lat' dir='ltr'><strong>Quo</strong></span> <span class='ocrx_word' id='word_1_135' title='bbox 900 2575 1033 2637; x_wconf 89' lang='lat' dir='ltr'><strong>crimine</strong></span> <span class='ocrx_word' id='word_1_136' title='bbox 1065 2573 1217 2650; x_wconf 90' lang='lat' dir='ltr'><strong>fratrum,</strong></span> <span class='ocrx_word' id='word_1_137' title='bbox 1251 2573 1367 2657; x_wconf 91' lang='lat' dir='ltr'><strong>quibus</strong></span> <span class='ocrx_word' id='word_1_138' title='bbox 1400 2574 1494 2638; x_wconf 87' lang='lat' dir='ltr'><strong>Petra</strong></span> <span class='ocrx_word' id='word_1_139' title='bbox 1524 2593 1719 2659; x_wconf 78' lang='lat' dir='ltr'><strong>cognomen,</strong></span> 
     </span>
     <span class='ocr_line' id='line_1_19' title="bbox 533 2679 1147 2768; baseline -0.007 -19"><span class='ocrx_word' id='word_1_140' title='bbox 533 2684 615 2749; x_wconf 91' lang='lat' dir='ltr'><strong>alter</strong></span> <span class='ocrx_word' id='word_1_141' title='bbox 638 2683 768 2768; x_wconf 85' lang='lat' dir='ltr'><strong>perierit</strong></span> <span class='ocrx_word' id='word_1_142' title='bbox 791 2681 842 2744; x_wconf 89' lang='lat' dir='ltr'><strong>his</strong></span> <span class='ocrx_word' id='word_1_143' title='bbox 865 2681 970 2745; x_wconf 90' lang='lat' dir='ltr'><strong>verbis</strong></span> <span class='ocrx_word' id='word_1_144' title='bbox 993 2679 1147 2745; x_wconf 84' lang='lat' dir='ltr'><strong>traditur:</strong></span> 
     </span>
    </p>

    <p class='ocr_par' dir='ltr' id='par_1_6' title="bbox 532 2782 1722 3091">
     <span class='ocr_line' id='line_1_20' title="bbox 578 2782 1720 2871; baseline -0.004 -17"><span class='ocrx_word' id='word_1_145' title='bbox 578 2789 780 2870; x_wconf 83' lang='lat' dir='ltr'><strong>„Nocturnae</strong></span> <span class='ocrx_word' id='word_1_146' title='bbox 812 2788 930 2871; x_wconf 89' lang='lat' dir='ltr'><strong>quietis</strong></span> <span class='ocrx_word' id='word_1_147' title='bbox 961 2789 1080 2870; x_wconf 88' lang='lat' dir='ltr'><strong>species</strong></span> <span class='ocrx_word' id='word_1_148' title='bbox 1111 2787 1249 2863; x_wconf 83' lang='lat' dir='ltr'><strong>obiecta,</strong></span> <span class='ocrx_word' id='word_1_149' title='bbox 1280 2794 1445 2870; x_wconf 86' lang='lat' dir='ltr'><strong>tamqnam</strong></span> <span class='ocrx_word' id='word_1_150' title='bbox 1469 2784 1606 2851; x_wconf 89' lang='lat' dir='ltr'><strong>vidisset</strong></span> <span class='ocrx_word' id='word_1_151' title='bbox 1630 2782 1720 2851; x_wconf 82' lang='lat' dir='ltr'><strong>Glau-</strong></span> 
     </span>
     <span class='ocr_line' id='line_1_21' title="bbox 532 2893 1722 2981; baseline -0.003 -21"><span class='ocrx_word' id='word_1_152' title='bbox 532 2896 622 2960; x_wconf 89' lang='lat' dir='ltr'><strong>dium</strong></span> <span class='ocrx_word' id='word_1_153' title='bbox 647 2897 750 2981; x_wconf 85' lang='lat' dir='ltr'><strong>spicea</strong></span> <span class='ocrx_word' id='word_1_154' title='bbox 774 2914 889 2959; x_wconf 90' lang='lat' dir='ltr'><strong>corona</strong></span> <span class='ocrx_word' id='word_1_155' title='bbox 913 2895 1078 2959; x_wconf 88' lang='lat' dir='ltr'><strong>evinctum</strong></span> <span class='ocrx_word' id='word_1_156' title='bbox 1101 2895 1197 2979; x_wconf 88' lang='lat' dir='ltr'><strong>spicis</strong></span> <span class='ocrx_word' id='word_1_157' title='bbox 1221 2899 1304 2958; x_wconf 89' lang='lat' dir='ltr'><strong>retro</strong></span> <span class='ocrx_word' id='word_1_158' title='bbox 1329 2893 1506 2969; x_wconf 87' lang='lat' dir='ltr'><strong>conversis,</strong></span> <span class='ocrx_word' id='word_1_159' title='bbox 1526 2912 1628 2978; x_wconf 90' lang='lat' dir='ltr'><strong>eaque</strong></span> <span class='ocrx_word' id='word_1_160' title='bbox 1647 2895 1722 2957; x_wconf 89' lang='lat' dir='ltr'><strong>ima·</strong></span> 
     </span>
     <span class='ocr_line' id='line_1_22' title="bbox 532 2999 1179 3091; baseline -0.009 -22"><span class='ocrx_word' id='word_1_161' title='bbox 532 3007 608 3091; x_wconf 83' lang='lat' dir='ltr'><strong>gine</strong></span> <span class='ocrx_word' id='word_1_162' title='bbox 630 3004 827 3090; x_wconf 79' lang='lat' dir='ltr'><strong>gravitatem</strong></span> <span class='ocrx_word' id='word_1_163' title='bbox 850 3021 990 3066; x_wconf 86' lang='lat' dir='ltr'><strong>annonae</strong></span> <span class='ocrx_word' id='word_1_164' title='bbox 1014 2999 1179 3064; x_wconf 83' lang='lat' dir='ltr'><strong>dixisset.”</strong></span> 
     </span>
    </p>

    <p class='ocr_par' dir='ltr' id='par_1_7' title="bbox 531 3106 1721 4890">
     <span class='ocr_line' id='line_1_23' title="bbox 577 3106 1721 3189; baseline -0.003 -15"><span class='ocrx_word' id='word_1_165' title='bbox 577 3110 629 3176; x_wconf 80' lang='lat' dir='ltr'><strong>Sic</strong></span> <span class='ocrx_word' id='word_1_166' title='bbox 653 3111 755 3174; x_wconf 91' lang='lat' dir='ltr'><strong>estin</strong></span> <span class='ocrx_word' id='word_1_167' title='bbox 780 3107 894 3172; x_wconf 86' lang='lat' dir='ltr'><strong>codice.</strong></span> <span class='ocrx_word' id='word_1_168' title='bbox 919 3107 981 3172; x_wconf 87' lang='lat' dir='ltr'><strong>Pro</strong></span> <span class='ocrx_word' id='word_1_169' title='bbox 1005 3108 1130 3170; x_wconf 65' lang='lat' dir='ltr'><strong>dixisset</strong></span> <span class='ocrx_word' id='word_1_170' title='bbox 1154 3113 1263 3170; x_wconf 88' lang='lat' dir='ltr'><strong>autem</strong></span> <span class='ocrx_word' id='word_1_171' title='bbox 1286 3106 1457 3171; x_wconf 86' lang='lat' dir='ltr'><strong>Rhenanus</strong></span> <span class='ocrx_word' id='word_1_172' title='bbox 1480 3108 1618 3171; x_wconf 89' lang='lat' dir='ltr'><strong>coniecit</strong></span> <span class='ocrx_word' id='word_1_173' title='bbox 1634 3130 1721 3189; x_wconf 79' lang='lat' dir='ltr'><strong>prae·</strong></span> 
     </span>
     <span class='ocr_line' id='line_1_24' title="bbox 533 3213 1721 3300; baseline -0.004 -19"><span class='ocrx_word' id='word_1_174' title='bbox 533 3217 675 3293; x_wconf 63' lang='lat' dir='ltr'><strong>diceret,</strong></span> <span class='ocrx_word' id='word_1_175' title='bbox 703 3213 865 3300; x_wconf 79' lang='lat' dir='ltr'><strong>vulgoque</strong></span> <span class='ocrx_word' id='word_1_176' title='bbox 889 3214 928 3278; x_wconf 96' lang='lat' dir='ltr'><strong>ab</strong></span> <span class='ocrx_word' id='word_1_177' title='bbox 952 3213 1128 3278; x_wconf 92' lang='lat' dir='ltr'><strong>editoribus</strong></span> <span class='ocrx_word' id='word_1_178' title='bbox 1151 3234 1187 3277; x_wconf 91' lang='lat' dir='ltr'><strong>ea</strong></span> <span class='ocrx_word' id='word_1_179' title='bbox 1210 3216 1389 3278; x_wconf 88' lang='lat' dir='ltr'><strong>coniectura</strong></span> <span class='ocrx_word' id='word_1_180' title='bbox 1410 3216 1443 3278; x_wconf 92' lang='lat' dir='ltr'><strong>in</strong></span> <span class='ocrx_word' id='word_1_181' title='bbox 1463 3219 1591 3277; x_wconf 83' lang='lat' dir='ltr'><strong>textum</strong></span> <span class='ocrx_word' id='word_1_182' title='bbox 1612 3215 1721 3300; x_wconf 88' lang='lat' dir='ltr'><strong>recipi-</strong></span> 
     </span>
     <span class='ocr_line' id='line_1_25' title="bbox 532 3318 1719 3406; baseline -0.005 -19"><span class='ocrx_word' id='word_1_183' title='bbox 532 3329 595 3387; x_wconf 91' lang='lat' dir='ltr'><strong>tur.</strong></span> <span class='ocrx_word' id='word_1_184' title='bbox 630 3325 671 3386; x_wconf 82' lang='lat' dir='ltr'><strong>nt</strong></span> <span class='ocrx_word' id='word_1_185' title='bbox 704 3341 764 3406; x_wconf 86' lang='lat' dir='ltr'><strong>ego</strong></span> <span class='ocrx_word' id='word_1_186' title='bbox 796 3321 894 3384; x_wconf 88' lang='lat' dir='ltr'><strong>bonae</strong></span> <span class='ocrx_word' id='word_1_187' title='bbox 918 3322 1119 3403; x_wconf 87' lang='lat' dir='ltr'><strong>sinceraeque</strong></span> <span class='ocrx_word' id='word_1_188' title='bbox 1143 3318 1329 3384; x_wconf 88' lang='lat' dir='ltr'><strong>Latinitatis</strong></span> <span class='ocrx_word' id='word_1_189' title='bbox 1353 3340 1420 3384; x_wconf 88' lang='lat' dir='ltr'><strong>esse</strong></span> <span class='ocrx_word' id='word_1_190' title='bbox 1443 3341 1479 3382; x_wconf 85' lang='lat' dir='ltr'><strong>eo</strong></span> <span class='ocrx_word' id='word_1_191' title='bbox 1501 3318 1632 3400; x_wconf 70' lang='lat' dir='ltr'><strong>imapine</strong></span> <span class='ocrx_word' id='word_1_192' title='bbox 1652 3342 1719 3400; x_wconf 72' lang='lat' dir='ltr'><strong>yro-</strong></span> 
     </span>
     <span class='ocr_line' id='line_1_26' title="bbox 532 3425 1719 3509; baseline -0.003 -16"><span class='ocrx_word' id='word_1_193' title='bbox 532 3430 654 3493; x_wconf 79' lang='lat' dir='ltr'><strong>oitotcno</strong></span> <span class='ocrx_word' id='word_1_194' title='bbox 686 3449 821 3490; x_wconf 81' lang='lat' dir='ltr'><strong>annonae</strong></span> <span class='ocrx_word' id='word_1_195' title='bbox 844 3426 1004 3508; x_wconf 79' lang='lat' dir='ltr'><strong>praedicit</strong></span> <span class='ocrx_word' id='word_1_196' title='bbox 1034 3447 1097 3491; x_wconf 91' lang='lat' dir='ltr'><strong>non</strong></span> <span class='ocrx_word' id='word_1_197' title='bbox 1120 3425 1229 3502; x_wconf 87' lang='lat' dir='ltr'><strong>crede,</strong></span> <span class='ocrx_word' id='word_1_198' title='bbox 1254 3428 1329 3509; x_wconf 91' lang='lat' dir='ltr'><strong>quia</strong></span> <span class='ocrx_word' id='word_1_199' title='bbox 1352 3448 1387 3488; x_wconf 84' lang='lat' dir='ltr'><strong>eo</strong></span> <span class='ocrx_word' id='word_1_200' title='bbox 1409 3425 1538 3505; x_wconf 73' lang='lat' dir='ltr'><strong>imcps&#39;nc</strong></span> <span class='ocrx_word' id='word_1_201' title='bbox 1560 3426 1655 3490; x_wconf 90' lang='lat' dir='ltr'><strong>nobis</strong></span> <span class='ocrx_word' id='word_1_202' title='bbox 1678 3428 1719 3490; x_wconf 89' lang='lat' dir='ltr'><strong>sie</strong></span> 
     </span>
     <span class='ocr_line' id='line_1_27' title="bbox 531 3531 1720 3618; baseline -0.004 -19"><span class='ocrx_word' id='word_1_203' title='bbox 531 3538 593 3601; x_wconf 89' lang='lat' dir='ltr'><strong>erit</strong></span> <span class='ocrx_word' id='word_1_204' title='bbox 624 3532 844 3618; x_wconf 90' lang='lat' dir='ltr'><strong>accipiendum</strong></span> <span class='ocrx_word' id='word_1_205' title='bbox 867 3538 904 3596; x_wconf 92' lang='lat' dir='ltr'><strong>ut</strong></span> <span class='ocrx_word' id='word_1_206' title='bbox 928 3534 988 3595; x_wconf 89' lang='lat' dir='ltr'><strong>sit:</strong></span> <span class='ocrx_word' id='word_1_207' title='bbox 1007 3539 1135 3613; x_wconf 79' lang='lat' dir='ltr'><strong>propter</strong></span> <span class='ocrx_word' id='word_1_208' title='bbox 1158 3554 1220 3594; x_wconf 84' lang='lat' dir='ltr'><strong>com</strong></span> <span class='ocrx_word' id='word_1_209' title='bbox 1244 3531 1401 3611; x_wconf 75' lang='lat' dir='ltr'><strong>imoyinem</strong></span> <span class='ocrx_word' id='word_1_210' title='bbox 1422 3534 1508 3595; x_wconf 88' lang='lat' dir='ltr'><strong>sive:</strong></span> <span class='ocrx_word' id='word_1_211' title='bbox 1533 3553 1567 3595; x_wconf 86' lang='lat' dir='ltr'><strong>co</strong></span> <span class='ocrx_word' id='word_1_212' title='bbox 1591 3532 1720 3613; x_wconf 72' lang='lat' dir='ltr'><strong>imayine</strong></span> 
     </span>
     <span class='ocr_line' id='line_1_28' title="bbox 532 3636 1720 3724; baseline -0.003 -19"><span class='ocrx_word' id='word_1_213' title='bbox 532 3648 641 3718; x_wconf 79' lang='lat' dir='ltr'><strong>motus,</strong></span> <span class='ocrx_word' id='word_1_214' title='bbox 674 3647 706 3703; x_wconf 92' lang='lat' dir='ltr'><strong>et</strong></span> <span class='ocrx_word' id='word_1_215' title='bbox 738 3640 866 3702; x_wconf 90' lang='lat' dir='ltr'><strong>omnino</strong></span> <span class='ocrx_word' id='word_1_216' title='bbox 898 3644 1002 3702; x_wconf 88' lang='lat' dir='ltr'><strong>totum</strong></span> <span class='ocrx_word' id='word_1_217' title='bbox 1027 3636 1109 3702; x_wconf 89' lang='lat' dir='ltr'><strong>illud</strong></span> <span class='ocrx_word' id='word_1_218' title='bbox 1135 3660 1169 3700; x_wconf 83' lang='lat' dir='ltr'><strong>ca</strong></span> <span class='ocrx_word' id='word_1_219' title='bbox 1183 3636 1392 3719; x_wconf 74' lang='lat' dir='ltr'><strong>-praedieit</strong></span> <span class='ocrx_word' id='word_1_220' title='bbox 1414 3636 1606 3724; x_wconf 80' lang='lat' dir='ltr'><strong>languidum</strong></span> <span class='ocrx_word' id='word_1_221' title='bbox 1631 3641 1720 3702; x_wconf 92' lang='lat' dir='ltr'><strong>mini-</strong></span> 
     </span>
     <span class='ocr_line' id='line_1_29' title="bbox 532 3741 1719 3832; baseline -0.003 -22"><span class='ocrx_word' id='word_1_222' title='bbox 532 3768 647 3832; x_wconf 91' lang='lat' dir='ltr'><strong>meque</strong></span> <span class='ocrx_word' id='word_1_223' title='bbox 678 3744 845 3809; x_wconf 83' lang='lat' dir='ltr'><strong>Taciteum</strong></span> <span class='ocrx_word' id='word_1_224' title='bbox 877 3743 1015 3807; x_wconf 87' lang='lat' dir='ltr'><strong>videtur.</strong></span> <span class='ocrx_word' id='word_1_225' title='bbox 1048 3743 1156 3808; x_wconf 91' lang='lat' dir='ltr'><strong>Multo</strong></span> <span class='ocrx_word' id='word_1_226' title='bbox 1186 3764 1263 3829; x_wconf 79' lang='lat' dir='ltr'><strong>ergo</strong></span> <span class='ocrx_word' id='word_1_227' title='bbox 1287 3741 1423 3821; x_wconf 91' lang='lat' dir='ltr'><strong>melius,</strong></span> <span class='ocrx_word' id='word_1_228' title='bbox 1447 3744 1530 3829; x_wconf 93' lang='lat' dir='ltr'><strong>quod</strong></span> <span class='ocrx_word' id='word_1_229' title='bbox 1555 3746 1719 3830; x_wconf 89' lang='lat' dir='ltr'><strong>proposuit</strong></span> 
     </span>
     <span class='ocr_line' id='line_1_30' title="bbox 531 3850 1720 3935; baseline -0.004 -17"><span class='ocrx_word' id='word_1_230' title='bbox 531 3851 785 3920; x_wconf 82' lang='lat' dir='ltr'><strong>Cornelissenus:</strong></span> <span class='ocrx_word' id='word_1_231' title='bbox 818 3873 909 3935; x_wconf 79' lang='lat' dir='ltr'><strong>eoque</strong></span> <span class='ocrx_word' id='word_1_232' title='bbox 940 3850 1070 3931; x_wconf 69' lang='lat' dir='ltr'><strong>inopine</strong></span> <span class='ocrx_word' id='word_1_233' title='bbox 1096 3851 1276 3931; x_wconf 69' lang='lat' dir='ltr'><strong>pravitatem</strong></span> <span class='ocrx_word' id='word_1_234' title='bbox 1308 3872 1443 3913; x_wconf 76' lang='lat' dir='ltr'><strong>canonae</strong></span> <span class='ocrx_word' id='word_1_235' title='bbox 1467 3851 1614 3932; x_wconf 71' lang='lat' dir='ltr'><strong>portendi</strong></span> <span class='ocrx_word' id='word_1_236' title='bbox 1632 3873 1720 3933; x_wconf 82' lang='lat' dir='ltr'><strong>prac-</strong></span> 
     </span>
     <span class='ocr_line' id='line_1_31' title="bbox 531 3956 1720 4042; baseline -0.002 -20"><span class='ocrx_word' id='word_1_237' title='bbox 531 3960 667 4023; x_wconf 78' lang='lat' dir='ltr'><strong>dioiocet.</strong></span> <span class='ocrx_word' id='word_1_238' title='bbox 700 3956 761 4022; x_wconf 83' lang='lat' dir='ltr'><strong>Sed</strong></span> <span class='ocrx_word' id='word_1_239' title='bbox 792 3956 851 4021; x_wconf 88' lang='lat' dir='ltr'><strong>boo</strong></span> <span class='ocrx_word' id='word_1_240' title='bbox 882 3977 1007 4042; x_wconf 91' lang='lat' dir='ltr'><strong>quoque</strong></span> <span class='ocrx_word' id='word_1_241' title='bbox 1039 3956 1211 4020; x_wconf 89' lang='lat' dir='ltr'><strong>verbosum</strong></span> <span class='ocrx_word' id='word_1_242' title='bbox 1245 3958 1359 4033; x_wconf 90' lang='lat' dir='ltr'><strong>nimis,</strong></span> <span class='ocrx_word' id='word_1_243' title='bbox 1383 3958 1515 4041; x_wconf 84' lang='lat' dir='ltr'><strong>ipsaque</strong></span> <span class='ocrx_word' id='word_1_244' title='bbox 1538 3958 1720 4022; x_wconf 87' lang='lat' dir='ltr'><strong>coniectura</strong></span> 
     </span>
     <span class='ocr_line' id='line_1_32' title="bbox 532 4060 1721 4149; baseline -0.002 -20"><span class='ocrx_word' id='word_1_245' title='bbox 532 4064 696 4149; x_wconf 85' lang='lat' dir='ltr'><strong>aliquanto</strong></span> <span class='ocrx_word' id='word_1_246' title='bbox 728 4065 826 4127; x_wconf 87' lang='lat' dir='ltr'><strong>etiam</strong></span> <span class='ocrx_word' id='word_1_247' title='bbox 850 4061 1022 4126; x_wconf 89' lang='lat' dir='ltr'><strong>violentior</strong></span> <span class='ocrx_word' id='word_1_248' title='bbox 1044 4081 1141 4147; x_wconf 85' lang='lat' dir='ltr'><strong>quam</strong></span> <span class='ocrx_word' id='word_1_249' title='bbox 1166 4061 1372 4126; x_wconf 87' lang='lat' dir='ltr'><strong>Rhenaniana</strong></span> <span class='ocrx_word' id='word_1_250' title='bbox 1395 4060 1467 4138; x_wconf 87' lang='lat' dir='ltr'><strong>illa,</strong></span> <span class='ocrx_word' id='word_1_251' title='bbox 1494 4082 1575 4145; x_wconf 90' lang='lat' dir='ltr'><strong>quae</strong></span> <span class='ocrx_word' id='word_1_252' title='bbox 1597 4071 1633 4127; x_wconf 89' lang='lat' dir='ltr'><strong>et</strong></span> <span class='ocrx_word' id='word_1_253' title='bbox 1654 4066 1721 4149; x_wconf 86' lang='lat' dir='ltr'><strong>ipsa</strong></span> 
     </span>
     <span class='ocr_line' id='line_1_33' title="bbox 532 4167 1720 4253; baseline -0.004 -17"><span class='ocrx_word' id='word_1_254' title='bbox 532 4173 609 4237; x_wconf 87' lang='lat' dir='ltr'><strong>satis</strong></span> <span class='ocrx_word' id='word_1_255' title='bbox 633 4168 747 4233; x_wconf 80' lang='lat' dir='ltr'><strong>audax.</strong></span> <span class='ocrx_word' id='word_1_256' title='bbox 778 4167 937 4253; x_wconf 80' lang='lat' dir='ltr'><strong>Equidem</strong></span> <span class='ocrx_word' id='word_1_257' title='bbox 961 4167 1108 4232; x_wconf 78' lang='lat' dir='ltr'><strong>Tacitum</strong></span> <span class='ocrx_word' id='word_1_258' title='bbox 1134 4170 1299 4253; x_wconf 87' lang='lat' dir='ltr'><strong>scripsisse</strong></span> <span class='ocrx_word' id='word_1_259' title='bbox 1323 4170 1451 4252; x_wconf 91' lang='lat' dir='ltr'><strong>opinor:</strong></span> <span class='ocrx_word' id='word_1_260' title='bbox 1477 4190 1596 4253; x_wconf 75' lang='lat' dir='ltr'><strong>eamque</strong></span> <span class='ocrx_word' id='word_1_261' title='bbox 1619 4169 1720 4250; x_wconf 61' lang='lat' dir='ltr'><strong>inopi</strong></span> 
     </span>
     <span class='ocr_line' id='line_1_34' title="bbox 531 4273 1718 4358; baseline -0.002 -18"><span class='ocrx_word' id='word_1_262' title='bbox 531 4299 596 4340; x_wconf 81' lang='lat' dir='ltr'><strong>nem</strong></span> <span class='ocrx_word' id='word_1_263' title='bbox 627 4298 762 4338; x_wconf 78' lang='lat' dir='ltr'><strong>annonae</strong></span> <span class='ocrx_word' id='word_1_264' title='bbox 793 4274 934 4350; x_wconf 75' lang='lat' dir='ltr'><strong>dieioeet,</strong></span> <span class='ocrx_word' id='word_1_265' title='bbox 971 4273 1074 4338; x_wconf 88' lang='lat' dir='ltr'><strong>deleto</strong></span> <span class='ocrx_word' id='word_1_266' title='bbox 1102 4274 1300 4355; x_wconf 74' lang='lat' dir='ltr'><strong>pronitatem,</strong></span> <span class='ocrx_word' id='word_1_267' title='bbox 1333 4273 1417 4358; x_wconf 88' lang='lat' dir='ltr'><strong>quod</strong></span> <span class='ocrx_word' id='word_1_268' title='bbox 1447 4281 1495 4338; x_wconf 81' lang='lat' dir='ltr'><strong>est</strong></span> <span class='ocrx_word' id='word_1_269' title='bbox 1527 4274 1718 4341; x_wconf 80' lang='lat' dir='ltr'><strong>vocabulum</strong></span> 
     </span>
     <span class='ocr_line' id='line_1_35' title="bbox 532 4376 1720 4468; baseline 0 -22"><span class='ocrx_word' id='word_1_270' title='bbox 532 4385 666 4459; x_wconf 88' lang='lat' dir='ltr'><strong>tritum,</strong></span> <span class='ocrx_word' id='word_1_271' title='bbox 692 4382 746 4445; x_wconf 91' lang='lat' dir='ltr'><strong>ubi</strong></span> <span class='ocrx_word' id='word_1_272' title='bbox 771 4380 809 4445; x_wconf 91' lang='lat' dir='ltr'><strong>de</strong></span> <span class='ocrx_word' id='word_1_273' title='bbox 832 4388 926 4445; x_wconf 89' lang='lat' dir='ltr'><strong>aucto</strong></span> <span class='ocrx_word' id='word_1_274' title='bbox 951 4380 1106 4445; x_wconf 85' lang='lat' dir='ltr'><strong>frumenti</strong></span> <span class='ocrx_word' id='word_1_275' title='bbox 1127 4383 1231 4465; x_wconf 91' lang='lat' dir='ltr'><strong>pretio</strong></span> <span class='ocrx_word' id='word_1_276' title='bbox 1255 4382 1364 4466; x_wconf 83' lang='lat' dir='ltr'><strong>agitur</strong></span> <span class='ocrx_word' id='word_1_277' title='bbox 1387 4380 1439 4456; x_wconf 91' lang='lat' dir='ltr'><strong>(cf.</strong></span> <span class='ocrx_word' id='word_1_278' title='bbox 1463 4376 1516 4456; x_wconf 84' lang='lat' dir='ltr'><strong>Vl,</strong></span> <span class='ocrx_word' id='word_1_279' title='bbox 1545 4379 1603 4444; x_wconf 84' lang='lat'><strong>13:</strong></span> <span class='ocrx_word' id='word_1_280' title='bbox 1633 4402 1720 4468; x_wconf 79' lang='lat' dir='ltr'><strong>„gra-</strong></span> 
     </span>
     <span class='ocr_line' id='line_1_36' title="bbox 532 4485 1721 4564; baseline -0.002 -12"><span class='ocrx_word' id='word_1_281' title='bbox 532 4491 633 4553; x_wconf 88' lang='lat' dir='ltr'><strong>vitate</strong></span> <span class='ocrx_word' id='word_1_282' title='bbox 664 4507 804 4551; x_wconf 85' lang='lat' dir='ltr'><strong>annonae</strong></span> <span class='ocrx_word' id='word_1_283' title='bbox 833 4489 925 4550; x_wconf 81' lang='lat' dir='ltr'><strong>iuxta</strong></span> <span class='ocrx_word' id='word_1_284' title='bbox 956 4486 1144 4551; x_wconf 87' lang='lat' dir='ltr'><strong>seditionem</strong></span> <span class='ocrx_word' id='word_1_285' title='bbox 1168 4485 1350 4564; x_wconf 84' lang='lat' dir='ltr'><strong>ventum&#39;’).</strong></span> <span class='ocrx_word' id='word_1_286' title='bbox 1374 4485 1446 4551; x_wconf 91' lang='lat' dir='ltr'><strong>Non</strong></span> <span class='ocrx_word' id='word_1_287' title='bbox 1470 4485 1576 4551; x_wconf 93' lang='lat' dir='ltr'><strong>solum</strong></span> <span class='ocrx_word' id='word_1_288' title='bbox 1599 4488 1721 4553; x_wconf 88' lang='lat' dir='ltr'><strong>viderat</strong></span> 
     </span>
     <span class='ocr_line' id='line_1_37' title="bbox 532 4590 1720 4678; baseline 0.002 -21"><span class='ocrx_word' id='word_1_289' title='bbox 532 4601 721 4658; x_wconf 87' lang='lat' dir='ltr'><strong>nocturnam</strong></span> <span class='ocrx_word' id='word_1_290' title='bbox 745 4613 815 4658; x_wconf 84' lang='lat' dir='ltr'><strong>earn</strong></span> <span class='ocrx_word' id='word_1_291' title='bbox 839 4594 976 4678; x_wconf 88' lang='lat' dir='ltr'><strong>speciem</strong></span> <span class='ocrx_word' id='word_1_292' title='bbox 995 4593 1107 4669; x_wconf 81' lang='lat' dir='ltr'><strong>Petne,</strong></span> <span class='ocrx_word' id='word_1_293' title='bbox 1128 4593 1299 4658; x_wconf 90' lang='lat' dir='ltr'><strong>sedetiam</strong></span> <span class='ocrx_word' id='word_1_294' title='bbox 1319 4590 1528 4678; x_wconf 81' lang='lat' dir='ltr'><strong>evulgaverat</strong></span> <span class='ocrx_word' id='word_1_295' title='bbox 1545 4595 1615 4677; x_wconf 92' lang='lat' dir='ltr'><strong>ipse</strong></span> <span class='ocrx_word' id='word_1_296' title='bbox 1635 4598 1720 4672; x_wconf 87' lang='lat' dir='ltr'><strong>(nam</strong></span> 
     </span>
     <span class='ocr_line' id='line_1_38' title="bbox 532 4695 1720 4783; baseline -0.003 -19"><span class='ocrx_word' id='word_1_297' title='bbox 532 4699 676 4782; x_wconf 80' lang='lat' dir='ltr'><strong>alioquin</strong></span> <span class='ocrx_word' id='word_1_298' title='bbox 699 4701 754 4781; x_wconf 91' lang='lat' dir='ltr'><strong>qui</strong></span> <span class='ocrx_word' id='word_1_299' title='bbox 778 4702 971 4763; x_wconf 88' lang='lat' dir='ltr'><strong>innotescere</strong></span> <span class='ocrx_word' id='word_1_300' title='bbox 994 4701 1100 4781; x_wconf 89' lang='lat' dir='ltr'><strong>potuit</strong></span> <span class='ocrx_word' id='word_1_301' title='bbox 1122 4698 1317 4763; x_wconf 88' lang='lat' dir='ltr'><strong>delatoribus</strong></span> <span class='ocrx_word' id='word_1_302' title='bbox 1326 4695 1362 4775; x_wconf 81' lang='lat' dir='ltr'><strong>l),</strong></span> <span class='ocrx_word' id='word_1_303' title='bbox 1387 4718 1488 4781; x_wconf 88' lang='lat' dir='ltr'><strong>neque</strong></span> <span class='ocrx_word' id='word_1_304' title='bbox 1512 4695 1720 4783; x_wconf 78' lang='lat' dir='ltr'><strong>evulgaverat</strong></span> 
     </span>
     <span class='ocr_line' id='line_1_39' title="bbox 533 4803 1720 4890; baseline -0.003 -20"><span class='ocrx_word' id='word_1_305' title='bbox 533 4804 639 4870; x_wconf 92' lang='lat' dir='ltr'><strong>solum</strong></span> <span class='ocrx_word' id='word_1_306' title='bbox 669 4804 723 4868; x_wconf 90' lang='lat' dir='ltr'><strong>sed</strong></span> <span class='ocrx_word' id='word_1_307' title='bbox 753 4808 852 4869; x_wconf 84' lang='lat' dir='ltr'><strong>etiam</strong></span> <span class='ocrx_word' id='word_1_308' title='bbox 884 4803 982 4868; x_wconf 89' lang='lat' dir='ltr'><strong>simul</strong></span> <span class='ocrx_word' id='word_1_309' title='bbox 1011 4807 1059 4869; x_wconf 85' lang='lat' dir='ltr'><strong>ita</strong></span> <span class='ocrx_word' id='word_1_310' title='bbox 1088 4815 1156 4869; x_wconf 86' lang='lat' dir='ltr'><strong>erat</strong></span> <span class='ocrx_word' id='word_1_311' title='bbox 1186 4809 1414 4890; x_wconf 87' lang='lat' dir='ltr'><strong>interpretatus</strong></span> <span class='ocrx_word' id='word_1_312' title='bbox 1438 4813 1474 4868; x_wconf 93' lang='lat' dir='ltr'><strong>ut</strong></span> <span class='ocrx_word' id='word_1_313' title='bbox 1497 4805 1720 4869; x_wconf 88' lang='lat' dir='ltr'><strong>infaustissimi</strong></span> 
     </span>
    </p>
   </div>
   <div class='ocr_carea' id='block_1_3' title="bbox 0 0 2268 5940">
    <p class='ocr_par' dir='ltr' id='par_1_8' title="bbox 0 0 2268 5940">
     <span class='ocr_line' id='line_1_40' title="bbox 0 0 2268 5940; baseline 0 0"><span class='ocrx_word' id='word_1_314' title='bbox 0 0 2268 5940; x_wconf 95' lang='lat' dir='ltr'><strong> </strong></span> 
     </span>
    </p>
   </div>
  </div>
 </body>
</html>
