4525 5950
550 710 616 778 360
930 728 973 777 nn
997 730 1129 778 simeon
1153 730 1349 778 sunonmun.

548 896 623 973 θεοί,
643 902 747 968 καλῶς
767 895 1010 974 ἕβουλεύσονιο·
1032 894 1168 974 ἄβουλον
1188 897 1251 974 γὰρ
1272 898 1334 961 θεὸν
1354 896 1421 961 οὐδὲ
1444 898 1601 971 ἐπινοῆσαι
1620 897 1729 981 ῥᾴδιον·

546 1012 748 1075 κακοποιῆσαι
780 1002 810 1066 δέ
843 1028 884 1079 με
915 1003 966 1067 διὰ
997 1004 1067 1067 σι’νοι
1099 1005 1205 1068 siclae
1237 1002 1368 1079 ἔμελλον
1398 1004 1535 1085 ὖομῖον;”
1568 1004 1609 1069 ad
1640 1025 1731 1090 quem

544 1107 652 1174 locum
682 1108 758 1174 haee
791 1109 921 1174 adnotat
951 1109 1081 1175 Nauck:
1116 1131 1195 1188 „nec
1226 1109 1330 1197 placet
1363 1109 1479 1194 ῥᾴδιονε
1512 1109 1570 1175 deo
1597 1111 1732 1176 tribuere

545 1215 698 1291 ἁβοολίοον
717 1236 780 1281 non
801 1222 868 1281 tem
888 1214 1015 1281 difficile
1034 1222 1083 1282 est
1103 1237 1201 1302 quem
1225 1218 1312 1283 nefus
1335 1223 1368 1282 et
1390 1218 1555 1283 obsonum.
1589 1216 1732 1283 Fortasse

544 1331 702 1407 expuncto
727 1321 825 1404 ῥᾴδιον
849 1321 1006 1388 adiectivo
1028 1323 1232 1389 scribendum
1256 1321 1390 1399 ἄβουλον
1414 1324 1477 1405 γὰρ
1502 1324 1563 1387 θεὸν
1589 1322 1651 1387 οὐδ’
1670 1321 1732 1387 ἔστι

544 1427 681 1501 scireest
714 1427 812 1494 Recte
844 1434 876 1494 et
899 1437 991 1494 acute
1014 1431 1091 1495 haec
1114 1451 1132 1495 e
1155 1412 1226 1495 riro
1249 1432 1456 1516 sagacissimo
1479 1430 1648 1496 observate
1671 1451 1733 1496 esse

544 1538 614 1620 quis
637 1542 750 1621 neget,
772 1557 846 1600 cum
866 1543 973 1621 petent
993 1535 1098 1601 multo
1119 1536 1236 1601 melius
1255 1543 1287 1602 et
1306 1539 1475 1622 praecipue
1494 1534 1601 1601 multo
1621 1537 1731 1601 fortius

543 1645 733 1707 sententiam
765 1649 868 1708 totam
900 1642 1019 1721 efferri,
1051 1646 1079 1708 si
1109 1664 1224 1709 vocem
1256 1642 1349 1708 illem
1379 1644 1478 1726 ῥᾴδιον
1510 1645 1669 1708 omiseris.
1693 1641 1732 1707 Et

543 1757 650 1814 temen
681 1751 750 1834 ipse
780 1748 840 1814 ille
870 1748 1040 1835 prudentie
1069 1752 1150 1830 (iem
1174 1752 1261 1815 enim
1286 1749 1360 1815 nolo
1384 1770 1508 1836 rogere,
1532 1771 1615 1836 quee
1639 1770 1730 1815 conse

542 1858 647 1921 nescio
670 1877 765 1941 quem
789 1855 1049 1941 interpolatorem
1072 1855 1239 1941 impellere
1262 1858 1422 1941 potuerit,
1447 1861 1486 1921 ut
1507 1876 1620 1921 vocem
1643 1855 1731 1921 illem

541 1965 706 2029 contextui
736 1965 935 2049 appingeret)
966 1965 1037 2047 ipse
1059 1961 1132 2040 ille,
1155 1965 1305 2047 inquom,
1330 1962 1395 2028 fere
1419 1964 1521 2027 nimie
1543 1962 1728 2048 prudentie,

542 2091 640 2157 quem
669 2068 814 2134 additum
845 2066 926 2133 illud
958 2068 1055 2152 ῥᾴδιον
1087 2069 1212 2154 prodit,
1244 2071 1350 2134 nescio
1373 2071 1537 2155 suipsius
1561 2069 1729 2134 Merciin·

542 2176 646 2243 dolem
678 2176 794 2241 referet
823 2186 856 2241 et
886 2177 1007 2260 optime
1039 2196 1113 2240 cum
1137 2178 1197 2253 iis,
1221 2196 1301 2261 quoe
1325 2196 1421 2261 supro
1445 2176 1484 2242 de
1507 2179 1640 2262 ingenio
1664 2179 1729 2241 eius

541 2284 792 2369 disputavimus,
825 2290 992 2369 congruat.
1023 2281 1085 2362 Qui
1116 2292 1237 2359 auctor,
1270 2285 1330 2348 etsi
1362 2282 1666 2361 contradictionem,
1695 2290 1729 2346 ut

541 2392 646 2468 aiunt,
678 2391 713 2453 in
743 2391 906 2466 terminis,
931 2409 1011 2474 quoe
1033 2389 1166 2455 vocibus
1191 2389 1255 2460 θεὸς
1279 2387 1413 2464 ἄβουλος
1437 2389 1609 2455 manifesto
1632 2392 1728 2465 inest,

541 2499 662 2582 optime
693 2499 827 2561 sensisse
852 2495 1012 2580 putandus
1037 2503 1102 2573 est,
1126 2501 1249 2570 temen,
1273 2516 1336 2581 que
1359 2500 1427 2561 eret
1450 2498 1551 2561 enimi
1574 2496 1729 2562 modoetia

540 2608 573 2668 et
591 2604 755 2679 cautione,
775 2623 814 2666 ne
833 2602 910 2686 quid
929 2604 1025 2666 nimis
1045 2601 1189 2668 absolute
1207 2608 1378 2680 statueret,
1397 2623 1465 2667 rem
1487 2624 1555 2668 esse
1567 2602 1727 2668 difficilem

540 2730 638 2796 quem
662 2711 791 2774 omnino
814 2707 881 2773 fieri
904 2730 967 2772 non
991 2730 1083 2794 posse
1105 2708 1262 2774 declarare
1285 2710 1413 2774 meluit.

1116 3257 1153 3322 V.

583 3495 630 3560 De
660 3496 965 3561 commentariorum
997 3500 1165 3570 contextu,
1199 3491 1303 3577 qualis
1334 3493 1503 3559 exhibetur
1530 3494 1563 3557 in
1588 3492 1725 3559 editione

537 3603 755 3666 recentissima
785 3599 964 3675 Stichiene,
997 3601 1189 3683 paucissima
1220 3598 1443 3664 tautummodo
1466 3597 1599 3663 dicende
1621 3589 1726 3685 stiper-

537 3713 623 3771 sunt.
647 3706 777 3771 Etenim
801 3713 868 3770 tem
891 3707 1017 3790 copiose
1043 3713 1171 3791 tamque
1192 3710 1336 3770 accurate
1357 3706 1415 3769 hac
1434 3704 1472 3770 de
1492 3724 1525 3769 re
1545 3704 1725 3791 disputavit

537 3835 567 3878 v.
593 3811 632 3878 cl.
657 3818 778 3877 nostras
801 3810 902 3876 Poleh
925 3813 958 3874 in
983 3811 1202 3896 ephemeride,
1226 3832 1306 3897 quse
1330 3812 1466 3877 Hermes
1482 3810 1505 3890 ¹)
1528 3812 1724 3889 inscribitur,

536 3927 574 3984 ut
597 3920 661 3985 fere
682 3917 764 3982 nihil
787 3917 902 4003 reliqui
926 3917 1036 3982 fecisse
1060 3917 1216 3983 videatur.

582 4025 643 4104 Qui
666 4031 777 4089 auctor
800 4031 969 4109 postquam
993 4045 1072 4109 opus
1095 4023 1210 4089 Stichii
1232 4026 1414 4110 insignibus
1435 4023 1586 4089 leudibus
1610 4030 1724 4091 merito

536 4130 670 4209 extulit,
695 4146 817 4208 tamen,
843 4135 880 4193 ut
903 4151 960 4216 par
983 4137 1050 4195 eret
1068 4132 1101 4193 in
1122 4151 1215 4215 opere
1234 4115 1387 4208 humano,
1408 4130 1579 4196 desiderari
1600 4153 1724 4218 quoque

536 4236 689 4303 nonnulle
720 4240 898 4302 rectissime
928 4239 1065 4301 monuit.
1090 4235 1127 4299 V.
1152 4258 1178 4301 c.
1202 4236 1224 4303 l.
1249 4236 1335 4302 vlu,
1360 4234 1421 4301 27:
1452 4244 1552 4315 „speie
1578 4243 1722 4317 σχέσεις·

538 4347 554 4418 ἡ
579 4348 634 4419 μὲν
657 4347 727 4421 πρὸς
752 4345 787 4407 τὸ
811 4343 908 4409 οιῖσιον
930 4346 964 4408 τὸ
989 4346 1203 4420 περικείμενον,
1230 4346 1246 4417 ἡ
1272 4344 1302 4407 δὲ
1327 4344 1398 4422 πρὸς
1422 4348 1476 4417 τὴν
1501 4346 1584 4407 θείου
1608 4347 1723 4423 αἰτίαν,

537 4455 597 4529 ab&
628 4448 659 4525 ἧι
692 4453 858 4528 συμβαίνει
892 4455 969 4514 ιιοὶσι
1004 4450 1127 4513 neure·
1170 4454 1186 4523 ἡ
1220 4450 1251 4513 δὲ
1284 4452 1354 4527 πρὸς
1386 4450 1456 4521 τοὺς
1489 4450 1723 4526 συμβιοῦντος”

536 4561 640 4623 cuivis
669 4561 701 4621 in
734 4567 885 4642 promptu
909 4564 957 4622 est
981 4556 1156 4642 exemplari
1180 4578 1238 4621 suo
1262 4579 1319 4642 pro
1344 4556 1440 4621 αἴτιον
1464 4556 1642 4622 adscribere
1668 4562 1726 4636 ey-

571 4868 597 4929 1)
615 4866 644 4914 ln
665 4863 740 4912 Marci
759 4861 874 4911 Antonini
891 4860 1081 4910 Commentarios
1099 4860 1215 4909 Aueleotn
1232 4860 1331 4910 Critics.
1349 4862 1451 4911 Hermes
1468 4860 1524 4910 xxl
1541 4877 1563 4925 p.
1580 4860 1724 4914 ael-uso.
