4525 5950
977 481 1099 531 arsiae.
1569 461 1633 529 177

438 647 528 713 nihil
552 648 721 734 praecedat
744 651 795 713 cui
820 649 896 714 haec
919 654 1079 734 aptentur,
1109 650 1141 713 id
1167 671 1242 713 vero
1265 670 1328 713 non
1353 649 1509 734 adsequor
1531 653 1637 734 magis

440 775 544 840 quam
578 753 796 819 Franckenias
825 753 921 832 olim,
957 758 1012 841 qui
1048 763 1155 820 tamen
1191 776 1254 819 non
1289 754 1460 819 admodum
1495 755 1638 839 probabi-

432 859 514 925 liter
550 863 743 946 rescriptum
773 859 916 926 volebat:
949 863 1096 938 μεγοίλην
1130 863 1180 924 καί
1214 865 1312 930 κοιλίην
1349 861 1440 932 νίνην.
1476 861 1634 945 quuidem

435 968 583 1052 cogitavi
617 987 657 1029 au
694 966 809 1030 fuerit:
854 968 1072 1042 ἀναμνήσθητε
1111 967 1143 1030 δέ
1182 963 1226 1030 ὅτι
1267 967 1414 1041 μεγοίλην
1451 967 1502 1028 καί
1537 968 1635 1040 καλὴν

436 1072 530 1135 έκεῑ
556 1072 680 1145 δαρειοὶν
711 1073 794 1152 αὐτῷ
826 1072 997 1150 δεδώκατε,
1028 1075 1050 1136 i.
1075 1093 1102 1136 e.
1135 1072 1169 1135 ι’νι
1200 1072 1323 1137 iudicio.
1356 1072 1540 1137 Admodum
1564 1071 1636 1136 laxe

436 1177 525 1263 apud
557 1184 698 1243 oratores
729 1179 794 1242 ένεί
824 1179 968 1244 adhiberi
999 1179 1056 1244 ubi
1085 1182 1266 1244 accuratius
1297 1177 1435 1263 aliquid,
1468 1181 1537 1243 sire
1567 1200 1635 1244 rem

436 1287 510 1348 sive
544 1281 654 1347 locum
685 1286 754 1348 sive
785 1291 930 1370 tempus,
963 1284 1132 1378 definitum
1167 1289 1407 1369 expectaremus
1429 1286 1635 1348 notissimum

435 1395 496 1454 est.
534 1387 725 1474 Speciminie
760 1411 854 1456 causa
887 1390 1030 1456 adscribo
1065 1389 1148 1455 Isaei
1183 1389 1236 1454 Or.
1262 1389 1304 1455 VI
1329 1392 1346 1474 §
1367 1388 1428 1455 47:
1464 1391 1636 1454 τούναντίον

434 1497 536 1559 τοίνυν
568 1495 771 1569 συμβέβηκεν
802 1497 881 1569 sida
907 1497 921 1562 ὅ
946 1497 1035 1570 νίμος
1058 1495 1259 1576 γέγραπται·
1293 1497 1380 1560 ἐκεῖ
1403 1497 1458 1570 μέν
1482 1496 1545 1575 γοίρ
1570 1502 1635 1559 ἐστι

437 1616 513 1665 κτλ.
525 1622 534 1678 ;
559 1602 707 1667 Aeschin.
732 1602 785 1667 Or.
808 1601 823 1666 l
843 1601 936 1688 §98:
963 1602 1116 1683 διαρρήδην
1142 1604 1203 1680 oo
1222 1606 1454 1682 μαρτυροῦντας
1475 1603 1544 1676 ὑμῖν
1566 1602 1635 1672 τοὺς

435 1711 602 1786 μάρτυρας
637 1707 828 1787 παρέξομαι·
865 1708 959 1779 οὐδεὶς
996 1710 1059 1786 γὰρ
1094 1709 1243 1784 κίνδυνος,
1278 1706 1407 1784 ὥσπερ
1439 1710 1542 1786 έκεί,
1575 1707 1636 1771 οὐδ’

434 1815 575 1892 αίτχιίνη
593 1813 754 1889 πρίτεοτιν
773 1813 902 1888 οὐδεμία
923 1816 964 1892 τῷ
985 1816 1105 1886 τοίληίιῑ
1118 1817 1350 1890 μαρτυροῦντα,
1365 1812 1442 1900 lays
1456 1812 1509 1878 Or.
1523 1813 1636 1878 XXIX

435 1919 532 2006 §13:
567 1920 654 1983 έκεῖ
682 1922 739 1994 μέν
770 1916 818 1985 οὖν
851 1918 1032 1994 ἐπεδείξατε
1065 1922 1189 1996 αὐτοῖς,
1221 1920 1275 1983 εὀδν
1299 1920 1324 1983 δ’
1349 1916 1382 1983 εὖ
1406 1927 1555 1997 Φρονῆτε,
1582 1920 1633 1983 καί

435 2028 497 2090 νυνὶ
524 2029 614 2089 τοῦτο
638 2027 768 2104 Φανερδν
792 2028 888 2089 πᾶσιν
912 2026 1073 2105 ἀνθρώποις
1096 2027 1238 2098 ποιήσετε
1261 2021 1306 2088 δ’τι
1328 2041 1418 2101 κτλ.,
1439 2027 1492 2090 hio
1511 2047 1636 2111 quoque

437 2138 489 2198 est
512 2133 546 2195 irs
569 2131 723 2213 οτιριντίυτα
744 2131 868 2196 iudicia.

482 2350 537 2416 Or.
572 2350 604 2414 X
633 2349 731 2435 §282
768 2350 812 2414 Τί
843 2350 906 2430 γαρ
938 2349 976 2416 civ
1005 2348 1114 2414 τούτου
1147 2349 1335 2427 ἀνιαρότερον
1365 2346 1484 2425 γένοιτο
1509 2349 1592 2427 αὐτῷ
1617 2350 1634 2423 ἢ

436 2456 581 2522 τεθνάναι
615 2457 672 2532 μέν
704 2455 761 2520 ὑπὸ
793 2462 852 2520 τῶν
884 2457 1008 2536 έχίριῗιν,
1039 2456 1144 2520 αίτιάν
1177 2456 1202 2518 δ’
1229 2454 1312 2534 ἔχειν
1337 2455 1394 2519 ὑπὸ
1419 2460 1478 2519 τῶν
1502 2456 1634 2532 παίδυν;

437 2563 514 2627 Non
548 2562 711 2627 adsentior
744 2563 974 2627 recentioribus
1009 2561 1186 2628 editoribus
1227 2567 1354 2626 tantum
1386 2584 1448 2626 non
1485 2561 1635 2625 omnibus

437 2668 620 2749 (Scheibio,
654 2667 876 2746 Hermanno,
906 2667 1140 2745 Herwerdeno,
1166 2667 1393 2748 Thalheimio),
1418 2669 1472 2752 qui
1498 2666 1636 2750 Epitcme

437 2774 521 2839 duce
543 2771 605 2855 (XI
625 2772 714 2857 510)
737 2779 770 2838 et
793 2773 945 2838 suadente
968 2773 1113 2839 Dobraeo
1134 2782 1206 2859 post
1228 2773 1285 2837 ὑπὸ
1307 2780 1364 2836 τῶν
1385 2773 1500 2836 παίδων
1520 2772 1635 2837 adden-

437 2880 519 2944 dum
550 2879 710 2943 duxerunt
736 2881 973 2958 <οίνηρῆοίαι>.
1006 2879 1089 2960 Quin
1120 2883 1250 2945 omissio
1276 2880 1365 2944 verbi
1389 2878 1480 2943 nullo
1504 2881 1634 2964 negotio

438 3008 479 3051 ex
501 2985 762 3070 praecedentibus
782 2985 951 3072 supplendi
971 2990 1148 3053 orationem
1168 2986 1274 3051 reddit
1293 2986 1397 3051 multo
1417 2986 1635 3051 vehementio-

438 3113 508 3157 rem
526 3093 694 3177 iustaeque
717 3091 947 3179 indignationis
970 3092 1200 3178 plenissimam.
1225 3091 1335 3177 Neque
1360 3113 1430 3157 eam
1454 3113 1527 3155 cum
1552 3093 1636 3155 Atti·

439 3217 553 3263 corum
575 3206 738 3262 oratorum
763 3199 991 3263 consuetudine
1014 3219 1178 3285 pugnare,
1203 3198 1255 3263 vel
1279 3200 1331 3263 hio
1354 3219 1438 3262 unus
1462 3199 1636 3283 praestabit

436 3302 589 3368 Isocratis
599 3301 691 3368 locus
704 3302 790 3387 (IV§
805 3301 898 3383 137):
919 3310 1079 3381 τοιγαροῦν
1094 3307 1135 3367 τοὶ
1149 3306 1206 3378 μὲν
1220 3303 1287 3383 ἔχει
1301 3310 1370 3382 (rex
1382 3304 1577 3384 Persarum),
1590 3303 1633 3367 τὰ

438 3409 469 3473 δδ
490 3410 602 3485 μέλλει
621 3415 678 3490 (sc.
692 3405 794 3488 ἕξειν),
810 3416 873 3479 τοῖς
886 3409 912 3474 δ’
926 3409 1132 3487 ἐπιβουλεύει,
1146 3410 1267 3479 δικαίως
1282 3410 1428 3474 οἱποίντοιν
1441 3412 1524 3484 ἡμῶν
1537 3434 1635 3472 κατα.
1735 3411 1739 3418 ’

438 3517 648 3595 πεφρονηκώι.
669 3514 901 3593 διαπέπρακται
922 3516 995 3593 γοίρ,
1017 3511 1101 3581 isoio
1114 3516 1225 3580 ἐκείνου
1237 3516 1388 3595 προγίνινν
1401 3514 1495 3585 οὐδείς
1509 3516 1633 3578 πώποτε

435 3629 494 3702 (sc.
527 3622 783 3701 διαπέπρακται).
815 3622 985 3687 Praeterea
1015 3625 1048 3687 in
1080 3630 1234 3708 promptu
1258 3628 1307 3687 est
1330 3624 1500 3698 conticere,
1525 3629 1634 3686 nostro

434 3728 508 3793 loco
532 3730 694 3806 οίνηρῆοίαι
720 3749 787 3793 esse
809 3728 972 3793 adiectum
994 3729 1033 3793 ab
1057 3729 1207 3805 homine,
1232 3731 1288 3813 qui
1312 3740 1368 3793 aut
1393 3728 1554 3792 nesciebat
1577 3734 1634 3792 aut

439 3855 506 3899 non
530 3836 723 3900 meminerat
745 3834 885 3899 τείνοίναι
911 3833 970 3897 ὑπί
994 3857 1070 3905 τινος
1093 3836 1172 3899 bene
1192 3832 1352 3908 Graecum
1372 3842 1469 3920 atque
1488 3836 1635 3899 Atticum

436 3962 518 4008 esse.
543 3940 704 4007 Numerus
727 3942 863 4028 denique
886 3944 1045 4006 oratorius
1067 3944 1235 4007 insertioni
1254 3944 1390 4006 minime
1413 3942 1511 4007 favet.
1623 3957 1627 3964 ’

480 4153 668 4231 Praeterea,
700 4161 872 4239 antequam
903 4152 942 4218 ad
971 4154 1217 4217 Eratosthenem
1240 4161 1384 4230 transeo,
1411 4174 1550 4217 -nam
1576 4173 1632 4216 un-

431 4262 592 4327 decimam
625 4262 820 4338 orationem,
855 4279 936 4345 quae
967 4258 1049 4323 nihil
1072 4268 1119 4324 est
1144 4262 1206 4324 nisi
1228 4259 1447 4344 praecedentis
1472 4262 1628 4344 epitome,

429 4372 566 4454 impune
596 4365 705 4432 licebit
735 4366 924 4453 neglegere,
949 4403 992 4414 -
1014 4366 1118 4430 obiter
1148 4386 1280 4442 moneo,
1314 4365 1395 4428 mihi
1425 4372 1462 4430 ut
1484 4365 1629 4429 Herwer·

432 4475 514 4541 deno
546 4496 609 4540 non
642 4473 839 4561 tangendum
872 4471 976 4537 videri
999 4472 1083 4558 quod
1109 4473 1126 4557 ξ
1151 4472 1192 4536 12
1216 4471 1356 4557 legitur:
1383 4473 1434 4535 ναί
1460 4473 1550 4541 αὐτὸς
1576 4472 1632 4547 μὲν

430 4583 526 4648 Θέτινι
559 4584 746 4662 κακηγορίας
781 4580 930 4660 ε’δικιὶτνι,
964 4581 1079 4645 είπίντι
1111 4575 1192 4661 (εἶπέ
1226 4603 1271 4650 τις
1307 4578 1389 4644 belle
1420 4579 1462 4655 X,
1494 4581 1633 4644 correxit
