4525 5950
969 724 1111 773 merrus.
1591 708 1636 775 79

435 896 582 978 positus,
613 900 721 957 tamen
752 896 921 956 contentus
945 912 981 956 6ο
1005 913 1066 956 666
1090 897 1156 968 661,
1182 897 1214 957 61
1237 895 1393 958 maiorem
1417 895 1515 957 etiam
1540 915 1636 979 quam

436 1021 495 1084 pro
519 999 650 1063 1611666
671 999 793 1063 famam
816 999 950 1082 appetit.
976 997 1103 1062 1111166
1126 1001 1154 1061 61
1178 996 1335 1063 voluisset
1354 998 1463 1076 Titus,
1487 1003 1553 1064 iam
1574 1022 1637 1065 non

437 1111 607 1191 tamquam
631 1107 833 1190 imperatoris
857 1103 942 1168 111166
966 1105 1085 1188 6666161
1109 1103 1164 1168 sed
1188 1111 1354 1189 tamquam
1379 1108 1555 1190 Imperator
1577 1105 1636 1171 coli

438 1207 604 1296 cupiisset.
636 1211 678 1275 Et
708 1209 853 1274 multum
885 1211 974 1274 abest
1004 1214 1042 1273 ut
1075 1215 1198 1273 tantam
1222 1213 1252 1274 ei
1276 1212 1397 1275 tribuat
1420 1215 1638 1297 arrogantiam

439 1316 589 1395 Tacitus3
614 1317 653 1382 de
675 1316 787 1382 eodem
811 1318 898 1382 enim
922 1336 1014 1400 porro
1038 1321 1163 1380 narrat:
1190 1316 1361 1391 „decorum
1386 1338 1419 1381 66
1440 1327 1639 1403 promptum·

440 1444 502 1508 666
526 1426 560 1487 16
583 1426 682 1488 611616
704 1422 905 1498 ostendebat,
931 1424 1082 1486 comitate
1106 1430 1138 1486 61
1162 1420 1319 1506 adloquiis
1344 1423 1443 1488 officia
1463 1445 1638 1509 provocans

440 1550 475 1594 ac
498 1528 689 1614 plerumque
713 1532 745 1593 in
770 1549 880 1614 opere,
904 1531 938 1591 in
962 1531 1092 1614 agmine
1112 1528 1253 1608 61666116
1276 1529 1369 1591 militi
1392 1530 1512 1606 11111166,
1535 1533 1637 1594 16661-

438 1642 535 1720 16616
570 1635 659 1701 ducis
693 1635 844 1700 honore'’.
877 1635 1023 1700 Profecto
1055 1657 1117 1699 non
1149 1641 1224 1698 sunt
1256 1635 1332 1699 haec
1364 1639 1433 1700 eius
1465 1657 1560 1721 quem
1584 1639 1635 1701 sui

438 1749 558 1819 status,
580 1745 729 1827 quamvis
748 1745 887 1828 egregii,
909 1744 1060 1826 66661161.
1082 1739 1166 1805 Μ116
1186 1741 1237 1804 hic
1259 1741 1473 1826 aquotidiano
1486 1741 1636 1828 loquendi

438 1849 659 1934 scribendique
683 1870 745 1913 usu
767 1849 886 1912 recedit
905 1845 1035 1912 Tacitus
1056 1856 1087 1911 61
1108 1846 1468 1912 honorificentissimum
1488 1849 1547 1914 hoc
1563 1849 1637 1913 Tito

438 1955 492 2019 dat
528 1958 768 2020 testimonium:
806 1954 929 2030 „videri
961 1954 1149 2017 hominibus
1183 1957 1211 2017 is
1242 1975 1309 2018 esse
1341 1955 1507 2039 cupiebat,
1540 1977 1636 2042 quem

435 2062 567 2126 fortuna
590 2081 693 2146 66666
714 2065 950 2144 corrumperet,
975 2058 1139 2143 nequead
1164 2061 1330 2144 ignaviam
1356 2061 1555 2138 detruderet,
1580 2065 1636 2146 qui

436 2167 587 2231 fortunae
607 2169 780 2251 imperaret
799 2168 957 2246 (κρείττων
979 2173 1033 2238 τῆς
1054 2165 1170 2244 τύχης)
1190 2187 1251 2229 666
1272 2166 1310 2230 ab
1331 2165 1388 2231 illa
1406 2168 1604 2253 regeretur'’.

486 2273 570 2335 Ann.
594 2271 634 2348 II,
661 2270 697 2335 3:
732 2272 818 2347 „Neo
849 2269 981 2356 Tigrani
1013 2271 1204 2334 diuturnum
1235 2274 1410 2357 imperium
1442 2274 1505 2336 1611
1536 2294 1637 2358 66666

437 2377 552 2442 liberis
582 2380 666 2454 eius,
698 2396 894 2462 quamquam
919 2379 1048 2441 sociatis
1072 2397 1159 2441 more
1183 2382 1313 2442 externo
1337 2380 1370 2441 in
1395 2381 1638 2444 matrimonium

437 2482 678 2570 regnumque”.

484 2588 637 2668 Quaesivi
668 2609 730 2674 quo
763 2588 858 2652 modo
888 2588 965 2653 haec
988 2590 1073 2652 16161
1096 2609 1129 2652 66
1153 2588 1365 2652 66166161661.
1391 2588 1533 2654 Tandem
1557 2590 1637 2655 hanc

434 2716 506 2761 esse
524 2693 627 2759 Taciti
647 2702 790 2759 mentem
810 2693 973 2758 intellexi:
998 2715 1214 2779 „quamquam
1234 2694 1300 2758 illie
1320 2699 1520 2759 matrimonii
1533 2699 1638 2781 regni·

434 2824 500 2886 666
526 2799 640 2865 vinclis
663 2800 696 2863 id
719 2799 869 2864 effectum
889 2799 991 2864 videri
1011 2806 1136 2884 poterat
1156 2807 1193 2863 61
1213 2802 1298 2863 16161
1319 2801 1431 2864 1161166
1450 2822 1542 2865 66166
1555 2809 1638 2866 66661

433 2910 532 2972 66166
556 2926 749 2992 magnopere
772 2907 940 2969 interesset
964 2906 1036 2990 6616
1059 2911 1225 2990 regnaret,
1248 2926 1342 2969 nemo
1362 2909 1417 2991 661
1437 2909 1567 2991 11666111
1587 2907 1639 2971 ob-

433 3012 561 3077 tinendi
593 3032 688 3077 causa
711 3011 842 3075 insidias
866 3019 1002 3076 strueret
1026 3011 1117 3075 116111
1142 3015 1291 3097 regnanti
1317 3051 1356 3059 -
1383 3018 1415 3077 et
1440 3015 1498 3078 1166
1521 3017 1638 3098 praeci·

434 3140 541 3204 puum
561 3124 610 3182 661
627 3119 812 3202 principum
831 3115 1012 3201 6611661616
1025 3123 1190 3181 -tamen
1211 3116 1424 3182 nullieorum
1444 3118 1635 3183 diuturnum

436 3226 504 3289 1611
526 3223 736 3309 imperium’'.

485 3332 569 3394 Ann.
593 3328 647 3406 IV,
676 3328 726 3393 19.
753 3327 899 3392 Invisum
923 3328 985 3391 sibi
1008 3327 1127 3393 Silium
1152 3350 1244 3393 reum
1268 3328 1335 3393 fieri
1355 3332 1447 3414 cupit
1469 3330 1634 3394 Tiberius:

488 3438 739 3520 „immissusque
760 3434 858 3498 Varro
877 3433 1005 3510 consul,
1027 3437 1082 3518 661
1103 3438 1451 3519 66161666161161611166
1464 3436 1636 3500 obtendens

436 3544 520 3609 odiis
546 3542 653 3607 Seiani
676 3563 732 3626 661
755 3540 889 3606 dedecus
913 3562 1010 3605 suum
1032 3540 1306 3625 gratificabatur'’.

484 3648 626 3734 Insignis
663 3648 714 3712 hic
747 3646 837 3712 locus
871 3653 919 3711 661
950 3646 989 3711 ad
1020 3647 1304 3712 demonstrandum
1335 3654 1530 3733 quantopere
1561 3670 1636 3713 cum

438 3756 644 3848 temporibus,
662 3760 829 3817 mutentur
852 3774 966 3817 mores.
991 3754 1073 3817 Nam
1098 3775 1198 3830 nuuc,
1223 3757 1327 3837 primo
1347 3761 1494 3837 aspectu,
1516 3754 1636 3819 6161166

437 3871 471 3927 61
502 3865 631 3946 1666166
664 3861 753 3924 nobis
783 3858 840 3923 ille
872 3859 1010 3934 videtur,
1044 3861 1117 3944 qui,
1151 3881 1190 3924 66
1215 3879 1328 3943 661661
1354 3860 1487 3924 idoneus
1511 3860 1634 3924 dicatur

435 3973 613 4042 accusator,
634 3966 820 4028 inimicitias
840 3964 980 4027 obtendat
998 3971 1030 4029 et
1048 3964 1167 4026 simulet
1187 3969 1350 4048 paternas,
1371 3972 1466 4049 atque
1486 3970 1635 4041 „tantum

435 4070 549 4135 abest'’
569 4069 686 4154 aliquis
706 4069 824 4134 dixerit
845 4076 903 4144 „ut
916 4069 1074 4133 eiusmodi
1087 4071 1153 4133 sint
1164 4070 1364 4132 obtendendac
1372 4072 1575 4147 inimicitiae,
1596 4079 1633 4136 ut

436 4179 565 4261 661166,
591 4178 618 4239 61
642 4195 750 4240 revera
775 4174 899 4249 adsint,
925 4177 1013 4238 omni
1038 4173 1133 4238 modo
1157 4173 1231 4238 illas
1255 4181 1420 4238 accusator
1443 4176 1634 4239 dissimulare

437 4282 552 4346 debeat
574 4302 613 4345 ne
631 4283 702 4344 iure
723 4278 918 4344 reiiciatur”.
944 4278 1042 4343 Varro
1064 4301 1139 4344 vero
1160 4287 1209 4343 est
1227 4300 1266 4343 ex
1286 4301 1419 4344 numero
1437 4281 1634 4346 abiectorum

436 4390 576 4452 istorum
606 4386 773 4449 hominum
806 4388 862 4470 661
897 4383 1036 4449 61161616
1072 4384 1222 4469 661166116
1257 4393 1289 4449 61
1322 4388 1461 4468 66161616
1496 4407 1635 4451 61666616

437 4492 570 4568 161661;
595 4497 723 4556 6666661
746 4512 823 4577 ergo
848 4512 928 4576 quos
952 4490 1087 4554 Seianus
1111 4491 1241 4574 perdere
1265 4494 1354 4575 cupit
1376 4500 1486 4575 661666
1509 4492 1634 4557 similli-

436 4620 510 4662 mns
543 4597 792 4661 Atheniensibus
822 4596 1029 4682 sycophantia
1038 4617 1045 4673 ;
1080 4616 1156 4681 ergo
1186 4595 1317 4660 illorum
1342 4599 1448 4660 utitur
1471 4618 1631 4676 sermone,

434 4707 492 4789 qni
523 4723 621 4787 quam
645 4705 785 4766 maxime
810 4708 960 4767 metuunt
984 4722 1022 4765 66
1046 4702 1260 4787 sycophantae
1285 4701 1463 4765 videantur.
1488 4700 1545 4769 off.
1571 4704 1634 4791 Ly-

436 4814 503 4874 6166
526 4819 558 4873 et
582 4806 639 4872 alii
661 4805 724 4871 loci
747 4814 780 4872 61
802 4808 855 4872 hio
878 4806 964 4883 XIV,
989 4807 1030 4870 2:
1063 4807 1123 4881 ἐγὼ
1150 4807 1272 4882 μέντοι,
1296 4804 1316 4868 ὦ
1342 4805 1444 4882 ἄνδρες
1470 4808 1633 4888 disserat,
