4525 5950
954 673 1112 722 nonanus.
1566 657 1630 723 291

435 845 511 903 sunt
534 838 573 903 ad
596 840 752 903 virtutem
776 838 914 913 omnia”‚
940 874 982 885 -
1006 837 1069 915 (2);
1094 835 1239 901 absoluta
1263 858 1339 924 orgo
1362 837 1459 915 dixit,
1485 845 1523 902 ut
1546 837 1630 903 desit

434 943 557 1029 aliquid
577 942 651 1008 tale.
675 980 717 991 —-
737 941 819 1007 unde
840 948 872 1007 et
892 964 948 1007 nos
963 942 1099 1007 dicimus
1113 941 1189 1027 quid
1202 942 1241 1006 ad
1253 941 1342 1006 rem?
1355 941 1409 1008 val
1421 943 1498 1028 quid
1510 943 1624 1008 adme.

481 1049 647 1114 Dividitur
670 1048 786 1113 Donati
809 1047 967 1112 scholium
990 1047 1189 1113 conclusione
1212 1047 1339 1112 lineolis
1361 1048 1510 1114 indicata.

482 1215 538 1281 III.
564 1216 627 1281 3.1
664 1215 707 1281 Sl.
741 1215 839 1280 Iubeo
871 1211 1075 1280 Chremetem
1186 1213 1265 1281 Gna.
1299 1214 1380 1280 Ote
1403 1218 1511 1300 ipsum
1535 1237 1630 1301 quac-

437 1323 549 1386 robam

483 1428 532 1507 (2)
562 1427 675 1492 Ferme
707 1427 829 1512 aliquid
861 1427 969 1491 iubere
1000 1424 1113 1491 valle
1146 1433 1260 1491 est-
1286 1425 1522 1507 „iubeo”erpo:
1552 1429 1628 1492 cola.

435 1533 485 1610 (3)
516 1534 558 1596 Et
588 1534 685 1597 deest:
711 1532 878 1611 „oclucre'',
903 1533 981 1617 qaod
1004 1532 1185 1613 opprimitur
1209 1533 1244 1594 ab
1268 1532 1395 1595 atterius
1412 1555 1561 1614 personae
1583 1534 1629 1596 in·

433 1647 571 1702 accentu
592 1676 634 1687 -
653 1646 691 1703 ut
710 1638 873 1727 Vergilius
892 1637 933 1718 (V
947 1637 1027 1716 386)
1047 1637 1200 1722 reddique
1212 1640 1281 1702 viro
1294 1640 1452 1723 promissa
1463 1639 1629 1704 iubebant.

480 1744 745 1829 interpolationes
775 1747 899 1810 notavit
930 1743 981 1808 W.
1014 1743 1106 1808 Prior
1136 1764 1193 1828 per
1223 1764 1322 1828 argo
1354 1743 1487 1808 debetur
1518 1747 1559 1822 τῷ
1589 1746 1629 1822 Α,

433 1849 536 1914 altera
555 1872 611 1935 par
631 1851 749 1915 deest
768 1849 923 1936 peculiari
943 1851 1100 1934 magistro
1122 1848 1292 1913 tribuenda
1312 1856 1375 1925 est,
1401 1869 1497 1933 quem
1517 1856 1628 1934 postca

433 1958 692 2041 cognoverimus.

481 2120 525 2185 38
560 2122 723 2205 Principio
746 2123 848 2185 amico
872 2119 978 2185 filium
1001 2121 1199 2197 restituaris,

560 2226 632 2290 'libi
654 2247 810 2312 generum
835 2225 966 2290 firmum
989 2231 1022 2289 et
1045 2225 1128 2290 filiae
1152 2227 1297 2290 invenies
1321 2227 1429 2289 virum

482 2331 563 2396 Don.
577 2332 733 2397 breviter:
748 2332 959 2418 „principio'’,
973 2354 1029 2396 nac
1041 2331 1155 2396 intulit
1168 2331 1360 2408 „sccund0”.
1408 2333 1436 2396 A
1456 2330 1627 2398 conclusit:

433 2441 847 2516 restituaris—insanias,
871 2459 948 2523 ergo
971 2438 1172 2502 ἀνακόλουθον
1198 2436 1326 2522 duplex.

481 2620 535 2682 44.
560 2618 654 2704 Ipsus
678 2620 760 2683 mihi
783 2618 911 2697 Davus,
937 2622 993 2703 qui
1017 2622 1180 2682 intumust
1203 2639 1315 2683 eorum
1339 2615 1500 2696 consiliis,
1525 2619 1606 2685 dixit

483 2723 650 2805 Don.(?)¹):
671 2726 830 2790 rhetorico
851 2725 998 2790 adnotat:
1020 2730 1068 2789 est
1079 2724 1313 2789 commendatio
1325 2727 1431 2801 testis,
1444 2731 1482 2788 ut
1496 2726 1550 2801 „in
1563 2725 1632 2790 foro

431 2831 532 2896 modo
556 2852 573 2895 e
596 2830 686 2896 Davo
710 2830 843 2896 audivi’
868 2836 928 2910 (vs.
954 2829 1043 2909 302).
1068 2829 1202 2894 Addidit
1221 2831 1266 2894 A:
1288 2851 1365 2915 argo
1386 2829 1518 2914 „ipsus”
1539 2833 1632 2915 quasi

432 2939 493 3023 qni
516 2939 656 3005 maxime
682 2939 773 3002 sciat.

481 3119 528 3185 Ill
551 3120 583 3183 4.
596 3118 651 3184 27.
682 3120 815 3185 Utinam
838 3121 921 3184 mihi
945 3126 1028 3185 esset
1050 3119 1172 3206 aliquid
1196 3121 1249 3184 hic
1273 3142 1335 3206 quo
1358 3142 1442 3187 nunc
1465 3142 1519 3186 me
1542 3140 1626 3205 praa·

431 3228 569 3310 cipitsm
593 3223 720 3291 dareml

483 3330 580 3394 Don:
604 3330 677 3396 Non
696 3331 779 3394 dixit
800 3331 990 3415 „gladium”
1011 3338 1068 3395 aut
1088 3330 1284 3415 „laqueum”
1304 3351 1343 3395 na
1361 3338 1443 3395 assat
1456 3332 1625 3415 tragicum.

434 3438 484 3500 A:
509 3435 595 3521 Ergo
617 3437 697 3501 bene
721 3439 836 3520 pressit
859 3436 966 3501 dicens
991 3438 1219 3521 „praecipitem
1244 3434 1385 3499 darem”.

482 3616 525 3680 lv
549 3617 578 3682 1.
593 3615 645 3681 54.
671 3616 705 3682 Si
729 3616 805 3702 quid
829 3623 955 3702 praeter
977 3638 1066 3702 spem
1090 3620 1199 3682 evenit

483 3722 582 3786 Don.:
609 3721 757 3798 „evenit”
783 3723 937 3808 producta
960 3725 1082 3808 magis,
1107 3724 1182 3806 quia
1205 3722 1266 3786 hoc
1289 3727 1444 3806 perpetuo
1468 3742 1530 3785 non
1554 3721 1628 3786 vult

430 3827 576 3893 accidere
606 3826 787 3911 Pamphilo.
880 3830 925 3892 A:
959 3827 1045 3912 Ergo
1079 3826 1241 3903 ‚‚avenit’',
1273 3848 1335 3890 uon
1368 3826 1536 3903 ‚‚avoniot”
1570 3833 1627 3893 aut

435 3932 586 4010 „evcnit”
610 3933 717 3997 modia
740 3940 896 4017 correpta.

482 4097 525 4162 IV
551 4097 580 4162 5.
596 4098 638 4162 14
652 4096 689 4176 ²).
720 4097 916 4183 Exemplum
941 4098 1058 4163 Donati
1081 4120 1098 4163 o
1122 4096 1281 4164 Ciceronis
1305 4096 1393 4161 Vsrr.
1418 4094 1533 4161 1187:
1560 4099 1627 4172 „ita

431 4204 610 4268 habeantur
643 4206 751 4288 itaque
786 4203 952 4269 dicantnr”
989 4224 1063 4268 cum
1095 4224 1191 4268 versu
1221 4201 1410 4267 Terentiano
1441 4222 1626 4286 comparans

432 4308 600 4374 adnotavit
623 4310 669 4373 A:
696 4308 841 4385 „tabita”
866 4332 934 4391 erpo
951 4310 1026 4391 plau
1049 4316 1091 4373 eat
1114 4331 1200 4393 quam
1225 4307 1363 4385 „dicta”.

482 4414 604 4479 Locum
628 4418 753 4480 notavit
777 4413 827 4479 W.

468 4688 495 4749 1)
515 4686 659 4735 Huiusmodi
675 4684 766 4734 scholia
784 4684 903 4734 rhetorica
921 4700 935 4733 a
952 4683 1046 4733 Donato
1064 4683 1220 4733 adiudicanda
1236 4700 1285 4733 esse
1303 4684 1442 4735 videbimus.

468 4770 496 4828 2)
511 4767 612 4831 Reliqua
626 4767 697 4815 huius
713 4766 821 4829 magistri
835 4765 925 4815 scholia
939 4782 981 4830 per
996 4781 1068 4830 crgo
1084 4765 1282 4815 inveniunturltl
1295 4767 1419 4831 a.11(a),
1433 4770 1457 4816 4.
1467 4767 1506 4817 24.
1518 4768 1537 4813 V
1547 4769 1572 4817 4.
1582 4770 1628 4819 84.
