4525 5950
969 719 1111 767 moinus.
1587 703 1629 767 65

487 880 633 966 „Quippe
653 902 672 946 a
689 881 756 948 filio
772 882 916 947 eiusdem
928 882 1089 970 Thrasylli
1100 883 1299 970 praedictum
1312 883 1445 949 Neronis
1456 887 1630 971 imperium

439 990 473 1051 in
497 994 641 1073 tempore
664 990 907 1065 memorabitur,
931 1011 969 1054 ne
993 1011 1076 1054 nnnc
1099 993 1225 1077 incepto
1247 988 1377 1077 longine
1401 991 1567 1056 abierim.’'

485 1091 573 1158 Illud
603 1117 640 1157 me
670 1094 793 1158 abierim
824 1117 887 1160 non
917 1102 1022 1181 potest
1053 1095 1147 1162 aliter
1178 1095 1303 1162 defendi
1335 1118 1429 1182 quam
1461 1100 1506 1162 sic
1530 1100 1632 1162 nteit

440 1198 528 1264 idem
559 1200 643 1286 qnod
674 1224 712 1264 me
739 1202 847 1265 abiisse
869 1224 997 1266 cmmear.
1022 1201 1083 1268 Sed
1107 1225 1146 1267 ne
1169 1206 1214 1268 sic
1237 1205 1430 1289 accipiamus
1454 1205 1559 1268 obstat
1582 1204 1633 1269 ad·

439 1308 590 1373 verbium
620 1329 714 1372 mame:
746 1311 813 1373 sire
840 1312 926 1374 enim
950 1312 1034 1373 insto
1058 1308 1187 1396 longius
1209 1331 1229 1374 a
1251 1313 1411 1395 proposito
1435 1308 1632 1388 discessisse,

440 1418 511 1480 sive
541 1417 574 1479 in
606 1413 811 1501 digrediendo
835 1418 959 1480 iustum
982 1416 1164 1480 observasse
1187 1416 1320 1480 modum
1343 1413 1473 1482 Tacitus
1496 1417 1633 1482 censebi-

440 1528 506 1596 tur,
538 1528 692 1585 eventum
722 1524 788 1586 iam
819 1542 855 1587 ea
885 1543 934 1587 res
964 1522 1059 1586 habet
1088 1543 1190 1607 neque
1220 1525 1341 1587 mutari
1372 1528 1477 1609 potest
1505 1526 1634 1589 etiamsi

439 1647 539 1713 quam
567 1629 710 1713 primum
742 1629 940 1714 digrediendi
971 1627 1067 1693 finem
1098 1629 1204 1693 faciat.
1229 1629 1340 1715 Neque
1362 1632 1396 1694 in
1420 1630 1504 1694 hunc
1525 1629 1631 1697 locum

438 1733 576 1819 quadrat
605 1732 706 1798 illud:
739 1737 793 1811 „in
817 1734 981 1821 tempore''
1002 1737 1048 1799 ait
1073 1733 1175 1811 „illud
1197 1734 1235 1800 de
1258 1735 1382 1801 Nerone
1405 1757 1634 1802 commemora·

437 1841 550 1905 hitnr''
574 1844 596 1906 i.
610 1861 637 1905 e.
661 1862 745 1906 nnnc
766 1840 857 1906 illam
880 1863 948 1907 rem
973 1840 1098 1918 differo,
1123 1862 1220 1927 quam
1245 1845 1272 1907 ei
1296 1843 1349 1907 hic
1374 1842 1490 1908 addere
1514 1843 1632 1909 vellem

434 1950 527 2013 iusto
557 1947 688 2033 longius
719 1949 778 2014 hoc
809 1948 897 2014 fieret
921 1948 1083 2012 ἐπεισόδιον
1092 1970 1100 2027 ;
1126 1949 1159 2013 id
1183 1956 1294 2013 antem
1316 1948 1409 2014 nolo:
1437 1949 1529 2025 „nolo
1553 1974 1631 2015 mame

433 2055 478 2118 ab
510 2056 635 2140 incepto
666 2053 794 2141 longius
825 2055 939 2119 chire.”
972 2054 1160 2140 Requiritur
1182 2076 1258 2141 ergo
1283 2077 1345 2121 non
1370 2055 1493 2120 abierim
1518 2078 1632 2123 verum

432 2161 559 2236 abeam,
590 2161 660 2241 sed,
694 2164 847 2246 quoniam
877 2162 937 2227 hoc
966 2161 1100 2226 traditae
1130 2161 1260 2227 lectioni
1290 2183 1405 2249 parum
1434 2162 1540 2228 simile
1564 2170 1630 2241 eet,

431 2267 561 2332 leniore
585 2267 804 2333 emendatione
826 2267 998 2354 legendum
1023 2288 1134 2333 censeo
1157 2269 1296 2333 aberrem.

992 2708 1083 2774 XIX.

485 2924 531 2969 ΔΙ)
551 2923 611 2970 SEX
634 2924 803 2971 erasmum
826 2924 937 2972 LIBROS
959 2923 1167 2971 Posrnetoane
1190 2923 1429 2972 sunohnmonne
1452 2925 1580 2971 venun.

484 3126 524 3189 A.
550 3122 607 3200 XI,
634 3122 685 3188 10.
710 3122 818 3188 Morte
838 3121 991 3187 Vardanis
1010 3123 1121 3188 turbae
1140 3124 1224 3187 inter
1243 3122 1377 3188 Parthos
1395 3122 1433 3188 de
1452 3144 1630 3191 successore

433 3232 511 3297 eius
534 3237 621 3295 ortae
645 3235 737 3294 sunt:
1290 3228 1292 3230 ’

485 3335 610 3415 „Multi
643 3335 682 3400 ad
717 3331 873 3401 Gotarzen
906 3333 1117 3412 inclinabant,
1156 3334 1286 3419 quidam
1316 3335 1356 3401 ad
1387 3334 1609 3402 Meherdatem
1620 3385 1629 3416 ,

431 3443 560 3531 prolem
581 3443 744 3520 Phraatis,
766 3441 889 3506 obsidio
908 3442 998 3505 nobie
1017 3441 1141 3507 datum.
1161 3440 1243 3505 Dein
1262 3441 1444 3527 praevaluit
1461 3438 1613 3508 Gotarzes
1619 3438 1640 3523 ;Ι

433 3553 624 3638 potitusque
648 3550 788 3635 regiam,
814 3569 870 3633 per
893 3550 1059 3613 saevitiam
1084 3568 1119 3613 ac
1138 3546 1255 3612 luxum
1274 3549 1383 3635 adegit
1401 3549 1537 3614 Parthos
1552 3553 1631 3615 'mit

432 3666 506 3723 tere
529 3656 568 3720 ad
591 3657 768 3741 principem
791 3654 974 3719 Romanum
997 3653 1138 3719 occultae
1160 3676 1286 3741 preces,
1307 3657 1378 3739 quis
1399 3658 1542 3740 permitti
1563 3656 1631 3722 Me

433 3761 603 3829 herdatem
627 3763 769 3848 patrium
793 3760 833 3826 ad
857 3761 1025 3848 fastigium
1049 3760 1214 3826 orabant.”

483 3870 521 3935 ln
544 3890 621 3934 voce
644 3888 725 3954 quae
748 3873 796 3933 est
813 3867 952 3949 permitti
975 3867 1124 3953 equidem
1147 3869 1278 3944 haere0;
1303 3888 1378 3933 nam
1402 3871 1469 3933 sive
1493 3889 1562 3934 eam
1584 3873 1630 3936 sic

435 3979 615 4061 accipimus
639 3978 757 4040 nteit:
783 3975 858 4061 ipris
875 3974 1013 4057 permitti
1036 3977 1057 4041 i.
1071 3997 1098 4040 e.
1123 3974 1209 4052 dari,
1234 3974 1333 4052 tradi,
1358 3978 1427 4041 eive
1450 3976 1488 4040 de
1512 3997 1548 4042 eo
1569 3977 1631 4042 dic-

435 4093 511 4151 tum
534 4081 768 4169 intelligimus,
791 4084 844 4146 eui
867 4080 973 4167 aliqua
996 4084 1051 4147 via
1073 4084 1120 4146 ire
1144 4081 1328 4147 conceditur
1350 4081 1493 4161 (iritum),
1516 4090 1631 4150 neutra

433 4188 628 4278 significatio
659 4189 723 4253 huc
753 4187 895 4273 quadrat.
929 4188 1011 4269 Quid
1043 4194 1152 4253 autem
1184 4188 1282 4251 obside
1312 4187 1420 4273 aliquo
1444 4187 1511 4253 fieri
1534 4192 1628 4254 amici

432 4302 507 4365 eius
526 4317 641 4381 cupere
661 4293 797 4360 debenti
818 4294 940 4380 Nempe
960 4295 1073 4358 remitti
1093 4317 1178 4360 eum.
1199 4294 1398 4360 Meherdatis
1415 4316 1491 4359 vero
1510 4299 1629 4361 amicos

431 4402 598 4492 postulare
621 4408 659 4466 ut
682 4404 725 4465 cd
740 4409 901 4484 paternam
916 4402 1083 4486 fastipium
1106 4405 1128 4466 i.
1142 4424 1168 4467 e.
1194 4401 1232 4466 ad
1256 4401 1474 4487 occupandum
1499 4402 1629 4468 Partho

431 4533 510 4578 rum
534 4509 652 4575 solium
675 4509 847 4572 remittatur
868 4494 929 4574 ille¹
948 4529 1045 4595 qnam
1069 4502 1210 4573 maxime
1233 4515 1478 4573 consentaneum
1502 4515 1559 4573 eet.
1582 4505 1584 4510 ’

482 4725 521 4788 Α.
548 4721 604 4800 xl,
629 4720 682 4787 33.
715 4719 959 4808 comprehensis
989 4722 1054 4784 iam
1086 4723 1176 4786 etin
1198 4719 1328 4785 vincula
1350 4722 1498 4786 coniectis
1521 4721 1629 4807 pleris-

433 4852 516 4918 que,
539 4832 596 4915 qui
618 4828 725 4914 aliquo
749 4827 844 4893 modo
870 4826 1112 4905 „matrimonii”
1138 4825 1210 4891 Silii
1234 4826 1488 4913 Messalinaeque
1512 4832 1628 4895 conscii

1468 4949 1482 4997 t
