4525 5950
531 702 598 771 222
1048 713 1204 768 neutros.
1219 741 1221 744 -

580 888 652 952 101.
681 883 949 971 „Sepulcrum
976 892 1045 947 κατ’
1069 887 1254 963 asclepam
1276 883 1429 962 dicimus,
1454 885 1540 969 quod
1563 887 1636 950 sine
1658 883 1729 971 pnl-

537 993 635 1071 „chra
665 1014 699 1058 re
730 992 806 1057 sit'’.
837 991 890 1056 Sic
919 991 1065 1057 Donatus
1095 990 1272 1056 secundum
1295 991 1468 1056 Varronem
1491 988 1541 1069 (0.
1566 989 1730 1058 GlossV

536 1100 612 1164 481.
645 1097 767 1165 Charis.
799 1095 904 1176 173),
932 1101 985 1162 cui
1007 1119 1103 1161 suum
1126 1105 1259 1184 etymon
1283 1100 1414 1183 opponit
1433 1096 1651 1182 philosophus
1674 1119 1732 1182 per

533 1209 834 1292 interrogationem,
868 1212 904 1269 ut
935 1225 1041 1291 saepe:
1076 1209 1146 1282 „An
1177 1206 1260 1290 qnod
1292 1205 1336 1269 ibi
1369 1208 1437 1270 sine
1461 1204 1560 1290 pulsu
1586 1208 1674 1284 sint,
1700 1205 1733 1270 id

535 1323 585 1378 est
615 1310 777 1380 mortui?”
813 1312 903 1392 Quod
934 1313 1007 1377 dein
1037 1317 1201 1397 seqnitur:
1235 1333 1296 1388 „an
1328 1312 1412 1396 quod
1441 1311 1523 1378 illuc
1553 1316 1688 1379 animae
1716 1335 1733 1378 a

533 1423 620 1484 vivis
651 1419 842 1504 sepelantur,
877 1419 910 1483 id
941 1425 990 1484 est
1020 1416 1249 1504 separentnrl’'
1282 1421 1364 1484 sitne
1393 1419 1536 1484 eiusdem
1570 1441 1615 1484 an
1649 1419 1735 1485 alins

533 1529 682 1612 magistri
705 1548 766 1591 non
790 1526 942 1592 discerno.

582 1678 655 1743 102.
680 1678 779 1744 Don.:
802 1679 880 1743 bene
904 1679 956 1742 hio
978 1675 1235 1763 impersonaliter
1261 1676 1411 1753 „fletnr'’:
1436 1678 1475 1742 ah
1499 1679 1670 1745 omnibus.

533 1782 593 1849 Ille
623 1785 808 1869 subiungit:
840 1792 982 1850 extrema
1006 1787 1092 1849 enim
1115 1805 1258 1869 quaeque
1282 1794 1483 1849 mortuorum
1508 1805 1627 1851 omnes
1652 1807 1739 1852 com·

533 1901 665 1955 movent
689 1890 728 1954 ad
750 1889 908 1956 lacrimas.

582 2041 656 2107 105.
681 2041 729 2105 Ad
753 2043 851 2108 verba
879 2044 978 2118 „bene
1001 2041 1275 2119 dissimulatum”,
1299 2041 1398 2108 Don:
1426 2042 1547 2117 „hene”
1575 2042 1738 2109 multum.

533 2147 593 2213 Ille
621 2152 728 2235 pergit
758 2170 797 2213 ex
828 2151 1088 2234 interpretatione
1120 2169 1249 2234 prorsus
1281 2147 1375 2213 falsa:
1407 2169 1445 2213 an
1476 2151 1570 2233 quasi
1605 2149 1739 2227 dolens,

534 2259 609 2340 quia
633 2258 729 2320 etiam
754 2262 931 2341 negaturus
956 2257 998 2319 eit
1021 2252 1202 2330 Chremeti,
1227 2253 1309 2318 dixit
1333 2250 1475 2330 „hene''l

582 2421 659 2487 119.
690 2422 855 2502 Quomodo
882 2421 1046 2499 „sedulo'’,
1072 2425 1099 2486 ei
1121 2419 1279 2508 negabat?
1302 2444 1340 2487 an
1366 2420 1518 2498 „scdulo”
1632 2423 1666 2488 id
1693 2431 1738 2490 est

535 2527 747 2615 simpliciter?

582 2683 657 2750 120.
694 2683 777 2764 Quid
810 2680 1010 2769 „denique”l
1044 2682 1094 2746 Ad
1125 2701 1287 2746 summam
1316 2687 1464 2767 properat
1495 2686 1529 2745 et
1560 2680 1605 2745 ad
1638 2683 1734 2749 finem

537 2790 705 2856 dictorum.
775 2789 875 2855 Dum:
901 2789 1078 2874 „denique”
1103 2791 1124 2852 i.
1149 2809 1177 2852 e.
1201 2787 1370 2874 postremo

583 2956 659 3025 137.
684 2959 733 3024 Ad
757 2958 852 3024 verba
877 2956 983 3035 „mala
1006 2979 1097 3024 mens
1120 2955 1225 3021 malus
1245 2955 1403 3022 animus''.
1433 2954 1533 3020 Don:
1558 2957 1731 3033 „animus”

445 3135 448 3140 ,
537 3065 685 3132 voluntas
709 3073 766 3131 est.
791 3065 889 3129 Addit
912 3064 1009 3129 alter:
1037 3065 1169 3140 „mens”
1194 3066 1292 3128 etiam
1315 3065 1407 3127 ratio.

580 3233 596 3298 l
627 3233 657 3298 2.
671 3234 701 3297 4.
739 3233 822 3313 Quid
853 3236 896 3297 sit
929 3236 996 3308 „eri
1028 3254 1153 3317 semper
1184 3230 1322 3296 lenitas”
1354 3230 1434 3296 Don.
1468 3231 1545 3295 hene
1572 3232 1727 3297 indicavit

534 3339 603 3405 loco
638 3340 780 3405 Lucretii
815 3339 830 3403 l
863 3338 925 3402 125
958 3360 1103 3423 „semper
1131 3336 1271 3402 florentis
1302 3336 1470 3401 Homeri”.
1515 3335 1606 3401 Phil.
1639 3345 1728 3423 putat

535 3445 632 3511 talem
664 3445 830 3510 lenitatem
862 3444 1048 3509 simulatam
1072 3465 1140 3509 esse
1164 3443 1292 3520 dehere,
1317 3442 1399 3527 qnod
1423 3445 1468 3506 sio
1491 3448 1673 3527 expressit:
1696 3463 1727 3507 ac

536 3575 592 3638 per
615 3553 675 3617 hoo
697 3556 732 3630 (i.
746 3574 773 3616 e.
797 3558 925 3637 propter
948 3552 982 3614 τὸ
1007 3547 1166 3635 semperl)
1190 3548 1342 3613 simulata
1365 3570 1465 3634 usque
1489 3570 1576 3613 nunc
1597 3549 1726 3625 lenitas;

536 3680 610 3724 nam
642 3679 734 3721 nemo
758 3661 790 3721 in
815 3658 950 3721 diversis
973 3659 1097 3721 actibus
1121 3677 1245 3740 semper
1268 3654 1349 3719 lenis
1373 3662 1421 3718 est
1443 3656 1505 3718 nisi
1528 3653 1615 3719 forte
1639 3655 1728 3721 fictus

536 3764 734 3829 adsimilator
756 3770 788 3829 et
812 3763 957 3828 callidus.

582 3918 597 3983 1
622 3918 652 3981 4.
666 3917 696 3981 2.
720 3917 820 3982 Don.:
847 3916 964 3995 „sane”
989 3915 1151 3993 multum,
1175 3914 1290 3980 valide.
1360 3915 1473 4000 Pergit
1494 3913 1570 3979 ille:
1593 3937 1730 4002 namque
1773 3893 1774 3964 l

537 4023 664 4089 validus
684 4032 749 4099 est,
770 4026 825 4110 qui
845 4024 988 4088 multum
1008 4044 1114 4087 rerum
1135 4024 1381 4087 necessariarum
1403 4021 1498 4085 hahet
1517 4021 1557 4085 ad
1581 4022 1730 4088 salntem.

537 4131 608 4195 Non
632 4137 778 4215 poetam,
802 4129 855 4194 sed
880 4129 1042 4194 Donatum
1069 4128 1224 4214 explicat,
1249 4134 1286 4191 ut
1310 4127 1324 4190 I
1352 4128 1378 4190 1.
1393 4126 1446 4191 22.
1471 4123 1519 4191 Of.
1544 4127 1560 4191 I
1586 4129 1619 4193 2.
1635 4130 1680 4193 24
1703 4139 1732 4194 et

538 4235 565 4299 V
590 4235 620 4300 2.
635 4235 672 4300 7:
699 4236 814 4313 „sane”
840 4235 963 4312 valide,
989 4239 1063 4320 quia
1089 4238 1165 4319 „qui
1190 4255 1302 4310 sanus,
1327 4242 1358 4297 et
1383 4231 1508 4297 validus
1532 4235 1619 4299 est'’.

585 4403 615 4467 ΙΙ
639 4402 726 4467 214
752 4413 783 4468 et
811 4404 861 4468 15.

584 4510 727 4574 Panem:
748 4531 843 4595 quam
857 4512 999 4593 primum
1013 4511 1071 4573 hoc
1083 4530 1136 4573 me
1148 4508 1247 4572 libera
1259 4511 1414 4572 miserum
1425 4512 1526 4570 metu.
1552 4506 1639 4572 Dav.
1662 4509 1731 4583 Em,

718 4615 836 4680 libero:
862 4637 994 4680 uxorem
1021 4615 1080 4679 tibi
1103 4636 1165 4679 non
1190 4615 1331 4678 datiam
1356 4611 1517 4678 Chremes.

537 4720 714 4787 Scholiasta
743 4722 781 4786 ad
812 4721 869 4784 14:
894 4722 972 4786 bene
1000 4719 1158 4797 „libera”:
1185 4719 1323 4805 perfecta
1345 4721 1429 4783 enim
1454 4720 1612 4783 securitas
1636 4718 1734 4785 liba

537 4831 645 4892 ratio
676 4829 868 4892 nominatur.
906 4828 956 4891 Ad
992 4828 1049 4890 15:
1081 4827 1159 4891 hene
1187 4825 1307 4902 „iam”,
1331 4824 1417 4909 quod
1440 4826 1467 4888 si
1489 4845 1553 4888 non
1580 4826 1734 4903 dixisset,
