4525 5950
511 1231 1058 1324 OBSERVATIUNOULAE
1087 1235 1156 1324 Dii
1184 1234 1313 1324 luas
1340 1234 1572 1325 ROMANO.

979 1469 1103 1512 sumsere·

820 1653 849 1719 J.
874 1651 909 1720 0.
933 1653 1079 1720 ΝΑΒΕΒ
1101 1653 1134 1720 S.
1147 1655 1186 1720 A.
1199 1672 1261 1720 rm.

674 1806 911 1886 (continuentur
934 1829 970 1872 ea
998 1807 1026 1871 V
1023 1808 1062 1872 el.
1086 1806 1199 1871 XXXI
1211 1829 1284 1889 paq.
1309 1802 1399 1886 233).

947 2099 1131 2135 m-

1002 2353 1071 2422 XO.

841 2555 883 2603 DE
906 2555 987 2604 LEGE
1011 2555 1233 2605 comesurus.

487 2744 553 2810 hex
577 2746 795 2810 commissoris
817 2745 984 2809 conventio
1008 2749 1071 2822 est,
1098 2746 1131 2808 in
1155 2763 1253 2828 quam
1276 2745 1332 2828 qui
1355 2743 1550 2819 committ't,
1574 2740 1631 2806 ali·

440 2851 527 2937 quod
557 2873 653 2916 suum
683 2852 876 2928 committit,
908 2850 941 2915 id
972 2857 1037 2927 est,
1068 2849 1175 2935 perdit
1189 2850 1223 2929 ¹),
1247 2871 1309 2935 quo
1331 2871 1426 2914 sensu
1450 2848 1628 2914 commissum

439 2957 569 3034 dicitur,
602 2958 824 3044 quodcumque
855 2963 983 3044 propter
1014 2955 1152 3043 vectigal
1184 2956 1369 3023 fraudatum
1400 2956 1474 3023 fiseo
1496 2950 1629 3038 cadim).

440 3065 645 3130 Memoratur
678 3072 787 3130 autem
821 3063 873 3129 lex
909 3067 1130 3129 commissoria
1163 3066 1196 3129 in
1231 3065 1463 3150 emptionibus:
1496 3064 1552 3143 „ai
1582 3064 1632 3128 ad

440 3173 539 3235 diem
557 3172 734 3254 pecunia
753 3171 888 3234 solutu
907 3193 981 3234 non
999 3172 1068 3250 sit,
1088 3172 1306 3255 uisendas
1324 3170 1523 3253 inemptae
1540 3169 1653 3249 sian.

439 3280 532 3343 cuius
567 3280 786 3343 conventionis
817 3297 854 3342 ea
878 3279 928 3341 vie
950 3284 1016 3354 eet,
1040 3283 1095 3354 ut,
1120 3280 1147 3341 ei
1170 3298 1234 3342 non
1258 3279 1287 3343 si
1310 3285 1468 3363 pareatur,
1493 3278 1630 3363 emptori

438 3383 522 3449 nihil
542 3384 703 3461 debeatur,
724 3387 792 3470 ipse
809 3383 935 3469 perdat3
956 3385 1036 3469 qued
1053 3385 1163 3448 arrhae
1175 3385 1222 3447 ael
1232 3384 1294 3448 alio
1306 3384 1423 3449 nomiae
1434 3383 1578 3464 d(ederit)
1593 3380 1628 3463 ³).

437 3489 648 3575 Displieuisse
675 3488 816 3577 legimus
839 3493 1092 3555 commissarium
1115 3489 1222 3578 legem
1246 3489 1298 3556 vel
1320 3489 1438 3556 Severo
1461 3489 1514 3556 vel
1537 3486 1631 3556 Oara-

437 3594 595 3676 eallae⁴);
619 3596 788 3661 Neratium
811 3617 937 3682 quoque
960 3598 1131 3681 iniquitate
1154 3599 1200 3661 rei
1224 3602 1365 3673 motum,
1390 3602 1428 3661 ut
1451 3603 1628 3682 emptorem

435 3703 594 3767 fructibus
625 3702 739 3768 saltem
768 3701 901 3779 ditaret,
927 3703 1012 3788 siqui
1035 3704 1164 3767 interim
1188 3703 1228 3767 ab
1250 3723 1286 3767 eo
1310 3705 1451 3788 percepti
1474 3707 1577 3768 essent
1591 3702 1627 3785 5).

438 3809 485 3873 At
504 3809 652 3894 probavit
669 3807 776 3894 legem
796 3810 1048 3873 commissoriam
1068 3807 1262 3894 Papinianus
1276 3807 1311 3889 ⁰).
1331 3808 1442 3874 Potest
1454 3811 1629 3895 respexisse

437 3915 478 3980 ad
501 3913 590 3980 aliud
612 3936 715 4002 genus
739 3914 822 4002 legis
846 3917 1101 3992 commissoriae,
1125 3914 1210 4000 quod
1233 3918 1406 3981 usuvenit
1429 3918 1464 3981 in
1487 3917 1629 4003 pignori-

473 4175 500 4233 1)
518 4175 551 4222 At
568 4175 593 4223 in
610 4190 630 4223 e.
650 4175 664 4224 a
681 4174 717 4236 §8
736 4175 763 4223 0.
777 4172 822 4224 Th.
843 4174 923 4224 [aas
940 4173 1084 4224 cenenum
1101 4173 1197 4233 dieitur,
1215 4174 1256 4239 qui
1273 4173 1366 4240 petitur
1384 4169 1512 4236 impensis.

470 4259 500 4321 2)
517 4256 543 4304 E.
562 4272 585 4320 g.
603 4256 620 4305 l.
643 4258 670 4305 14
691 4259 716 4304 D.
736 4256 776 4306 89.
787 4258 810 4306 4.
828 4282 861 4295 -
877 4255 981 4305 Transiit
1000 4271 1028 4304 ea
1044 4255 1111 4305 notio
1129 4255 1153 4305 in
1171 4256 1209 4306 ius
1222 4256 1361 4315 feudorum,
1376 4272 1431 4307 nem
1444 4258 1470 4306 iu
1484 4256 1628 4307 muham

435 4341 521 4389 cadere
545 4339 657 4388 dicuntur
683 4338 801 4397 dominia,
828 4353 889 4404 qnae
909 4354 938 4388 ex
960 4337 1047 4387 delicto
1071 4338 1155 4388 vasalli
1178 4340 1207 4388 ei
1230 4339 1354 4390 deminum
1377 4339 1441 4390 iaedi
1465 4341 1565 4390 redeunt
1587 4341 1628 4402 (du
1753 4381 1755 4385 .

435 4423 531 4485 Gange,
551 4421 575 4469 in
593 4437 616 4469 v.
635 4420 798 4481 conmittere).

471 4507 498 4566 4)
517 4505 543 4552 L.
561 4506 577 4552 4
596 4505 639 4565 il,
657 4503 673 4553 l.
692 4503 706 4552 u
723 4519 769 4569 pr..
787 4502 802 4551 i.
824 4504 839 4551 8
858 4505 887 4554 D.
907 4504 946 4552 18.
956 4506 979 4554 8.
997 4531 1030 4542 -
1048 4503 1084 4553 Gi.
1102 4502 1118 4552 l.
1137 4505 1169 4553 84
1188 4519 1224 4568 pr.
1244 4506 1270 4553 D.
1291 4505 1345 4554 Μ.

469 4589 498 4650 4)
517 4587 543 4634 L.
562 4588 594 4635 38
611 4601 647 4651 pr.
668 4588 695 4634 D.
715 4587 737 4635 4.
748 4589 772 4635 4.

472 4670 500 4730 t)
518 4669 544 4717 L.
562 4671 578 4717 4
596 4669 630 4730 §l
650 4667 680 4717 D.
699 4668 778 4726 18.a;
795 4666 825 4716 ei.
844 4665 859 4717 l.
878 4668 893 4715 4
911 4668 962 4716 sud.

471 4750 501 4812 6)
520 4750 573 4799 Vei.
592 4750 622 4799 ir.
641 4751 691 4812 §11
711 4750 750 4808 (ei.
768 4752 822 4811 54).
