4525 5950
953 673 1108 720 nonanus.
1565 652 1630 717 303

485 839 533 919 (2)
562 837 688 919 „Quid”
714 839 754 903 ob
778 838 873 923 quid,
899 846 1028 923 propter
1051 837 1128 922 quid
1145 838 1167 917 ¹)
1191 841 1234 902 sit
1258 840 1467 914 examinatus,
1504 837 1552 917 (3)
1576 844 1633 902 aut

438 945 534 1010 aliter
557 944 656 1029 „quid
676 944 738 1008 sit''
760 944 879 1009 idest:
904 943 980 1029 quid
1001 946 1043 1008 sit
1062 947 1203 1030 negotii;
1225 946 1273 1025 (4)
1293 943 1347 1009 sed
1368 944 1499 1028 quidam
1519 950 1636 1029 putant

439 1050 562 1136 „quid”
587 1071 644 1136 pro
668 1070 780 1135 quare,
805 1055 842 1113 ut
869 1049 965 1134 „quid
991 1049 1143 1114 veniant'’
1169 1048 1276 1135 (Verg.
1299 1050 1376 1113 Aen.
1401 1047 1530 1128 1518).

487 1156 552 1235 (5);
578 1157 644 1219 Aut
667 1154 756 1219 deest
779 1160 917 1240 propter,
941 1160 978 1218 ut
1002 1157 1046 1219 sit
1070 1160 1247 1241 (propter)
1273 1155 1360 1239 quid.

486 1261 523 1325 In
554 1260 602 1339 (2)
626 1259 675 1341 (3)
699 1260 748 1340 (4)
780 1259 923 1326 Donatus
947 1260 1109 1326 rettulisse
1132 1261 1260 1326 videtur
1282 1262 1465 1347 opinionem
1488 1280 1580 1325 suam
1604 1266 1637 1325 et

438 1389 554 1434 eorum
568 1372 870 1445 commentatorum,
884 1369 939 1452 qui
948 1374 1195 1444 antecesserant,
1209 1367 1322 1444 Probi,
1337 1367 1448 1450 Aspri,
1462 1367 1594 1431 Acronis
1604 1363 1641 1445 ²).

437 1474 607 1540 Scholium
636 1473 684 1553 (5)
716 1475 864 1558 repetitio
896 1480 944 1538 est
975 1472 1088 1539 scholii
1119 1473 1177 1554 (2),
1208 1472 1293 1557 quod
1316 1472 1514 1538 redactorem
1537 1472 1640 1536 denuo

438 1603 503 1645 non
537 1583 568 1643 in
601 1578 730 1657 eodem,
763 1578 817 1644 scd
847 1581 881 1643 in
913 1579 1012 1644 altero
1045 1580 1132 1644 fonte
1162 1580 1323 1643 invenisse
1354 1576 1553 1643 verisimile
1577 1582 1636 1642 est.

439 1687 561 1751 Utrum
592 1688 625 1749 in
656 1685 704 1764 (2)
729 1685 778 1766 (3)
801 1685 849 1764 (t)
874 1685 1047 1750 habeamus
1073 1684 1235 1749 Donatum
1259 1683 1392 1770 plenum
1416 1690 1449 1749 et
1471 1686 1636 1769 integrum

439 1814 482 1857 an
513 1791 688 1856 laceratum
719 1796 750 1854 et
780 1811 798 1855 a
829 1793 985 1875 magistro
1016 1790 1067 1855 vel
1091 1790 1252 1856 redactore
1274 1793 1308 1854 in
1332 1791 1412 1855 hanc
1433 1790 1570 1855 sormam
1592 1811 1639 1855 re-

442 1898 572 1962 dactum
596 1902 680 1975 (aut
694 1932 735 1944 -
749 1902 822 1960 aut
835 1931 877 1943 -
890 1895 984 1976 sed),
1011 1894 1153 1961 nondum
1176 1894 1327 1961 diiudico.

488 2077 557 2141 15.
573 2076 616 2141 50
649 2077 783 2142 Accessi.
809 2075 870 2141 Vos
894 2083 1048 2152 semotae,
1072 2097 1128 2140 nos
1153 2074 1223 2141 soli.
1248 2076 1366 2161 Incipit

488 2183 536 2262 (1)
567 2182 704 2268 Figurae
736 2185 861 2268 proprie
892 2181 1117 2256 Terentianae,
1150 2183 1315 2249 ἀσύνδετον
1347 2189 1379 2247 et
1407 2179 1565 2260 ἔλλειψις,
1591 2219 1633 2231 -

443 2310 523 2365 „vos
543 2289 722 2353 semotae’':
743 2288 830 2353 deest
851 2289 981 2366 „estis’',
1004 2311 1082 2366 ,nos
1097 2288 1199 2353 soli'':
1220 2289 1308 2355 deest
1322 2289 1577 2366 „remansimus”
1593 2325 1635 2337 -

443 2403 481 2459 ut
502 2400 551 2459 est
569 2393 667 2459 illud:
691 2415 813 2479 „egone
832 2393 943 2472 illam,
965 2416 1045 2479 quae
1065 2394 1179 2471 illum,
1200 2415 1280 2480 quae
1301 2396 1374 2460 me'’
1388 2395 1482 2473 (Eun.
1497 2394 1512 2458 I
1527 2395 1555 2459 l.
1569 2393 1636 2474 20).

490 2499 634 2564 Donatus
658 2499 745 2565 dedit
768 2506 895 2565 tantum
921 2499 1034 2565 scholii
1057 2503 1190 2565 initium
1209 2508 1242 2566 et
1262 2499 1369 2565 finem.
1405 2499 1515 2565 Media
1537 2502 1639 2565 otiosa

444 2607 596 2690 magistri
627 2605 847 2671 additamenta
871 2613 957 2670 sunt.
982 2605 1056 2671 Alia
1079 2627 1128 2671 res
1152 2609 1255 2671 estin
1279 2605 1399 2671 scholio
1423 2605 1462 2671 ad
1486 2605 1635 2670 Eunuchi

444 2710 503 2786 l.l.,
536 2710 592 2774 ubi
622 2710 800 2796 asyndeton
828 2716 861 2775 et
893 2709 1016 2796 ellipsis
1038 2732 1095 2797 pro
1118 2714 1164 2776 rei
1188 2713 1376 2777 necessitate
1399 2732 1417 2776 a
1441 2710 1564 2775 Donato
1588 2730 1638 2775 ac·

444 2822 553 2881 curate
577 2820 822 2900 pertractantur.

490 2920 539 3002 (2)
564 2920 744 3006 ,‚Incipit’':
770 2921 859 2986 deest
886 2920 1045 2998 „dicero”.

490 3103 505 3166 1
531 3101 617 3167 5.65
650 3100 791 3166 Verbum
824 3123 923 3167 unum
955 3124 1030 3169 cave
1054 3103 1092 3167 de
1115 3106 1255 3189 nuptiis,
1280 3126 1319 3169 ne
1342 3104 1382 3170 ad
1405 3105 1553 3170 morbum
1577 3105 1637 3170 hoo

443 3210 544 3273 etiam

488 3315 538 3393 (1)
563 3313 658 3379 Deest
684 3315 824 3392 „dicas”.
849 3314 971 3402 Figura
994 3313 1145 3393 ἔλλειψις.
1182 3316 1230 3396 (4)
1256 3317 1325 3393 ,,Νο
1348 3317 1388 3382 ad
1407 3319 1559 3383 morbum
1578 3318 1637 3383 hoc

442 3419 565 3486 etiam”
590 3423 708 3485 iterum
733 3419 889 3499 ἔλλειψις,
915 3422 1002 3486 deest
1026 3424 1114 3486 enim
1138 3422 1274 3487 accedat.
1322 3423 1433 3487 Prima
1455 3443 1527 3488 vv.:
1552 3422 1640 3487 deest

446 3526 577 3603 „dicas”
601 3529 758 3613 magistro
784 3526 938 3592 reddenda
962 3526 1122 3605 videntur,
1147 3526 1269 3612 reliqua
1292 3530 1402 3593 omnia
1424 3527 1558 3594 Donato.

480 3802 509 3865 l)
532 3800 644 3850 Formnlc
669 3799 746 3859 »ob”„
772 3803 885 3865 opropter
902 3797 943 3847 id”
960 3799 1014 3848 sim.
1032 3799 1156 3848 derivatur
1173 3816 1187 3849 ο
1204 3799 1307 3858 Donato,
1326 3799 1367 3864 qui
1385 3800 1568 3865 opportunitate
1585 3801 1641 3850 data

442 3899 497 3933 eam
520 3882 643 3941 adhibuit,
663 3881 738 3932 veluti
760 3897 833 3946 snpra
856 3886 880 3931 et
905 3882 916 3930 1
937 3884 959 3929 b.
979 3884 1011 3931 st
1034 3882 1122 3945 Quod
1149 3886 1178 3931 te
1195 3897 1248 3947 per
1266 3882 1344 3931 hanc
1362 3884 1537 3941 dexteram
1564 3884 1641 3947 quod

442 3965 628 4032 propterquod,
644 3968 670 4013 nt
688 3964 767 4027 quod
785 3967 815 4011 te
833 3978 886 4028 per
904 3978 1032 4027 superos
1050 3963 1135 4027 (Verg.
1155 3965 1210 4012 hen.
1225 3963 1252 4011 11
1270 3964 1339 4027 141).
1352 3980 1422 4027 quern
1432 3964 1511 4013 locum
1522 3964 1640 4028 Magister

440 4047 554 4097 imitatus
571 4045 752 4096 ceruleas:
771 4045 836 4094 deest
853 4044 890 4093 ob
909 4044 981 4093 nteit
998 4042 1033 4093 ob
1050 4044 1094 4101 id,
1113 4047 1140 4092 nt
1159 4044 1277 4108 Vergilius
1295 4045 1375 4109 quod
1393 4049 1422 4095 te
1438 4061 1493 4111 per
1509 4061 1640 4111 superos

504 4142 564 4176 oro.
600 4126 679 4176 Etiam
706 4128 796 4175 Donato
820 4127 924 4175 dandum
949 4125 1044 4174 videtur
1061 4125 1100 4174 111
1119 4127 1167 4175 3.3
1190 4127 1220 4174 id
1244 4127 1324 4175 riso:
1348 4127 1378 4175 id
1401 4126 1431 4176 ob
1450 4127 1593 4177 id-visc
1610 4129 1638 4176 ad

442 4210 573 4259 videndum
590 4209 667 4257 renio.
702 4208 738 4256 Ad
758 4208 904 4271 Magistrum
921 4208 1044 4257 referenda
1062 4212 1117 4257 sunt
1132 4208 1191 4257 haec
1207 4208 1310 4261 scholia:

478 4291 505 4339 11
524 4292 572 4340 23
597 4291 703 4340 laetus
726 4293 773 4338 est
797 4291 903 4339 nescio
926 4290 998 4354 qnid
1022 4290 1087 4339 deest
1104 4294 1210 4355 propter,
1230 4294 1256 4339 nt
1274 4291 1306 4339 sit
1322 4295 1421 4356 propter
1438 4291 1516 4340 οοοοὶο
1533 4291 1590 4356 quid
1611 4313 1635 4333 =

446 4377 475 4425 V.
497 4374 569 4424 l.22.

479 4457 511 4504 12
528 4454 558 4502 id
578 4456 665 4502 fares
682 4454 745 4502 deest
763 4452 806 4512 ob,
825 4457 852 4502 ut
868 4453 901 4501 sit
917 4452 947 4502 ob
962 4454 994 4502 id.

478 4536 504 4583 11
523 4536 572 4584 22
589 4535 620 4583 id
637 4539 836 4584 succenseat:
854 4534 882 4583 id
900 4542 930 4583 ob
946 4535 970 4583 id
988 4537 1088 4600 propter
1105 4535 1138 4584 id.

479 4616 517 4665 Ill
538 4617 603 4665 219
621 4615 694 4679 quid
712 4616 835 4665 credas?
852 4620 952 4681 propter
969 4616 1026 4680 qnid
1043 4621 1085 4666 ant
1103 4621 1291 4682 propterquam
1309 4634 1360 4668 rem
1379 4621 1420 4667 ant
1439 4618 1565 4681 quomodo.

483 4699 501 4743 V
522 4698 587 4747 222
605 4697 678 4760 quid
698 4696 788 4746 illum
806 4701 931 4748 censes?
947 4698 1006 4760 (scil.
1025 4697 1110 4759 iacere)
1124 4699 1189 4748 dccet
1206 4704 1306 4764 propter
1323 4703 1349 4750 ut
1364 4700 1395 4749 sit
1410 4703 1509 4765 propter
1522 4697 1641 4763 <quid>.

483 4781 510 4842 2)
527 4780 563 4833 Cf.
580 4779 644 4828 infra
660 4779 689 4828 nd
706 4777 741 4827 IV
760 4780 783 4828 l.
793 4781 833 4829 81.
