4525 5950
983 682 1158 732 promens.
1590 661 1654 730 357

462 856 547 918 certe
571 849 686 915 malim
709 870 784 915 cum
807 847 954 914 Beklrero
978 849 1132 913 scribere:
1158 846 1249 923 οὑμὸς
1275 841 1371 924 οἶκος,
1394 846 1449 910 sed
1468 844 1565 930 longe
1584 848 1661 909 sim·

461 957 678 1044 pliciseimum
702 958 781 1021 erit:
806 953 892 1027 iric
918 951 968 1019 ὅδ’
991 949 1081 1026 οἶκος.

509 1177 527 1259 §
556 1174 638 1239 104:
673 1175 699 1239 ol
730 1177 806 1251 γοῦν
838 1173 867 1236 ἐν
900 1173 1064 1251 Μαραθῶνι
1097 1168 1356 1250 παραταξάμενοι
1389 1179 1451 1244 τοῖς
1485 1170 1657 1252 βαρβάροις

463 1283 585 1362 (πρὸς)
617 1280 668 1344 τὸν
700 1279 734 1359 ἐξ
767 1280 893 1354 dadone
926 1287 981 1354 τῆς
1006 1280 1115 1351 Ἀσίας
1141 1278 1228 1347 σόλον
1252 1278 1434 1359 ἐκράτησαν.
1461 1276 1556 1344 Vides
1579 1277 1658 1363 quid

462 1387 627 1454 exciderit.

509 1589 624 1674 §loa
657 1588 831 1654 Oraculum
862 1588 975 1653 datum
1005 1587 1070 1652 fuit
1102 1593 1166 1657 τοῖς
1196 1586 1505 1667 ὦνδρειστοῖτοιι
1531 1597 1656 1651 Λακε-

463 1697 694 1773 δαιμονίοις
728 1697 759 1759 ἒν
791 1703 855 1765 τοῖς
888 1693 1054 1770 ἔμπροσθεν
1085 1692 1201 1772 χρόνοις
1227 1698 1413 1768 πολεμοῦσιν
1437 1694 1509 1770 πρὸς
1534 1703 1660 1766 Meren-

464 1804 559 1880 νῖονι,
584 1807 620 1867 ut
645 1802 707 1866 sibi
731 1800 846 1865 ducem
869 1799 908 1864 ad
928 1798 1051 1865 bellum
1074 1799 1112 1864 ab
1132 1799 1381 1864 Atheniensibus
1401 1805 1556 1885 peterent.
1576 1798 1658 1866 Nota

464 1906 633 1973 historiola
656 1913 721 1983 est,
746 1906 801 1971 sed
824 1903 988 1971 Graecitas
1011 1904 1153 1970 laborat:
1179 1907 1362 1990 scripserim
1387 1904 1577 1970 adverbium
1600 1907 1659 1968 οὶν-

465 2013 709 2091 resalvare,
734 2015 894 2096 expuncto
919 2011 1045 2095 proprio
1069 2008 1391 2075 Lacedaemoniorum
1415 2013 1556 2086 nomine,
1576 2009 1661 2095 quod

462 2118 609 2205 Lycurgi
632 2117 779 2203 aequales
802 2115 888 2182 haud
911 2118 1008 2181 nimis
1030 2115 1178 2181 lubenter
1201 2116 1389 2193 audiebant,
1413 2118 1509 2182 sicuti
1528 2122 1660 2202 apparet

464 2227 482 2310 §
508 2223 582 2289 128.

512 2440 625 2527 §lou
665 2439 849 2507 Secundum
879 2439 1058 2526 Tyrtaeum
1091 2439 1189 2525 longe
1220 2441 1440 2505 miserrimum
1471 2448 1519 2506 est
1548 2440 1656 2506 videre

463 2569 574 2613 senem
598 2550 710 2633 quiin
735 2545 818 2612 bello
842 2547 1009 2612 occubuit:

646 2651 830 2728 αἱματόεντ’
855 2653 956 2717 αἰδοῖα
980 2652 1092 2733 Φίλαις
1117 2651 1147 2714 ἓν
1171 2651 1278 2728 χεροῖν
1302 2649 1428 2729 ἔχοντα.

463 2759 528 2824 Hic
550 2758 718 2824 conferunt
741 2759 930 2841 interpretes
953 2756 1132 2823 Homerum
1156 2758 1190 2820 in
1213 2754 1312 2821 lliade
1338 2767 1361 2820 x
1384 2755 1445 2823 74:

645 2865 721 2927 ἀλλ’
744 2857 795 2926 ὅτε
820 2863 856 2937 δὴ
881 2864 984 2926 πσλιδν
1007 2886 1042 2925 τι
1066 2861 1143 2941 κοὶριι
1167 2861 1273 2925 πολιόν
1296 2886 1329 2925 τε
1355 2863 1480 2940 γένειον,

647 2968 736 3035 atita
762 2972 790 3031 τ’
815 2968 985 3048 αἰσχύνωσι
1010 2967 1095 3039 κύνει
1121 2967 1282 3043 κταμένοιο
1305 2966 1463 3047 γέροντος,

645 3079 734 3138 τοῦτο
759 3074 793 3147 δὴ
818 3073 947 3141 οῖιιτιςον
970 3074 1102 3137 πέλεται
1128 3074 1252 3138 δειλοῖσι
1277 3075 1423 3151 βροτοῖσι.

464 3183 609 3266 itemque
633 3179 747 3265 Odyss.
771 3204 789 3244 σ
811 3178 871 3244 85;

645 3287 689 3357 εἷς
708 3288 847 3366 Ἔχετον
871 3284 1032 3361 βασιλῆα,
1054 3284 1170 3362 βροτῶν
1194 3283 1349 3360 δηλήμονα
1375 3283 1508 3363 πάντων,

645 3389 677 3463 ὅς
701 3394 729 3454 κ’
754 3390 817 3454 ἀπὸ
841 3394 906 3470 ῥῖνα
931 3390 1051 3471 τᾶμρσι
1075 3392 1128 3455 καὶ
1153 3388 1251 3454 οὔατα
1278 3391 1363 3464 νηλέϊ
1384 3393 1497 3470 χαλκῷ

647 3496 748 3572 μήδεά
772 3499 800 3559 τ’
825 3496 969 3575 ἐξερύσας
994 3497 1051 3576 bain
1076 3497 1161 3561 κυσὶν
1184 3498 1255 3572 ὠμοὶ
1279 3496 1444 3562 δάσασθαι.

463 3624 545 3689 quae
576 3604 674 3667 rerba
704 3623 779 3667 cum
810 3623 908 3687 parra
941 3604 1097 3668 varietate
1123 3602 1258 3667 redeunt
1280 3628 1305 3684 χ
1327 3601 1403 3669 475.
1427 3602 1548 3668 Verum
1571 3604 1656 3689 apud

462 3709 641 3795 Tyrtaeum
672 3707 711 3773 de
742 3709 872 3773 canibus
904 3729 1035 3794 prorsus
1066 3707 1159 3773 nihil.
1184 3707 1284 3793 Saepe
1307 3709 1384 3773 haec
1407 3708 1485 3773 dum
1507 3708 1657 3795 legebam

462 3814 646 3878 recordatus
681 3835 755 3877 eum
790 3834 901 3879 eorum
937 3835 1019 3897 quae
1055 3812 1093 3879 de
1128 3814 1252 3879 Davide
1293 3814 1463 3879 traduntur
1500 3816 1515 3878 l
1552 3816 1656 3902 Regg.

463 3918 582 3984 XVlll.
607 3917 669 3984 27:
704 3917 860 3993 ὶτοὶταξεν
886 3921 916 3981 ἐν
940 3927 1000 3989 τοῖς
1026 3922 1218 3998 ἀλλοφύλοις
1244 3921 1352 3984 ἑκατὸν
1376 3918 1486 3998 ἄνδρας
1511 3923 1562 3984 καὶ
1588 3924 1659 3995 οἰνή-

462 4049 555 4101 νεγκε
599 4025 658 4093 τὰς
694 4023 883 4101 οὶαροβνςῖαι
921 4027 1032 4101 αὐτῶν,
1068 4023 1140 4090 coll.
1173 4025 1194 4090 2
1226 4026 1328 4111 Regg.
1361 4025 1419 4090 III.
1446 4025 1496 4090 14.
1531 4026 1657 4092 Fierine

461 4136 567 4216 potest
601 4131 834 4213 antiquissimis
870 4131 1067 4214 temporibus
1098 4136 1135 4194 ut
1167 4130 1253 4195 idem
1285 4152 1354 4196 mos
1385 4134 1418 4194 in
1441 4129 1658 4216 Peloponneso

461 4233 639 4300 invaluerit
670 4240 702 4300 et
726 4255 891 4300 caesorum
914 4235 1059 4299 hostium
1083 4238 1249 4320 praeputia
1273 4235 1464 4301 ducerentur
1487 4240 1521 4301 in
1546 4240 1660 4302 trium-

460 4336 585 4426 phum?
608 4338 671 4406 Sed
694 4341 729 4403 in
753 4338 885 4424 Tyrtaei
910 4342 1089 4425 fragmento
1113 4338 1219 4405 multa
1241 4342 1339 4406 nimis
1362 4342 1494 4407 obscura
1517 4349 1603 4406 sunt.

509 4549 630 4634 §124:
669 4552 694 4615 oi
731 4550 862 4631 πατέρες
899 4552 982 4627 ὑμῶν
1017 4550 1200 4621 πεπονθότες
1237 4547 1285 4616 οἷα
1315 4552 1410 4622 οὐδεὶς
1443 4555 1566 4617 πώποτε
1598 4561 1655 4619 τῶν

459 4657 621 4729 Ἑλλήνων
642 4654 705 4730 alti
713 4681 796 4721 σοι.
818 4656 1022 4722 Postremum
1034 4656 1229 4722 vocabulum
1241 4657 1403 4723 Dobraeus
1416 4661 1528 4724 eiicere
1542 4657 1655 4736 voluit;

460 4761 611 4847 equidem
634 4765 812 4847 cogitaram
835 4762 891 4827 de:
917 4764 1067 4838 ἤλπισε
1090 4783 1193 4846 neque
1216 4782 1253 4827 ea
1277 4770 1324 4828 est
1344 4762 1483 4829 violenta
1503 4768 1655 4842 mutatio,
