4525 5950
779 674 819 719 nn
843 673 988 722 rsonaen
1011 675 1094 722 arun
1118 676 1286 724 nonnanis.
1560 660 1624 726 153

443 841 537 919 θώρηξ
567 846 712 906 occurrat
743 848 798 905 aut
822 861 893 906 eam
916 845 1107 907 seutentiam
1131 843 1207 908 ferri
1231 865 1294 908 non
1317 866 1425 930 posse,
1450 850 1507 912 aut
1530 845 1626 913 aliam

442 954 567 1035 praesto
587 969 654 1013 esee
673 947 919 1032 explicationem
940 948 1193 1033 probabiliorem.
1213 950 1324 1036 Neque
1344 957 1450 1017 tamen
1462 959 1627 1038 propterea

441 1053 657 1120 contenderim
681 1052 749 1117 fieri
773 1074 833 1117 non
857 1074 947 1139 posse
968 1061 1004 1118 ut
1024 1057 1282 1139 antiquissimam
1301 1060 1437 1122 nominis
1456 1062 1525 1123 vim
1543 1068 1627 1125 reete

441 1162 506 1226 fere
526 1159 657 1226 Reichel
688 1159 896 1245 explicaverit
912 1160 944 1240 ¹).
973 1160 1251 1226 verisimillimum
1275 1171 1384 1229 autem
1408 1164 1488 1230 duco
1512 1167 1626 1242 θώρηκα

442 1269 482 1333 ab
509 1270 602 1332 initio
625 1266 707 1331 nihil
731 1266 818 1331 aliud
843 1267 940 1332 fuisse
963 1270 1025 1331 nisi
1049 1271 1196 1334 univerae
1220 1270 1372 1349 vestitam,
1398 1293 1460 1356 quo
1485 1278 1629 1356 tempore

441 1372 562 1438 scilicet
594 1375 698 1437 omnis
729 1375 866 1439 vestitus
897 1394 935 1437 ex
967 1395 1048 1451 nno,
1073 1374 1228 1459 quidquid
1251 1376 1331 1454 fuit,
1357 1385 1514 1443 constaret
1537 1380 1632 1443 vesti·

442 1487 559 1547 mento.
580 1482 691 1566 Neque
710 1483 794 1546 enirn
817 1481 1047 1567 negligendum
1067 1484 1203 1548 arbitror
1221 1483 1306 1568 quod
1325 1483 1404 1549 Ficlr
1424 1506 1454 1549 v.
1469 1485 1498 1550 d.
1519 1507 1631 1573 oogna

443 1594 510 1654 tam
540 1590 669 1673 putavit
681 1586 706 1666 ²)
733 1609 844 1678 ‚vocem
879 1587 1021 1652 Indicam
1046 1588 1168 1666 „dhar”
1192 1592 1213 1654 i.
1228 1611 1254 1654 e.
1276 1612 1389 1670 perere,
1414 1593 1446 1656 et
1469 1590 1559 1657 facile
1582 1594 1629 1657 in-

443 1694 548 1783 telligi
567 1716 677 1760 censeo
691 1701 777 1772 tum,
791 1717 865 1759 cum
879 1697 986 1792 tunica
998 1693 1096 1759 lintea
1108 1694 1252 1760 adhiberi
1264 1703 1375 1782 coepta
1386 1702 1451 1774 est,
1464 1702 1632 1784 praecipue

443 1804 539 1881 hanc,
566 1808 604 1866 ut
627 1804 856 1867 vestimentum
881 1822 954 1887 prae
978 1804 1089 1866 ceteris
1111 1804 1254 1888 insigne,
1279 1810 1403 1888 praeter
1425 1826 1541 1869 nomen
1562 1826 1633 1890 pro·

444 1913 551 1997 prium
583 1908 708 1990 χιτών
741 1911 838 1973 etiam
869 1908 995 1973 audisse
1018 1930 1134 1974 nomen
1158 1916 1323 1975 vetustum
1347 1910 1495 1997 generale
1519 1911 1629 1988 θώρηξ,

444 2018 541 2083 donec
572 2036 682 2080 rursus
711 2017 745 2079 in
769 2016 930 2080 thoracem
953 2020 1087 2081 aeneum
1112 2018 1180 2082 sive
1204 2018 1242 2081 ab
1266 2020 1345 2102 ipsis
1368 2016 1497 2083 Graecia
1520 2020 1629 2083 inven-

444 2131 532 2201 tum,
558 2126 625 2187 sive
648 2123 686 2187 ab
710 2121 781 2187 ahie
800 2124 950 2208 gentibue
969 2130 1135 2207 acceptum
1154 2127 1344 2189 concesserit
1357 2122 1392 2204 3).
1417 2124 1515 2210 quue
1536 2128 1563 2190 si
1582 2106 1629 2190 ita

443 2236 507 2309 est,
540 2229 685 2295 dubitare
708 2228 868 2294 nonlicet
892 2233 967 2314 quin
994 2226 1124 2294 Graecis
1148 2232 1371 2316 antiquissimo
1396 2234 1538 2317 tempore
1561 2253 1629 2297 ver-

444 2339 523 2402 bum
551 2337 706 2412 θωρώσσεηη
732 2335 855 2401 nullam
879 2335 975 2400 aliam
1001 2339 1070 2402 vim
1094 2338 1156 2402 nisi
1180 2337 1326 2401 vestiendi
1348 2339 1505 2403 habuerit.
1532 2338 1632 2404 Vesti-

445 2452 517 2509 tum
551 2450 660 2508 autem
694 2449 771 2507 tunc
806 2443 1010 2508 assumebant
1043 2450 1173 2528 propter
1207 2443 1331 2508 nnllam
1368 2443 1464 2509 aliam
1500 2466 1630 2510 causam

445 2554 568 2636 potius,
601 2570 697 2635 quam
730 2549 769 2613 ad
800 2570 944 2635 pugnam
974 2552 1071 2626 ituri,
1103 2552 1137 2614 in
1167 2548 1325 2635 plerisque
1349 2553 1435 2616 vitae
1457 2551 1632 2617 cotidianae

445 2658 594 2743 operibns
618 2657 694 2721 nudi
708 2655 744 2735 ⁴),
768 2662 863 2741 atque
888 2659 1014 2720 etiamsi
1038 2656 1125 2721 domi
1149 2655 1368 2743 subligaculo,
1393 2662 1449 2722 aut
1471 2657 1510 2722 ad
1529 2658 1632 2744 frigus

444 2762 645 2829 tolerandum
676 2762 758 2848 pelle
789 2763 888 2827 ferina
918 2784 975 2848 pro
1003 2765 1123 2827 amictu
1149 2770 1325 2840 uterentur,
1349 2771 1456 2828 tamen
1480 2766 1577 2829 mitra
1600 2770 1632 2829 et

439 2871 556 2936 ,deinde
586 2873 694 2934 tunica
723 2869 860 2948 lintea⁵)
895 2870 1105 2955 cingebantur
1136 2869 1174 2934 ad
1205 2890 1358 2955 pugnam.
1390 2869 1479 2935 Nihil
1509 2873 1631 2935 mirum

443 2982 547 3067 igitur
570 2983 597 3043 si
620 2980 776 3055 θωρησσειν
801 2978 964 3042 dicebatur
986 2999 1043 3062 pro
1067 2999 1103 3043 eo
1122 2977 1206 3063 quod
1225 2977 1350 3063 plenius
1370 2984 1451 3043 esset
1472 2980 1629 3055 θωρησσειν

446 3089 487 3157 εἷς
513 3087 646 3160 πόλεμον
660 3084 696 3164 ⁰),
720 3088 876 3164 terpsicore
897 3085 1025 3163 τεύχεσι
1047 3084 1098 3150 vel
1118 3087 1172 3149 σὺν
1192 3086 1319 3163 τεύχεσι
1334 3083 1370 3165 7),
1392 3091 1502 3170 sponte
1520 3093 1629 3151 autem

484 3335 507 3398 Ι)
527 3331 614 3381 Robert
638 3330 673 3379 l.l.
696 3348 719 3395 p.
743 3330 774 3377 28
798 3333 861 3378 recta
884 3333 955 3391 negat
977 3330 1028 3377 soci
1049 3327 1123 3394 θώρηξ
1142 3329 1217 3380 inesse
1234 3346 1301 3395 possa
1317 3330 1342 3379 id
1359 3331 1421 3395 quod
1440 3331 1482 3380 ille
1499 3335 1632 3397 nuncupat:

447 3418 531 3468 ‚sinen
547 3412 771 3475 Collectirbegriff’.
788 3415 820 3460 at
837 3426 975 3476 perperam,
992 3413 1075 3470 credo,
1093 3413 1130 3461 sir
1148 3414 1229 3461 doctus
1246 3414 1270 3461 id
1284 3414 1387 3462 voluisse
1403 3413 1518 3463 indicavit
1538 3414 1635 3462 Reiche·

446 3501 520 3556 lium,
539 3513 613 3561 neque
631 3497 682 3555 hic,
699 3495 718 3544 si
737 3493 827 3553 voluit,
845 3499 981 3542 constanter
998 3494 1075 3543 dicere
1094 3495 1187 3559 potuit,
1200 3495 1224 3543 id
1239 3496 1302 3559 qnod
1316 3495 1391 3553 dixit,
1406 3494 1483 3544 serbis
1500 3492 1635 3553 θθπλρρς

447 3581 523 3645 θώρηξ
540 3579 667 3643 significari
685 3578 788 3627 balteum
805 3580 830 3625 et
846 3577 955 3634 mitram,
974 3577 1027 3625 side
1043 3593 1115 3641 snpra
1132 3594 1155 3642 p.
1175 3577 1231 3626 120.

482 3666 509 3727 2)
529 3660 688 3710 Wdrterbuoh
708 3660 750 3707 der
766 3659 1006 3724 Indcgermanischen
1023 3661 1151 3724 Spracben.

481 3748 508 3810 3)
533 3746 615 3808 Neque
641 3747 720 3792 umen
745 3743 771 3790 in
797 3741 885 3789 tunicis
908 3741 988 3789 linteis
1011 3742 1171 3805 significandis
1195 3757 1291 3807 prorsus
1314 3741 1428 3799 exolevit;
1454 3757 1509 3790 nam
1531 3758 1574 3791 cur
1597 3742 1635 3792 vel

447 3829 543 3879 Aiacem
567 3826 655 3883 3373,
681 3823 717 3872 sel
740 3824 868 3887 Amphiona
892 3824 973 3870 3830
996 3828 1065 3887 poeta
1083 3822 1249 3883 λινοθώρηηα
1266 3824 1408 3888 appellarit,
1425 3823 1471 3872 nisi
1489 3823 1539 3871 sius
1557 3828 1633 3874 aetate

445 3911 519 3961 stiam
532 3906 669 3957 thoracibus
680 3906 759 3954 asneis
769 3909 893 3954 uterentur
902 3904 1026 3953 homines?
1040 3921 1083 3955 cur
1092 3904 1198 3969 alioquin
1214 3902 1391 3966 λινοθώρηηες
1405 3906 1540 3954 dicerentur
1549 3906 1633 3970 Argivi

446 3995 472 4042 iu
496 3991 591 4040 oraculo
609 3991 656 4038 vu⁰
676 3989 724 4037 iere
742 4004 762 4037 a.
781 3987 837 4036 (ihr.
856 4003 879 4035 n.
898 3987 990 4036 saeculo
1007 3987 1148 4051 divulgato?
1167 3990 1200 4037 lie
1217 3988 1297 4036 Alcaei
1313 3993 1392 4037 autam
1410 3988 1556 4052 temporibus
1572 4004 1633 4038 eom·

448 4074 603 4124 memorantis
627 4070 735 4132 θώρακας
760 4068 803 4119 sie
828 4066 884 4117 λινώ
909 4070 998 4133 (Bergk
1022 4071 1051 4118 ir.
1070 4071 1110 4132 lt)
1132 4074 1157 4118 et
1179 4069 1322 4135 Iphicratis,
1343 4087 1414 4135 quem
1437 4072 1517 4135 Nepos
1534 4071 1635 4120 tradidit

447 4158 507 4219 (sita
529 4156 583 4220 lph.
606 4158 657 4216 Η)
683 4153 797 4202 militibus
823 4154 872 4201 suia
896 4152 981 4202 linteos
1004 4153 1093 4201 dedisse
1116 4152 1237 4212 thoraces,
1262 4169 1291 4202 ns
1313 4153 1384 4202 serbo
1405 4153 1501 4217 quidem
1524 4169 1583 4218 opus
1599 4159 1636 4203 est

448 4240 514 4301 (vids
531 4254 602 4302 supra
621 4254 643 4302 p.
663 4237 727 4298 108).
821 4282 832 4298 ,

482 4326 509 4385 4)
528 4321 598 4385 Quod
615 4335 712 4368 cernere
730 4319 786 4367 licet
804 4318 828 4367 in
847 4318 990 4381 imaginibus
1006 4322 1216 4368 monumentorum
1235 4319 1429 4383 Mycenaeorum.
1448 4319 1503 4367 Non
1522 4334 1577 4368 raro
1595 4318 1639 4368 mi·

449 4406 504 4455 lites
522 4418 615 4468 quoqne
632 4403 658 4450 in
675 4402 709 4450 eis
725 4405 891 4467 proponuntur
908 4402 976 4459 nudi,
996 4401 1051 4460 alii,
1070 4402 1207 4466 ceteroquin
1224 4402 1295 4460 nudi,
1314 4402 1386 4451 mitra
1402 4401 1488 4460 cincti,
1506 4402 1548 4450 alii
1564 4401 1637 4451 mitra

449 4491 473 4536 st
491 4484 645 4549 subligaculo.

484 4571 508 4629 5)
530 4568 608 4631 Vulgo
631 4566 704 4615 mitra
726 4565 798 4615 simul
822 4568 847 4613 st
870 4564 951 4614 tunioa
972 4564 1098 4614 bellatores
1114 4565 1211 4615 indutos
1230 4565 1319 4625 mbae,
1336 4566 1390 4616 inda
1407 4570 1487 4632 patet,
1505 4567 1568 4630 quod
1585 4582 1639 4617 cnm

449 4651 552 4714 quadarn
570 4647 676 4713 emphasi
694 4647 785 4695 sodales
802 4647 944 4712 Sarpedonis
961 4647 1043 4696 nala
1062 4648 1174 4697 dicuntur
1191 4646 1399 4711 ἀμιτροχίτωνας.

485 4734 511 4794 6)
531 4732 568 4780 lta
586 4730 675 4788 Α333,
693 4729 777 4788 Elii,
796 4728 883 4787 Θ373,
902 4730 959 4787 388,
976 4730 1045 4789 ltili,
1064 4731 1134 4779 Τ33.

487 4814 514 4879 7)
532 4812 619 4871 0376,
638 4814 694 4871 330,
712 4812 786 4870 Mb,
805 4810 862 4870 733,
879 4811 953 4871 uti,
969 4813 1043 4871 1140,
1062 4813 1178 4877 lbtisqq„
1191 4812 1273 4872 2277,
1291 4813 1347 4873 303,
1362 4814 1452 4876 xlta.
1465 4814 1536 4878 Quod
1544 4812 1634 4864 Rebsrt
