4525 5950
958 699 1113 748 DONA'I'US.

489 868 520 934 3.
544 868 639 935 Venit
662 865 836 933 meditatus
861 863 1006 930 alicunde
1030 886 1069 929 ex
1092 863 1160 929 solo
1183 862 1270 930 loco:

487 975 672 1040 Orationem
695 979 801 1059 sperat
823 974 983 1037 invenisse
1006 991 1038 1036 se

488 1082 583 1148 Don:
617 1080 725 1158 „solo”
759 1080 898 1155 deserto,
931 1078 986 1142 ubi
1016 1077 1167 1143 meditari
1196 1076 1323 1142 facilius
1346 1080 1456 1162 possit.
1484 1075 1631 1141 -Dein

436 1190 517 1255 haec
541 1197 736 1274 sequuntur:
762 1195 794 1253 et
819 1184 1034 1263 „orationem”
1060 1184 1159 1262 dixit,
1191 1183 1275 1269 quod
1307 1187 1397 1270 quasi
1428 1184 1466 1248 ad
1499 1182 1630 1269 plenum

436 1299 576 1384 cogitari
598 1297 773 1382 potuisset,
798 1296 917 1378 quippe
938 1290 1134 1368 „meditatus
1152 1290 1298 1356 alicunde
1317 1311 1355 1356 er
1376 1289 1446 1356 solo
1464 1288 1568 1354 loco’'.
1588 1325 1629 1338 -·

437 1402 615 1469 Menander
638 1403 786 1478 εὑρετικὸν
812 1396 890 1464 εἷναί
913 1408 994 1476 <boor
1020 1423 1048 1462 κ.
1062 1422 1090 1463 τ.
1105 1412 1135 1462 λ.

483 1509 691 1595 interpolatio
731 1506 858 1572 lineolis
899 1504 1039 1582 incluse,
1079 1525 1177 1590 quam
1213 1503 1420 1590 deprehendit
1455 1503 1625 1570 Sabbadini

434 1616 484 1699 (Il
508 1617 573 1698 14),
596 1614 786 1701 philosopho
810 1613 917 1679 deberi
941 1611 1080 1676 videtur.

483 1785 531 1851 Ill
556 1786 585 1850 l.
601 1785 652 1850 12.
678 1783 739 1849 Vix
763 1782 891 1849 tandem
917 1784 1001 1846 senei
1025 1780 1172 1846 stolidus.

487 1893 593 1958 Etiam
618 1891 761 1956 Donatus
783 1908 1024 1972 nonnumquam
1049 1886 1304 1973 philosophatur,
1329 1886 1383 1952 sed
1403 1893 1579 1972 opportune
1599 1894 1631 1952 et

439 2019 534 2075 vere,
557 2004 595 2063 ut
618 1997 649 2062 h.
671 1996 692 2062 l.
717 1999 750 2060 in
774 1993 895 2060 scholio
920 1996 1041 2079 primo:

487 2103 623 2169 Pulchro
655 2102 757 2168 colors
790 2104 877 2167 vitae
905 2099 1037 2165 inducto
1066 2105 1160 2184 poeta
1183 2099 1321 2165 ostendit
1343 2121 1406 2165 non
1431 2102 1538 2164 minus
1561 2097 1631 2164 falli

436 2316 565 2383 fallacia
587 2316 726 2393 videtur,
751 2314 830 2380 dum
853 2317 951 2378 nimis
974 2320 1023 2379 est
1042 2321 1155 2378 acutus
1175 2333 1211 2378 ao
1231 2316 1404 2399 perspicax.
1430 2313 1471 2378 Dt
1489 2313 1549 2378 hoo
1569 2320 1628 2390 est,

438 2423 526 2510 quod
556 2425 594 2488 ab
626 2429 744 2487 eventu
774 2420 870 2507 fingit
902 2427 995 2506 poeta
1018 2419 1099 2500 (scil.
1125 2418 1289 2485 Simonem
1312 2423 1409 2485 nimis
1429 2428 1560 2486 acutum
1583 2423 1628 2485 sio

436 2529 538 2609 saltu
572 2551 633 2594 non
665 2532 751 2594 enim
774 2531 807 2592 in
832 2526 922 2593 Davo
945 2534 994 2593 est
1017 2530 1062 2592 sic
1085 2548 1190 2592 errare
1212 2548 1295 2592 nunc
1319 2548 1428 2592 senem
1451 2531 1486 2608 (i.
1512 2549 1539 2592 o.
1564 2549 1627 2592 non

436 2636 523 2700 Davi
546 2637 666 2700 astutia
689 2634 810 2700 factum
835 2641 899 2710 est,
925 2640 962 2698 nt
985 2636 1029 2698 sio
1053 2640 1195 2714 erraret).

484 2741 669 2826 Sequuntur
692 2749 800 2806 autem
824 2743 965 2825 quinque
989 2738 1107 2805 scholia
1129 2742 1214 2804 inter
1237 2761 1270 2804 se
1292 2743 1369 2804 satis
1392 2739 1529 2817 similia,
1555 2761 1627 2826 quo·

434 2870 512 2915 rum
545 2848 564 2912 3
594 2854 626 2913 et
658 2848 677 2911 4
710 2847 892 2912 dubitanter
923 2847 1046 2912 Donato
1079 2846 1238 2925 dederim,
1272 2847 1289 2911 1
1316 2852 1348 2912 et
1373 2846 1392 2910 5
1417 2845 1628 2932 Philosopho,

434 2959 494 3043 qui
527 2954 616 3020 illius
651 2954 869 3021 adnotationes
904 2956 971 3019 suis
1005 2956 1264 3040 circumsaepsit,
1295 2954 1381 3019 huno
1411 2956 1443 3019 in
1474 2953 1626 3019 modum:

434 3063 537 3129 Don:
568 3061 615 3141 (3)
650 3060 784 3139 „Sensi”
809 3064 900 3146 quasi
925 3060 964 3126 ad
989 3067 1113 3125 tactum
1136 3058 1281 3138 rettulit,
1306 3082 1369 3146 quo
1393 3063 1490 3126 etiam
1514 3081 1626 3146 pecora

432 3167 650 3254 impelluntur
680 3166 720 3233 ad
751 3188 890 3232 sensum.
924 3167 972 3251 (4)
1004 3165 1137 3232 Duabus
1166 3188 1243 3254 ergo
1273 3167 1369 3232 rebus
1399 3169 1534 3232 scimus:
1567 3174 1624 3232 aut

436 3277 681 3341 ratiocinatione
716 3281 772 3338 aut
807 3295 918 3351 sensu,
954 3274 1070 3358 quibus
1102 3275 1244 3339 maxime
1280 3281 1478 3359 praestamus
1512 3277 1625 3340 ceteris

437 3382 643 3448 animalibus.

486 3488 570 3553 Phil.
605 3488 771 3573 praemisit
801 3485 907 3551 locum
939 3506 1143 3550 communem
1173 3485 1211 3551 de
1242 3487 1402 3563 sensibus,
1432 3493 1469 3552 ut
1493 3508 1589 3573 supra
1613 3486 1628 3550 1

444 3592 515 3658 l.3
546 3594 584 3658 de
616 3593 808 3668 virtutibus,
841 3613 915 3657 cum
946 3590 1093 3676 exemplo
1121 3595 1323 3678 ineptissimo
1346 3592 1438 3658 etde
1461 3593 1628 3679 pecoribus

435 3699 537 3766 stulte
568 3698 749 3764 aemulatus
782 3697 961 3763 Donatum:
995 3697 1044 3777 (2)
1068 3697 1215 3785 Quinque
1239 3706 1314 3763 sunt
1338 3721 1466 3776 sensus,
1491 3721 1629 3786 quorum

435 3808 518 3883 duo,
550 3810 658 3871 visum
689 3812 720 3869 et
751 3804 915 3883 auditum,
949 3807 1054 3891 magis
1083 3826 1141 3870 noe
1165 3805 1330 3870 sensibiles
1355 3806 1509 3872 habemus
1531 3785 1628 3893 quam

435 3934 559 4000 pecora.
592 3909 728 3990 Unde(!)
759 3908 887 3977 Cicero:
917 3933 979 3976 non
1003 3910 1107 3976 solum
1131 3912 1274 3989 videam,
1299 3912 1353 3977 sed
1378 3915 1475 3978 etiam
1498 3913 1628 3979 audiam

433 4020 594 4106 planeque
626 4020 764 4082 sentiam
795 4014 878 4096 (Cat.
907 4017 935 4081 1.
950 4016 994 4097 8).
1075 4016 1164 4083 Idem
1196 4018 1363 4084 subiunxit
1394 4017 1628 4085 conclusionem

436 4147 531 4191 suam
561 4146 599 4189 ox
632 4123 748 4188 Donati
780 4121 902 4188 scholio
934 4123 999 4203 (4):
1030 4122 1118 4209 Ergo
1149 4145 1244 4189 senex
1275 4145 1307 4191 eo
1339 4147 1403 4190 non
1433 4146 1544 4201 sensu,
1566 4148 1628 4192 uon

434 4235 559 4297 ratione
589 4232 724 4295 sensisse
755 4231 817 4307 ait,
850 4229 904 4294 sed
935 4228 1040 4294 veluti
1064 4228 1238 4295 calcaribus
1261 4237 1293 4296 et
1316 4230 1458 4296 stimulis
1481 4231 1564 4312 (soil.
1589 4238 1627 4297 nt

434 4341 510 4424 equi
541 4344 572 4403 ot
603 4341 747 4401 armenta
757 4332 779 4414 l)
802 4348 969 4420 punctum.

485 4444 519 4507 In
542 4444 602 4507 hoo
624 4450 784 4527 postremo
808 4440 928 4506 scholio
952 4444 1049 4506 nimis
1073 4440 1196 4507 delirat.

482 4596 527 4661 ΙΙΙ
550 4596 581 4661 2.
598 4594 650 4659 30.
675 4593 831 4680 Drempla
853 4592 1037 4681 Vergiliana
1059 4615 1078 4659 a
1101 4593 1267 4660 Wessnero
1286 4602 1371 4660 recte
1390 4592 1554 4660 inclinatis
1574 4593 1626 4660 lit.

432 4706 512 4768 teris
536 4701 657 4767 reddita
676 4718 699 4765 ¹a
721 4699 911 4791 philosopho
934 4700 1105 4766 derivanda
1130 4701 1290 4778 videntur,
1315 4722 1415 4786 aquo
1433 4704 1500 4766 iam
1519 4701 1626 4768 multa

431 4807 581 4892 exempla
604 4816 724 4872 temere
746 4805 854 4871 addita
878 4809 1100 4892 eognovimus.
