4525 5950
1070 682 1223 730 sonoros.
1682 664 1742 728 151

547 851 675 933 potitur
694 848 835 932 epistula
855 869 928 912 cnm
948 847 1098 934 symbolo
1118 850 1285 913 ethorum
1307 869 1401 932 opera
1421 869 1495 911 mox
1516 848 1604 912 nullo
1619 853 1746 934 negotio

549 975 607 1038 per
627 954 782 1031 Simiam,
804 956 860 1037 qui
880 961 1011 1019 versuta
1031 956 1151 1019 astutia
1171 975 1246 1018 enm
1268 961 1397 1038 superat
1417 952 1498 1030 (932
1512 976 1556 1038 sq.
1573 954 1660 1018 1018
1673 963 1744 1039 sq),

548 1058 698 1123 muliere.

594 1166 797 1250 Quamquam
838 1173 948 1231 autem
989 1164 1141 1231 Pseudoli
1178 1186 1272 1250 opera
1305 1168 1339 1229 in
1374 1165 1538 1230 liberanda
1573 1166 1744 1232 Phoenicio

545 1275 714 1337 iactationi
745 1275 814 1336 sius
846 1275 1034 1357 nentiquam
1059 1272 1247 1356 respondet,
1272 1275 1328 1356 qui
1352 1271 1388 1335 fit
1412 1277 1448 1334 ut
1471 1272 1637 1336 hominem
1662 1273 1744 1336 nibi-

546 1377 690 1442 lominus
723 1377 919 1443 admiremur
949 1386 982 1442 st
1011 1377 1319 1462 nullum-temporis
1343 1384 1545 1441 momentum
1571 1398 1688 1443 vanum
1711 1387 1743 1443 et

547 1483 798 1570 magniloquum
832 1483 1013 1548 Bucconem
1048 1505 1106 1568 pro
1141 1482 1299 1548 Pseudolo
1330 1504 1387 1547 nos
1418 1483 1529 1548 audire
1553 1481 1743 1568 opinemur?

546 1589 691 1653 Debetur
722 1589 782 1653 boo
811 1609 926 1674 graeco
957 1597 1087 1674 poetae,
1120 1592 1176 1674 qni
1208 1588 1357 1673 prudenti
1389 1595 1456 1653 arte
1480 1591 1549 1653 eius
1572 1590 1687 1674 agendi
1710 1597 1743 1655 et

545 1694 673 1759 dicendi
708 1698 866 1760 rationem
900 1698 947 1760 ita
981 1696 1239 1772 administravit,
1276 1702 1312 1758 ut
1342 1715 1507 1779 nunqnam
1540 1695 1741 1773 dubitemus,

545 1804 623 1885 quin
656 1800 742 1885 quod
773 1800 943 1884 pollicetur
974 1804 1072 1865 etiam
1104 1803 1206 1885 possit
1228 1799 1386 1885 perficere.
1414 1797 1497 1866 Cum
1520 1803 1625 1885 igitur
1647 1803 1741 1865 initio

546 1909 647 1971 Actus
670 1905 700 1970 lI
730 1927 768 1971 ex
794 1906 1002 1971 meditatione
1025 1909 1059 1970 iu
1082 1892 1211 1971 scenam
1234 1906 1317 1971 redit
1341 1913 1374 1969 et
1398 1909 1598 1990 anapaestico
1622 1906 1741 1970 saltans

542 2012 720 2098 gloriatur:
754 2012 837 2089 „Pro
870 2011 1025 2097 Iuppiter,
1058 2013 1096 2076 rit
1128 2012 1210 2075 mibi
1243 2011 1396 2097 quicquid
1421 2012 1482 2097 ago
1506 2011 1611 2096 lepide
1633 2012 1741 2077 omnia

545 2118 778 2202 „prospereque
798 2117 967 2183 eveniunt:
988 2138 1089 2201 neque
1111 2117 1194 2202 qndd
1214 2117 1358 2182 dubitem
1380 2137 1483 2201 neque
1503 2117 1587 2201 quod
1608 2119 1740 2183 timeam

520 2243 640 2305 ‚„meo
660 2225 692 2286 in
712 2223 838 2308 pectore
857 2223 1054 2288 cdnditumet
1073 2222 1265 2287 cbnsilirim'’
1287 2244 1314 2287 e.
1329 2245 1358 2307 q.
1372 2244 1409 2299 s,
1431 2225 1509 2286 certi
1530 2244 1643 2287 snmus
1662 2224 1740 2301 fore,

544 2338 580 2392 nt
607 2350 682 2393 mox
705 2328 814 2394 efficax
838 2328 1009 2394 consilinm
1033 2334 1170 2413 promat.
1194 2330 1238 2392 At
1261 2328 1373 2412 quidni
1393 2325 1535 2413 promit?
1556 2328 1741 2407 (16166616-

544 2454 644 2517 quam
668 2433 810 2498 facturus
833 2437 893 2511 sit,
917 2436 1091 2499 intervenit
1115 2433 1257 2519 Harpax,
1281 2437 1373 2498 ouius
1395 2433 1536 2497 adventu
1559 2455 1740 2518 perunum

541 2539 750 2603 mendacium
770 2546 947 2624 opportune
967 2539 1148 2604 adhibitum
1169 2538 1258 2603 nulla
1277 2539 1342 2603 fere
1362 2559 1457 2623 opera
1475 2537 1597 2602 lenonis
1617 2541 1739 2603 eversio

543 2644 777 2729 pedetemptim
802 2653 1053 2709 consummatur.
1079 2644 1131 2709 Sic
1155 2646 1260 2730 igitur
1283 2646 1483 2728 sagacissimi
1508 2644 1648 2708 bominis
1672 2665 1740 2728 per·

540 2748 636 2813 fidiae
659 2756 693 2814 st
714 2750 858 2816 fallaciae
881 2749 1005 2815 nullius
1028 2753 1124 2835 pretii
1147 2756 1223 2814 snut
1247 2770 1321 2834 prae
1341 2749 1552 2813 Fortunae
1571 2755 1737 2832 potestate,

540 2877 641 2940 quam
675 2854 764 2921 deam
797 2857 989 2942 dignissimo
1019 2858 1161 2933 cantico,
1196 2858 1288 2920 cuius
1318 2857 1473 2940 gravitati
1505 2857 1737 2919 sententiarum

541 2960 715 3045 respondet
739 2968 878 3028 metrum
905 2962 1122 3040 trochaicum,
1147 2961 1290 3027 modeste
1314 2959 1467 3036 celebrat,
1494 2957 1577 3024 672:

587 3068 651 3133 Hic
674 3068 741 3133 doli
763 3070 814 3133 hic
840 3068 983 3134 fallaciae
1008 3089 1136 3145 omnes,
1161 3068 1213 3132 hic
1236 3072 1313 3130 sunt
1336 3066 1582 3151 sycophantiae,

587 3174 652 3239 Hic
676 3183 861 3260 argentum,
886 3175 938 3240 hic
961 3178 1063 3239 amica
1087 3176 1207 3238 amanti
1232 3171 1305 3237 erili
1327 3171 1404 3236 lilio.

586 3288 694 3366 Atque
717 3302 778 3367 ego
801 3303 886 3346 nuno
908 3302 960 3345 me
984 3287 1021 3344 ut
1044 3278 1223 3365 gloriosum
1247 3279 1361 3342 seciam
1382 3284 1414 3341 et
1433 3280 1503 3362 copi
1523 3284 1667 3362 pectore:

587 3385 753 3464 Quomodo
773 3389 910 3471 quicque
930 3406 1068 3472 agerem,
1090 3391 1126 3448 ut
1146 3384 1254 3449 lenoni
1273 3404 1477 3467 surrnperem
1498 3381 1735 3459 mulierculam,

585 3490 655 3555 lam
678 3494 844 3569 instituta,
870 3501 981 3556 ornata
1004 3498 1118 3555 cuncta
1141 3492 1174 3552 in
1195 3488 1323 3565 ordine,
1345 3491 1452 3551 animo
1473 3498 1510 3551 ut
1530 3487 1711 3564 volueram,

585 3595 696 3673 Certo,
721 3596 896 3662 deformata
919 3597 1086 3661 habebam.
1111 3594 1173 3659 Sed
1198 3595 1337 3679 profecto
1362 3594 1420 3657 boo
1444 3595 1488 3657 sic
1512 3596 1590 3657 erit:

585 3699 724 3767 Centum
750 3702 880 3768 doctum
905 3703 1073 3767 hominum
1098 3699 1231 3765 consilia
1249 3699 1317 3764 sola
1339 3700 1416 3764 haec
1439 3698 1580 3763 devincit
1603 3697 1669 3763 dea.

538 3813 573 3872 et
600 3806 665 3871 682
678 3829 744 3892 sqq.

583 3911 684 3977 Stulti
707 3913 892 3978 hauscimus
915 3912 1034 3976 frustra
1056 3918 1094 3975 nt
1117 3914 1236 3988 simus,
1262 3932 1359 3995 qnom
1384 3910 1460 3995 qnid
1481 3911 1646 3994 cupienter
1666 3909 1734 3973 dari

585 4018 732 4082 Petimus
755 4017 863 4082 nobis:
889 4019 980 4101 quasi
1004 4016 1081 4101 quid
1104 4019 1138 4080 in
1162 4037 1231 4080 rem
1255 4018 1297 4078 sit
1321 4018 1480 4101 possimus
1504 4034 1640 4079 noscere.

590 4121 685 4189 Certa
707 4126 890 4200 mittimus,
914 4122 991 4187 dnm
1014 4125 1137 4187 incerta
1159 4125 1309 4207 petimus.
1336 4124 1440 4205 Atque
1466 4121 1524 4185 boc
1546 4123 1654 4186 evenit

583 4228 618 4292 ln
642 4229 750 4294 labore
774 4235 871 4312 atque
893 4230 928 4292 in
952 4227 1076 4305 dolore,
1104 4234 1141 4291 ut
1165 4248 1252 4292 mors
1276 4227 1407 4311 obrepat
1430 4229 1571 4291 interim.

536 4334 602 4399 Hic
632 4338 737 4421 igitur
769 4354 880 4398 vocem
910 4333 1073 4398 comoedia
1104 4332 1192 4397 tollit
1223 4348 1255 4396 et
1285 4331 1504 4417 philosophiae
1534 4332 1570 4395 fit
1593 4332 1731 4398 aemule.

532 4443 752 4525 Agnoscimus
776 4440 827 4503 hic
847 4441 999 4523 spiritum
1021 4436 1137 4503 Graiae
1157 4436 1315 4504 Camenae
1335 4459 1415 4522 quae
1435 4441 1468 4502 in
1489 4438 1547 4503 hac
1567 4438 1731 4503 comoedia

529 4568 594 4610 non
626 4547 685 4611 hoo
716 4547 885 4630 praecipue
915 4546 1091 4628 spectavit,
1124 4551 1161 4607 ut
1193 4543 1367 4607 oblectaret
1398 4542 1577 4627 spectaculo
1608 4542 1730 4608 lenonis

531 4652 659 4735 decepti
699 4672 755 4735 per
794 4650 1030 4715 astutissimnm
1070 4652 1286 4735 mancipium,
1331 4648 1385 4713 sed
1426 4657 1463 4712 ut
1505 4656 1578 4714 ante
1620 4649 1729 4715 oculos
