4525 5950
644 696 709 761 192
978 713 1022 760 ne
1042 712 1192 760 monce
1214 714 1299 759 artu
1321 713 1489 761 som

638 881 718 946 alioe
752 881 930 945 tboraoetos
961 879 1039 944 alioe
1062 901 1082 943 a
1103 880 1286 943 thoracibus
1308 882 1413 943 aeone
1436 879 1539 943 nudos
1563 885 1704 966 proponi
1726 883 1769 944 ab
1792 903 1840 945 eo

641 987 716 1052 dem
747 993 840 1072 poeta
871 1023 914 1035 -
944 989 1007 1049 nisi
1036 985 1097 1050 hoc
1127 1001 1184 1048 aut
1214 1006 1288 1048 eum
1320 984 1428 1069 aliqua
1457 985 1606 1070 emphasi
1631 998 1770 1050 notam
1791 998 1838 1066 (ut

642 1093 746 1158 3529
770 1097 851 1157 Aiax
874 1092 956 1157 Oilei
979 1090 1085 1167 filius,
1108 1090 1176 1155 830
1199 1091 1359 1176 Amphius
1379 1091 1544 1154 Percosius
1564 1091 1733 1169 λωίάμξ
1751 1113 1839 1157 voca

641 1212 719 1277 tur),
739 1216 796 1264 aut
814 1221 890 1263 arcu
909 1202 1100 1285 sagittisque
1118 1196 1170 1262 illi
1189 1202 1237 1261 uti
1259 1197 1426 1284 finguntur
1442 1237 1484 1246 -
1504 1199 1696 1283 negandum
1715 1220 1838 1264 censeo

640 1305 753 1392 ltaque
771 1310 805 1370 in
823 1327 861 1370 eo
879 1309 1053 1369 certamine
1072 1305 1111 1369 de
1131 1304 1279 1369 Patroclo
1299 1327 1360 1368 non
1380 1303 1476 1368 aliter
1490 1326 1589 1389 quam
1602 1300 1840 1392 de'Sarpcdonc

639 1412 847 1477 iudicandum
871 1411 1008 1476 ridetur.
1036 1410 1122 1475 Tum
1146 1411 1328 1476 thoracibus
1350 1415 1455 1475 aeneis
1477 1428 1562 1475 caret
1587 1411 1753 1476 Penelcus
1775 1413 1839 1476 dux

640 1517 837 1584 Boeotorum
874 1528 902 1582 n
930 1517 997 1582 337
1016 1539 1063 1602 sq.
1094 1518 1149 1581 (cf.
1181 1538 1277 1602 supra
1307 1539 1338 1602 p.
1372 1517 1467 1593 175),
1497 1516 1622 1581 Hector
1652 1517 1838 1584 sos-463

640 1625 694 1689 tct'.
718 1645 815 1709 supra
837 1646 868 1708 p.
890 1624 979 1701 171),
1002 1623 1163 1688 Meriones
1183 1622 1249 1688 609
1266 1645 1333 1708 sqq.
1361 1624 1415 1699 (cf.
1434 1645 1530 1708 supra
1549 1646 1581 1709 p.
1606 1623 1674 1688 17³
1682 1654 1701 1701 ι,
1730 1629 1838 1711 itaque

640 1734 738 1797 mmm
768 1735 891 1795 Aeneas
921 1752 941 1794 a
970 1751 1035 1815 quo
1056 1729 1113 1795 ille
1137 1734 1259 1816 petitur
1282 1729 1359 1805 608,
1385 1729 1552 1795 Patroclus
1574 1735 1634 1815 qui
1658 1752 1741 1796 enm
1766 1731 1838 1797 allo

640 1840 752 1922 quitur
775 1858 822 1900 rs.
842 1835 1007 1922 626sqq.;
1032 1858 1125 1921 porro
1151 1841 1231 1901 Aiax
1256 1834 1472 1900 elea-139
1497 1836 1550 1913 (ct
1574 1858 1676 1921 snpra
1701 1860 1736 1923 p.
1752 1839 1838 1915 172),

639 1942 762 2007 Hector
782 1954 816 2008 et
837 1948 960 2008 Δουω
984 1942 1052 2006 492
1073 1944 1127 2013 (cs.
1152 1965 1249 2029 supra
1274 1966 1304 2029 p.
1328 1943 1417 2021 171),
1440 1946 1557 2007 Arctus
1577 1943 1647 2007 519
1671 1946 1839 2031 (εἰωρη

639 2071 671 2134 p.
696 2049 784 2127 177),
807 2052 863 2134 qui
884 2071 959 2113 cum
983 2049 1124 2122 tanede:
1148 2048 1273 2114 dicatur
1296 2047 1363 2113 493
1386 2049 1569 2113 (manifesto
1590 2062 1711 2115 autem
1734 2052 1840 2117 nohas

638 2166 710 2221 rent
740 2155 934 2235 ass-542)
964 2155 1004 2219 ad
1036 2159 1194 2241 principes
1226 2155 1409 2220 referendus
1438 2163 1504 2232 αἱ,
1537 2157 1753 2223 Automedon
1777 2157 1838 2223 527

639 2263 692 2341 (ct
717 2285 814 2348 supra
839 2285 868 2347 p.
896 2261 984 2340 171).
1007 2261 1133 2327 Omitto
1154 2262 1241 2327 locos
1263 2266 1321 2348 qui
1344 2276 1400 2327 aut
1424 2266 1532 2326 minus
1555 2267 1638 2327 certi
1662 2274 1765 2343 sunt,
1787 2274 1838 2331 aut

639 2371 696 2435 ubi
728 2370 850 2435 milites
878 2390 1070 2445 enumero,
1101 2390 1163 2433 non
1187 2373 1346 2454 principes
1369 2390 1388 2433 a
1411 2369 1593 2433 thoracibus
1619 2371 1704 2435 nudi
1731 2394 1839 2458 prope

639 2486 770 2540 nuntnr.
794 2475 856 2542 Sed
879 2476 970 2541 locus
995 2475 1172 2560 2192sq„
1195 2479 1356 2560 ceterique
1379 2475 1441 2539 loci
1464 2496 1544 2561 quos
1567 2482 1743 2553 recensui,
1768 2501 1838 2545 cum

638 2592 820 2669 repugnent
854 2580 1001 2647 Patroclo
1035 2583 1164 2646 thorace
1198 2588 1295 2646 aeneo
1329 2583 1461 2659 induto,
1496 2589 1551 2646 aut
1586 2589 1791 2651 restiterunt
1821 2607 1836 2651 e

638 2687 804 2754 Patrocles
823 2710 904 2774 quae
923 2689 1088 2753 thoracum
1108 2694 1280 2753 aeneorum
1299 2710 1394 2752 usum
1416 2711 1477 2754 non
1489 2689 1638 2766 haberet,
1652 2704 1715 2756 aut
1728 2695 1837 2758 inserti

639 2804 725 2860 sunt.
756 2799 800 2860 At
831 2817 941 2860 omues
971 2794 1044 2859 illos
1074 2794 1159 2860 locos
1189 2797 1346 2859 insiticios
1377 2817 1446 2860 usse
1476 2798 1612 2860 minime
1637 2799 1837 2874 verisimile,

585 2959 586 2962 ,
639 2904 826 2988 praesertim
849 2922 924 2966 cum
948 2911 970 2964 Ρ
990 2900 1171 2964 toa-542
1187 2902 1221 2980 ¹),
1246 2911 1273 2965 Σ
1296 2900 1361 2965 192
1381 2924 1426 2988 sq.
1451 2904 1673 2988 antiquissimi
1700 2927 1777 2972 oese
1798 2909 1837 2970 ri

639 3008 783 3073 deantur.
809 3007 891 3087 Quid
916 3006 1047 3072 autem?
1068 3006 1230 3074 Credibile
1253 3023 1300 3071 cst
1324 3013 1455 3095 eosqui
1479 3014 1610 3074 inventa
1636 3033 1699 3076 sua
1726 3018 1837 3079 insere

637 3123 709 3180 rent
742 3118 876 3179 carmini
907 3115 991 3200 quod
1025 3114 1209 3180 Patroclum
1241 3116 1441 3180 thoracatum
1474 3116 1622 3192 haberet,
1656 3140 1741 3183 eum
1773 3141 1836 3206 pro

637 3224 782 3307 posuisse
811 3242 830 3285 a
861 3221 988 3285 thorace
1017 3227 1114 3285 aeneo
1146 3218 1292 3285 nudum?
1322 3220 1422 3286 Mitto
1451 3222 1536 3307 quod
1558 3243 1675 3286 versus
1701 3227 1835 3290 insiticii

637 3330 823 3393 recentioris
841 3337 915 3391 sunt
935 3330 1071 3413 originis
1091 3348 1187 3412 quam
1208 3347 1335 3391 carmen
1356 3331 1408 3392 cui
1425 3331 1619 3405 inseruntur,
1633 3350 1716 3395 cum
1731 3341 1835 3397 tamen

638 3447 750 3520 poetae
773 3437 828 3519 qui
851 3434 990 3498 thoracis
1013 3437 1102 3498 aenei
1125 3438 1281 3498 rationem
1306 3455 1368 3498 uon
1392 3435 1559 3498 habuerint
1582 3437 1616 3497 in
1641 3441 1834 3503 universum

637 3543 830 3606 vetustiores
853 3543 918 3604 sint
940 3540 1101 3604 iudicandi
1126 3560 1223 3623 quam
1247 3543 1302 3624 qui
1327 3540 1507 3605 habuerint.
1536 3540 1700 3607 Omnibus
1726 3554 1834 3610 autem

637 3648 676 3712 de
710 3650 813 3711 causis
846 3646 1053 3711 statuendum
1089 3655 1139 3710 est
1167 3650 1200 3710 in
1232 3646 1396 3711 Patrocles
1424 3668 1521 3732 quam
1552 3668 1638 3712 nunc
1675 3650 1834 3717 habemus
1879 3682 1880 3694 ¹

637 3763 694 3819 aut
724 3752 831 3838 plures
862 3761 919 3817 aut
947 3753 1025 3817 duas
1049 3774 1164 3817 manus
1188 3752 1431 3840 distinguendas
1455 3775 1538 3831 esse,
1563 3774 1706 3839 quarum
1734 3780 1835 3824 recen
1879 3808 1880 3836 2

636 3863 752 3926 tiorem
786 3860 917 3924 demum
948 3859 1000 3925 vel
1035 3863 1226 3925 recentiores
1258 3861 1438 3925 thoracatos
1469 3860 1578 3925 secisse
1609 3860 1835 3944 bellatores't

673 4115 699 4175 l)
719 4113 752 4159 Dc
769 4112 813 4159 boc
831 4110 881 4158 loco
899 4110 952 4158 vide
968 4126 1024 4159 ann.
1041 4109 1065 4158 2.

672 4196 699 4256 2)
718 4192 775 4242 Ben.
801 4194 884 4248 Niece.
907 4192 945 4241 cui
967 4192 1101 4257 complures
1117 4208 1156 4240 rr.
1175 4193 1213 4241 dd.
1231 4192 1318 4241 aucun
1336 4195 1405 4252 eunt,
1421 4193 1442 4241 si
1459 4197 1523 4241 recte
1539 4192 1599 4241 vidit
1615 4195 1672 4253 (Dic
1692 4195 1836 4248 Entuiekel.

638 4277 680 4325 der
703 4275 773 4324 Hom.
797 4276 880 4324 Pocsic
903 4292 925 4339 p.
948 4276 981 4324 92
994 4278 1054 4339 sqq.)
1077 4275 1102 4323 in
1127 4276 1293 4338 antiquissima
1310 4275 1435 4323 Patrocle·
1451 4291 1499 4324 non
1515 4274 1629 4334 Achillia,
1646 4278 1689 4325 sed
1708 4295 1755 4329 aun
1771 4296 1835 4331 arna

637 4359 741 4408 induisse
756 4358 901 4415 Patroclum,
915 4362 957 4406 aut
972 4357 1065 4420 plures,
1079 4362 1121 4405 aut
1134 4362 1185 4406 trec
1199 4373 1282 4407 manus
1296 4358 1321 4405 in
1335 4360 1417 4405 nostra
1433 4357 1556 4405 Patrocles
1568 4357 1760 4422 distinguendae
1773 4372 1835 4418 cnut

636 4457 738 4506 querum
752 4441 910 4489 uiaticum
925 4439 1063 4488 Patroclum
1077 4439 1161 4488 babuit
1175 4456 1219 4488 cea
1234 4455 1301 4487 arma
1315 4438 1460 4497 induentem,
1476 4440 1606 4502 interquac
1615 4456 1661 4488 non
1670 4451 1737 4492 mec
1747 4445 1835 4498 elem

636 4524 729 4582 acam,
751 4522 911 4572 recentissima
928 4522 1030 4570 Achillis
1046 4538 1120 4580 arma,
1138 4524 1203 4571 inter
1218 4538 1279 4587 quae
1295 4528 1364 4581 essct,
1380 4522 1457 4570 nediu
1474 4522 1577 4570 Achiuis
1593 4537 1668 4580 urna,
1688 4526 1760 4576 inter
1776 4544 1835 4592 quae

636 4621 720 4656 rursus
744 4622 789 4653 non
812 4611 880 4653 esset.
900 4603 1070 4652 verisimiliter
1094 4604 1184 4652 Robert
1207 4605 1355 4653 demonstret
1377 4603 1413 4662 (ll.
1431 4620 1454 4668 p.
1474 4605 1514 4662 lh)
1535 4604 1665 4653 seeundum
1683 4606 1753 4657 dae
1769 4616 1834 4657 uento

636 4689 715 4738 Aiacis
737 4687 807 4735 talari
829 4685 947 4735 Achillem
969 4690 1072 4743 tectum,
1096 4702 1143 4734 non
1169 4686 1241 4734 ermis
1264 4683 1401 4733 eVulce'no
1418 4686 1533 4750 acceptia,
1550 4685 1663 4734 occidione
1682 4688 1835 4747 Hectorem,

636 4768 741 4819 Patrocli
764 4773 845 4816 autern
869 4768 962 4816 caedem
985 4766 1074 4815 Achilli
1098 4768 1219 4816 nuntiasse
1242 4768 1445 4825 Automedontem,
1461 4782 1509 4815 non
1527 4767 1700 4828 Annonem,
1719 4775 1834 4821 Autome·

635 4851 715 4899 dontio
737 4854 816 4898 eutem
833 4850 862 4897 ed
880 4849 996 4898 Achillem
1015 4848 1085 4897 rerba
1101 4864 1146 4913 pro
1162 4855 1230 4915 parte
1246 4864 1367 4914 cupresso
1384 4850 1410 4897 in
1426 4849 1499 4898 Iridis
1514 4850 1624 4898 oratione
1640 4857 1659 4899 Σ
1678 4850 1794 4918 iwaqq.
