4525 5950
637 662 703 726 228
1064 679 1389 727 onsnnvrrruucnma

635 852 689 908 tur
709 845 742 923 ¹).
779 842 891 928 Itaque
925 842 1070 928 lepidum
1104 850 1153 908 est
1187 864 1297 908 eorum
1332 842 1430 907 libros
1463 842 1588 928 legere,
1621 843 1677 927 qui
1710 860 1828 926 magna

636 951 779 1014 doctrina
813 952 1004 1033 exquirunt,
1036 949 1113 1033 quid
1145 952 1188 1012 sit
1218 951 1395 1014 vetustius:
1429 952 1540 1027 πρᾶσις
1576 948 1627 1010 ε’πὶ
1663 948 1753 1011 λύσει
1789 967 1828 1011 an

636 1055 732 1131 ύέσιι,
764 1075 866 1137 quum
895 1054 978 1118 nihil
1009 1056 1154 1131 intersit,
1187 1053 1270 1138 quod
1303 1054 1369 1131 περὶ
1402 1055 1642 1128 ιὶπιπιριύριιιπισ
1668 1052 1827 1116 affirmare

636 1181 699 1224 non
735 1163 850 1224 ausim.
893 1162 994 1244 Atqui
1029 1180 1216 1243 persuasum
1251 1172 1299 1224 est
1334 1159 1483 1224 §cantoni
1504 1156 1530 1238 ²)
1561 1161 1715 1224 interesse
1745 1160 1829 1221 iuter

636 1267 746 1343 πριὶσιι
768 1261 817 1327 ἐπὶ
840 1263 926 1328 λύσει
946 1277 977 1328 ct
999 1265 1158 1341 ὑποθήκην,
1180 1263 1266 1347 quod
1283 1269 1394 1341 πρᾶσις
1413 1284 1591 1348 numquam
1610 1262 1649 1328 ad
1668 1261 1827 1326 creditum

636 1370 773 1446 accedat,
799 1370 930 1442 ύπσύύιιιρ
956 1370 1156 1446 omnimodo,
1183 1369 1390 1453 quamebrem
1412 1370 1561 1442 ὑποθήκην
1579 1390 1619 1434 ne
1638 1367 1828 1433 descendere

637 1476 767 1560 quidem
782 1474 806 1553 ³)
830 1476 893 1537 aial
917 1475 1055 1550 πράσεως
1081 1474 1131 1536 ἐπὶ
1157 1476 1241 1538 λύσει
1266 1473 1351 1539 credi
1374 1496 1464 1560 posse
1488 1474 1650 1560 significat
1668 1479 1761 1552 (εούσσ
1781 1472 1831 1535 die

638 1580 798 1663 Hypottek
821 1603 876 1642 ace
899 1581 963 1642 dem
986 1579 1176 1665 Scheinkauf
1195 1582 1380 1656 eat-standon,
1405 1602 1436 1642 ro
1460 1586 1568 1643 sabaste
1588 1580 1638 1642 die
1657 1578 1773 1642 &held
1790 1600 1829 1640 ιιιι

636 1688 692 1749 dae
722 1686 831 1768 Psand
857 1686 1011 1766 qcbuadec
1044 1685 1156 1764 eein’').
1192 1685 1323 1749 Temere
1358 1686 1425 1763 arpi
1460 1686 1608 1758 ὑποθήκης
1646 1684 1706 1748 hoc
1741 1681 1832 1747 adfir-

635 1796 762 1855 matum
785 1810 870 1865 esse,
895 1789 1073 1854 ostenditur
1097 1811 1158 1854 non
1182 1789 1311 1874 quidem
1332 1810 1385 1866 co,
1407 1810 1470 1874 quo
1490 1795 1614 1874 pugnat
1634 1792 1831 1874 argumento

636 1895 749 1979 Hilzig
761 1892 797 1973 ⁴),
822 1893 906 1978 quod
929 1895 1111 1980 syngrapha
1131 1894 1275 1958 Lacritea
1294 1894 1471 1973 (Demosth.
1494 1893 1620 1957 XXXV
1639 1894 1656 1977 §
1672 1893 1739 1972 12),
1761 1895 1831 1957 sive

636 2021 672 2064 ea
701 2000 840 2084 genuina
869 2005 917 2063 est
944 2001 1013 2064 sive
1037 1999 1223 2075 subdititia,
1247 2001 1382 2063 etitem
1407 1998 1562 2084 Delphico
1587 1998 1714 2062 decreto
1728 1996 1754 2076 ³)
1779 2018 1832 2061 no

636 2107 785 2168 minatim
821 2105 974 2188 recipitur
1007 2107 1089 2168 actio
1125 2109 1177 2166 τοῦ
1215 2104 1421 2181 ἐλλείποντος,
1454 2125 1529 2169 nam
1561 2104 1646 2189 apud
1669 2103 1832 2168 Romanos

635 2230 760 2294 quoque
783 2209 815 2271 ιἰι
833 2208 1010 2290 ρι’ριιιιιύύιιι
1032 2208 1143 2272 desidie
1165 2209 1224 2273 hoc
1247 2209 1330 2272 adici
1353 2210 1498 2288 rote(ba)t
1521 2230 1560 2274 ex
1583 2209 1777 2284 abundanti,
1799 2215 1832 2271 st

636 2334 698 2399 quo
728 2316 835 2377 minus
848 2313 873 2391 6)
899 2313 1014 2394 pionica
1046 2314 1173 2377 ceniaeet
1194 2315 1342 2399 reliquum
1364 2315 1480 2377 debitor
1504 2315 1642 2378 redderet
1657 2312 1693 2392 ³),
1718 2313 1832 2397 quidni

636 2422 739 2505 igitur
765 2439 803 2483 er
827 2418 1003 2482 abundanti
1027 2419 1111 2502 apud
1137 2417 1275 2484 Graecos
1289 2415 1337 2494 ἱ’)1
1361 2419 1416 2483 sed
1441 2421 1516 2502 quia
1539 2424 1645 2503 potest
1668 2421 1764 2483 initio
1787 2417 1832 2481 di·

637 2544 768 2589 versum
791 2527 842 2588 ius
864 2524 1055 2596 obtinuisse,
1082 2532 1119 2588 ut
1142 2524 1240 2589 fucrit
1264 2524 1396 2597 ὑπιύύκιρ
1422 2526 1666 2608 compensatorii
1687 2525 1832 2610 pignoris

637 2649 749 2713 genus.
789 2628 889 2713 Saepe
923 2631 1009 2692 enim
1043 2649 1081 2693 ex
1118 2632 1251 2714 pignore
1285 2632 1553 2713 compensatorio,
1591 2628 1624 2692 id
1663 2640 1731 2704 est,
1769 2648 1831 2713 quo

637 2735 711 2800 dato
743 2733 918 2819 personalis
948 2737 1030 2799 actio
1061 2732 1244 2810 tollatur),
1278 2741 1386 2818 postea
1417 2734 1548 2798 demum
1580 2735 1700 2819 pignus
1723 2732 1762 2797 fit
1786 2754 1832 2798 or·

636 2839 798 2904 dinarium
814 2838 862 2918 ¹⁰),
890 2838 1012 2914 idest,
1037 2838 1121 2922 quod
1144 2839 1183 2903 ad
1208 2838 1354 2903 debitum
1378 2839 1505 2904 accedat
1521 2837 1569 2917 ¹¹).
1597 2838 1685 2924 Ergo
1711 2845 1832 2903 temere

638 2945 761 3010 dictum
793 2950 842 3009 est
873 2945 1022 3017 ύπιύύιιιρι
1052 2942 1234 3009 omnimode
1265 2943 1429 3021 accedere,
1462 2946 1552 3028 quasi
1578 2949 1702 3008 certum
1725 2945 1770 3008 sit
1793 2943 1831 3008 ab

637 3054 731 3115 initio
765 3050 798 3114 id
834 3051 1026 3126 obtinuisse,
1062 3071 1118 3114 nec
1150 3052 1257 3113 minus
1289 3055 1409 3115 temere
1440 3053 1551 3127 πρᾶσιν
1580 3048 1630 3112 ἐπὶ
1657 3049 1745 3113 λύσει
1770 3070 1832 3113 non

638 3155 798 3233 accedere,
820 3158 880 3220 etsi
900 3158 985 3220 enim
1005 3155 1099 3220 hodie
1111 3155 1251 3220 creditur
1263 3175 1300 3219 ea
1311 3154 1384 3240 lege
1397 3175 1523 3239 semper
1536 3157 1767 3233 πιπράσκεσθαι
1784 3151 1831 3233 ¹²),

673 3460 699 3522 l)
722 3458 758 3507 Ci.
781 3457 841 3506 lbid.
864 3458 928 3518 (10.
954 3482 982 3491 -
1008 3453 1087 3504 Hodie
1110 3455 1161 3518 lege
1178 3453 1270 3503 Gallice
1287 3454 1313 3504 in
1330 3455 1483 3519 praediorum
1500 3453 1686 3518 obligationibus
1703 3453 1830 3503 dimidium

637 3539 789 3588 alienationis
815 3536 914 3600 vectigal
940 3536 1043 3600 erigitur
1068 3536 1113 3599 (toi
1136 3537 1169 3584 ds
1190 3535 1224 3584 99
1241 3536 1312 3598 frier.
1335 3553 1368 3584 ass
1390 3537 1440 3585 VII
1454 3540 1501 3585 ert.
1519 3537 1551 3585 09
1572 3537 1591 3582 V
1610 3535 1659 3596 5⁰),
1678 3535 1750 3584 modo
1768 3535 1828 3584 enli-

638 3620 740 3678 chresie,
758 3633 829 3682 quem
847 3627 944 3675 vocant,
960 3617 1023 3665 lacta
1039 3616 1071 3664 sit
1089 3615 1192 3676 (I'reub,
1215 3614 1310 3680 Vraqess
1326 3617 1366 3666 des
1383 3620 1443 3680 tzj'ds
1460 3616 1543 3666 XVIII
1563 3616 1648 3679 (1899)
1667 3618 1680 3665 1
1701 3633 1726 3681 ρ.
1745 3617 1815 3679 103).

673 3703 699 3761 9)
724 3700 816 3749 Wiener
833 3699 932 3747 Studien
949 3697 984 3746 IX
1002 3697 1087 3759 (1887)
1104 3714 1126 3762 p.
1145 3697 1201 3749 987.

673 3784 697 3842 8)
706 3781 852 3829 Descendere
860 3778 1016 3827 nihilominne
1024 3779 1107 3826 docere
1116 3778 1195 3843 pergit
1204 3778 1284 3837 Corte,
1293 3778 1371 3827 scoria
1378 3779 1405 3828 di
1413 3779 1459 3827 dir.
1471 3794 1567 3828 σσιισιισ
1576 3778 1601 3826 11
1611 3779 1696 3839 (1903)
1705 3794 1728 3843 p.
1742 3779 1831 3827 164¹&

671 3863 700 3925 4)
724 3864 776 3909 Das
795 3860 884 3923 oricola.
912 3860 985 3924 Psdr.
1001 3859 1086 3918 (1893)
1103 3876 1126 3922 p.
1145 3860 1252 3908 80-88.
1271 3860 1308 3908 CI.
1326 3865 1449 3924 practerea
1466 3860 1546 3918 Ceste,
1565 3860 1647 3909 scoria
1664 3861 1692 3908 ds‘
1707 3861 1755 3910 dir.
1774 3877 1829 3910 m.

639 3943 666 3993 ΙΙ
689 3943 779 4007 (1903)
802 3959 825 4005 p.
846 3941 892 3989 100
916 3945 964 3989 not.
984 3943 1015 3990 83
1033 3941 1071 4000 (cd
1090 3956 1144 4005 pap.
1162 3941 1269 3990 Floreat.
1288 3943 1314 4005 l)
1331 3943 1371 3991 sed
1389 3942 1462 3991 etiarn
1481 3944 1515 4002 §4
1531 3942 1591 3991 Inst.
1609 3940 1649 3989 111
1668 3943 1713 4000 14,
1731 3958 1752 3990 c.
1771 3943 1829 3991 30.

641 4026 718 4086 aas,
738 4039 758 4071 c.
776 4023 808 4072 93
826 4023 854 4071 C.
872 4023 894 4069 8.
906 4023 936 4070 13
947 4023 1009 4085 (14).

675 4107 701 4168 3)
721 4103 810 4153 Micbel
829 4118 868 4151 nc.
886 4102 934 4151 933
953 4102 973 4150 Β
992 4101 1033 4149 lin.
1052 4103 1160 4151 94-98.

673 4186 700 4249 3)
720 4183 860 4247 Requiritur
876 4189 967 4247 quanto
984 4183 1088 4232 minoris.

673 4266 738 4329 Ί)Ιι
764 4265 829 4326 991
852 4266 879 4313 D.
897 4265 969 4313 903.
988 4263 1033 4320 Gt,
1050 4277 1121 4326 qnam
1139 4263 1214 4312 solam
1231 4263 1313 4313 landet
1331 4264 1428 4328 Hitrig,
1447 4264 1462 4314 1.
1481 4265 1513 4313 33
1532 4267 1561 4314 D.
1578 4265 1655 4315 401.

673 4349 701 4412 8)
719 4347 755 4396 Cf.
773 4347 844 4394 ctiam
863 4346 984 4394 Demosth.
1004 4344 1097 4393 XXXII
1115 4346 1175 4406 §eu

672 4429 701 4490 9)
719 4429 829 4492 Pignorie
841 4426 1023 4491 compensatorii
1038 4427 1172 4475 Rcmcnmn
1188 4428 1321 4492 exemplum
1331 4428 1488 4477 indicavimus
1496 4444 1548 4493 esp.
1556 4428 1643 4478 herum
1651 4428 1772 4480 observet.
1782 4430 1832 4481 ΙΝ.

672 4511 716 4568 10)
735 4509 771 4557 Ol.
789 4508 913 4565 Scbwind,
940 4505 1018 4557 Wesere
1035 4509 1086 4555 und
1101 4507 1188 4555 lucau
1206 4510 1246 4556 des
1263 4510 1430 4572 Psandreclts
1445 4509 1530 4571 (1899)
1548 4526 1571 4573 p.
1588 4511 1641 4571 sse.

673 4593 716 4653 ll)
734 4591 850 4639 Accedere
873 4587 957 4637 sellem
982 4588 1062 4650 possit.
1090 4589 1310 4640 Demonstravimus
1336 4591 1399 4639 enirn
1424 4594 1485 4654 (esp.
1504 4589 1560 4645 VII)
1581 4590 1654 4640 etiem
1671 4591 1723 4640 eine
1740 4593 1832 4642 credite

638 4673 725 4738 pignus
741 4670 852 4734 intelligi.

672 4754 714 4818 19)
733 4752 870 4815 Dernburg,
889 4751 1029 4800 Pandaron
1045 4748 1057 4798 I
1075 4750 1160 4813 (1099)
1176 4751 1246 4811 (908
1265 4754 1301 4816 (p.
1321 4752 1387 4812 043).
