<?xml version="1.0" encoding="UTF-8"?>
<!DOCTYPE html PUBLIC "-//W3C//DTD XHTML 1.0 Transitional//EN"
    "http://www.w3.org/TR/xhtml1/DTD/xhtml1-transitional.dtd">
<html xmlns="http://www.w3.org/1999/xhtml" xml:lang="en" lang="en">
 <head>
  <title>
</title>
<meta http-equiv="Content-Type" content="text/html;charset=utf-8" />
  <meta name='ocr-system' content='tesseract 3.04.00' />
  <meta name='ocr-capabilities' content='ocr_page ocr_carea ocr_par ocr_line ocrx_word'/>
</head>
<body>
  <div class='ocr_page' id='page_1' title='image "./mnemosyne07verdgoog_0141.png"; bbox 0 0 4525 5950; ppageno 0'>
   <div class='ocr_carea' id='block_1_1' title="bbox 624 643 1335 710">
    <p class='ocr_par' dir='ltr' id='par_1_1' title="bbox 624 643 1335 710">
     <span class='ocr_line' id='line_1_1' title="bbox 624 643 1335 710; baseline 0.004 -4"><span class='ocrx_word' id='word_1_1' title='bbox 624 643 688 709; x_wconf 80' lang='grc'>124</span> <span class='ocrx_word' id='word_1_2' title='bbox 1095 662 1335 710; x_wconf 83' lang='lat' dir='ltr'>osnosnnnnns.</span> 
     </span>
    </p>
   </div>
   <div class='ocr_carea' id='block_1_2' title="bbox 620 827 1818 1232">
    <p class='ocr_par' dir='ltr' id='par_1_2' title="bbox 620 827 1818 1232">
     <span class='ocr_line' id='line_1_2' title="bbox 621 827 1818 912; baseline 0 -19"><span class='ocrx_word' id='word_1_3' title='bbox 621 827 802 912; x_wconf 81' lang='lat' dir='ltr'><strong>Spartanis:</strong></span> <span class='ocrx_word' id='word_1_4' title='bbox 836 830 937 902; x_wconf 72' lang='grc' dir='ltr'><strong><em>ἐπειδὴ</em></strong></span> <span class='ocrx_word' id='word_1_5' title='bbox 961 828 1139 908; x_wconf 74' lang='grc' dir='ltr'>πλεονάζειν</span> <span class='ocrx_word' id='word_1_6' title='bbox 1163 831 1340 908; x_wconf 74' lang='grc' dir='ltr'><em>ἐπεχείρουν</em></span> <span class='ocrx_word' id='word_1_7' title='bbox 1467 830 1581 892; x_wconf 67' lang='grc' dir='ltr'><strong><em>παντες</em></strong></span> <span class='ocrx_word' id='word_1_8' title='bbox 1608 831 1649 897; x_wconf 77' lang='grc' dir='ltr'>εἷς</span> <span class='ocrx_word' id='word_1_9' title='bbox 1676 831 1818 904; x_wconf 74' lang='grc' dir='ltr'><strong><em>πόλεμον</em></strong></span> 
     </span>
     <span class='ocr_line' id='line_1_3' title="bbox 621 935 1815 1022; baseline 0.004 -26"><span class='ocrx_word' id='word_1_10' title='bbox 621 936 806 1010; x_wconf 77' lang='grc' dir='ltr'><strong><em>ιιιιιέςηοαν,</em></strong></span> <span class='ocrx_word' id='word_1_11' title='bbox 839 935 893 999; x_wconf 91' lang='lat' dir='ltr'>sed</span> <span class='ocrx_word' id='word_1_12' title='bbox 922 935 1005 1019; x_wconf 91' lang='lat' dir='ltr'>quod</span> <span class='ocrx_word' id='word_1_13' title='bbox 1029 956 1067 999; x_wconf 82' lang='lat' dir='ltr'>ex</span> <span class='ocrx_word' id='word_1_14' title='bbox 1091 937 1308 1020; x_wconf 90' lang='lat' dir='ltr'>superioribus</span> <span class='ocrx_word' id='word_1_15' title='bbox 1332 957 1447 1020; x_wconf 87' lang='lat' dir='ltr'>parum</span> <span class='ocrx_word' id='word_1_16' title='bbox 1470 936 1634 1022; x_wconf 74' lang='lat' dir='ltr'>eleganter</span> <span class='ocrx_word' id='word_1_17' title='bbox 1656 939 1815 1001; x_wconf 89' lang='lat' dir='ltr'>iteratur:</span> 
     </span>
     <span class='ocr_line' id='line_1_4' title="bbox 622 1040 1815 1126; baseline 0.004 -25"><span class='ocrx_word' id='word_1_18' title='bbox 622 1040 688 1101; x_wconf 72' lang='grc' dir='ltr'><strong><em>καὶ</em></strong></span> <span class='ocrx_word' id='word_1_19' title='bbox 710 1042 742 1103; x_wconf 80' lang='grc' dir='ltr'>οἱ</span> <span class='ocrx_word' id='word_1_20' title='bbox 766 1042 888 1112; x_wconf 76' lang='grc' dir='ltr'><strong><em>μηδὲν</em></strong></span> <span class='ocrx_word' id='word_1_21' title='bbox 912 1042 1191 1116; x_wconf 73' lang='grc' dir='ltr'>ἐγκαλοῦντες</span> <span class='ocrx_word' id='word_1_22' title='bbox 1218 1045 1362 1112; x_wconf 80' lang='grc' dir='ltr'><strong><em>αὐτοῖς</em></strong></span> <span class='ocrx_word' id='word_1_23' title='bbox 1387 1063 1426 1106; x_wconf 90' lang='lat' dir='ltr'>ne</span> <span class='ocrx_word' id='word_1_24' title='bbox 1450 1063 1563 1106; x_wconf 89' lang='lat' dir='ltr'>verum</span> <span class='ocrx_word' id='word_1_25' title='bbox 1589 1041 1723 1126; x_wconf 84' lang='lat' dir='ltr'>quidam</span> <span class='ocrx_word' id='word_1_26' title='bbox 1748 1051 1815 1117; x_wconf 85' lang='lat' dir='ltr'>est,</span> 
     </span>
     <span class='ocr_line' id='line_1_5' title="bbox 620 1145 1669 1232; baseline 0.002 -25"><span class='ocrx_word' id='word_1_27' title='bbox 620 1166 693 1208; x_wconf 86' lang='lat' dir='ltr'>nam</span> <span class='ocrx_word' id='word_1_28' title='bbox 717 1166 827 1210; x_wconf 91' lang='lat' dir='ltr'>omnes</span> <span class='ocrx_word' id='word_1_29' title='bbox 849 1145 1080 1230; x_wconf 81' lang='lat' dir='ltr'>Spartanorum</span> <span class='ocrx_word' id='word_1_30' title='bbox 1102 1150 1277 1231; x_wconf 85' lang='lat' dir='ltr'>imperium</span> <span class='ocrx_word' id='word_1_31' title='bbox 1301 1151 1419 1232; x_wconf 87' lang='lat' dir='ltr'>pariter</span> <span class='ocrx_word' id='word_1_32' title='bbox 1442 1151 1546 1231; x_wconf 86' lang='lat' dir='ltr'>perosi</span> <span class='ocrx_word' id='word_1_33' title='bbox 1569 1155 1669 1212; x_wconf 87' lang='lat' dir='ltr'>erant.</span> 
     </span>
    </p>
   </div>
   <div class='ocr_carea' id='block_1_3' title="bbox 619 1361 1816 1641">
    <p class='ocr_par' dir='ltr' id='par_1_3' title="bbox 619 1361 1816 1641">
     <span class='ocr_line' id='line_1_6' title="bbox 668 1361 1815 1450; baseline -0.005 -21"><span class='ocrx_word' id='word_1_34' title='bbox 668 1363 747 1449; x_wconf 70' lang='lat'>§27</span> <span class='ocrx_word' id='word_1_35' title='bbox 771 1388 802 1450; x_wconf 94' lang='lat' dir='ltr'>p.</span> <span class='ocrx_word' id='word_1_36' title='bbox 826 1362 908 1427; x_wconf 78' lang='lat' dir='ltr'>llS:</span> <span class='ocrx_word' id='word_1_37' title='bbox 940 1365 969 1425; x_wconf 81' lang='grc' dir='ltr'><strong><em>ἐν</em></strong></span> <span class='ocrx_word' id='word_1_38' title='bbox 994 1363 1115 1447; x_wconf 74' lang='grc' dir='ltr'><strong><em>Εὐβοία</em></strong></span> <span class='ocrx_word' id='word_1_39' title='bbox 1141 1365 1192 1427; x_wconf 77' lang='grc' dir='ltr'><strong><em>καὶ</em></strong></span> <span class='ocrx_word' id='word_1_40' title='bbox 1216 1370 1321 1426; x_wconf 82' lang='grc' dir='ltr'><strong><em>ταῦτα</em></strong></span> <span class='ocrx_word' id='word_1_41' title='bbox 1346 1365 1375 1427; x_wconf 84' lang='grc' dir='ltr'><strong><em>ἕν</em></strong></span> <span class='ocrx_word' id='word_1_42' title='bbox 1400 1367 1477 1439; x_wconf 77' lang='grc' dir='ltr'><strong><em>νηπῳ</em></strong></span> <span class='ocrx_word' id='word_1_43' title='bbox 1502 1367 1630 1436; x_wconf 75' lang='grc' dir='ltr'><strong><em>πλησίον</em></strong></span> <span class='ocrx_word' id='word_1_44' title='bbox 1654 1361 1815 1444; x_wconf 79' lang='grc' dir='ltr'><strong><em>[Θηβῶν</em></strong></span> 
     </span>
     <span class='ocr_line' id='line_1_7' title="bbox 619 1468 1816 1554; baseline -0.003 -21"><span class='ocrx_word' id='word_1_45' title='bbox 619 1494 667 1533; x_wconf 87' lang='grc' dir='ltr'><strong><em>κα</em></strong></span> <span class='ocrx_word' id='word_1_46' title='bbox 680 1474 703 1552; x_wconf 84' lang='lat' dir='ltr'>i]</span> <span class='ocrx_word' id='word_1_47' title='bbox 728 1469 868 1540; x_wconf 75' lang='grc' dir='ltr'><strong><em>’λοηνῶα</em></strong></span> <span class='ocrx_word' id='word_1_48' title='bbox 893 1469 1007 1533; x_wconf 89' lang='lat' dir='ltr'>Nescio</span> <span class='ocrx_word' id='word_1_49' title='bbox 1027 1469 1185 1554; x_wconf 90' lang='lat' dir='ltr'>quomodo</span> <span class='ocrx_word' id='word_1_50' title='bbox 1205 1468 1388 1534; x_wconf 80' lang='lat' dir='ltr'>Thebarum</span> <span class='ocrx_word' id='word_1_51' title='bbox 1409 1477 1440 1534; x_wconf 90' lang='lat' dir='ltr'>et</span> <span class='ocrx_word' id='word_1_52' title='bbox 1460 1470 1660 1534; x_wconf 80' lang='lat' dir='ltr'>Athenarum</span> <span class='ocrx_word' id='word_1_53' title='bbox 1682 1470 1816 1532; x_wconf 86' lang='lat' dir='ltr'>nomina</span> 
     </span>
     <span class='ocr_line' id='line_1_8' title="bbox 620 1576 1055 1641; baseline -0.002 -2"><span class='ocrx_word' id='word_1_54' title='bbox 620 1576 783 1640; x_wconf 90' lang='lat' dir='ltr'>interdum</span> <span class='ocrx_word' id='word_1_55' title='bbox 807 1576 1055 1641; x_wconf 86' lang='lat' dir='ltr'>confunduntur.</span> 
     </span>
    </p>
   </div>
   <div class='ocr_carea' id='block_1_4' title="bbox 620 1773 1814 2073">
    <p class='ocr_par' dir='ltr' id='par_1_4' title="bbox 620 1773 1814 2073">
     <span class='ocr_line' id='line_1_9' title="bbox 665 1773 1813 1862; baseline -0.001 -20"><span class='ocrx_word' id='word_1_56' title='bbox 665 1776 739 1862; x_wconf 76' lang='lat'>§27</span> <span class='ocrx_word' id='word_1_57' title='bbox 761 1800 790 1862; x_wconf 93' lang='lat' dir='ltr'>p.</span> <span class='ocrx_word' id='word_1_58' title='bbox 815 1778 896 1842; x_wconf 87' lang='lat'>118:</span> <span class='ocrx_word' id='word_1_59' title='bbox 913 1773 1008 1841; x_wconf 81' lang='grc' dir='ltr'><strong><em>Ἦλιν</em></strong></span> <span class='ocrx_word' id='word_1_60' title='bbox 1030 1776 1096 1856; x_wconf 80' lang='grc' dir='ltr'><strong><em>ἔχει</em></strong></span> <span class='ocrx_word' id='word_1_61' title='bbox 1112 1779 1302 1850; x_wconf 74' lang='grc' dir='ltr'><strong><em>τηλικαύτην</em></strong></span> <span class='ocrx_word' id='word_1_62' title='bbox 1317 1778 1404 1840; x_wconf 78' lang='grc' dir='ltr'><strong><em>πόλιν</em></strong></span> <span class='ocrx_word' id='word_1_63' title='bbox 1422 1778 1473 1860; x_wconf 80' lang='grc' dir='ltr'><strong><em>[ἐν</em></strong></span> <span class='ocrx_word' id='word_1_64' title='bbox 1495 1787 1702 1840; x_wconf 83' lang='grc' dir='ltr'><strong><em>Πελοπονν</em></strong></span> <span class='ocrx_word' id='word_1_65' title='bbox 1715 1779 1813 1859; x_wconf 65' lang='lat' dir='ltr'>slep}</span> 
     </span>
     <span class='ocr_line' id='line_1_10' title="bbox 620 1882 1814 1948; baseline -0.002 0"><span class='ocrx_word' id='word_1_66' title='bbox 620 1883 728 1948; x_wconf 78' lang='lat' dir='ltr'>Otiose</span> <span class='ocrx_word' id='word_1_67' title='bbox 759 1884 817 1947; x_wconf 90' lang='lat' dir='ltr'>hoc</span> <span class='ocrx_word' id='word_1_68' title='bbox 848 1883 995 1947; x_wconf 92' lang='lat' dir='ltr'>additum</span> <span class='ocrx_word' id='word_1_69' title='bbox 1027 1903 1083 1947; x_wconf 91' lang='lat' dir='ltr'>nec</span> <span class='ocrx_word' id='word_1_70' title='bbox 1114 1882 1194 1946; x_wconf 90' lang='lat' dir='ltr'>dicit</span> <span class='ocrx_word' id='word_1_71' title='bbox 1223 1882 1454 1946; x_wconf 82' lang='lat' dir='ltr'>Demosthenes</span> <span class='ocrx_word' id='word_1_72' title='bbox 1477 1883 1534 1946; x_wconf 91' lang='lat' dir='ltr'>ubi</span> <span class='ocrx_word' id='word_1_73' title='bbox 1558 1883 1730 1948; x_wconf 83' lang='lat' dir='ltr'>Ambracia</span> <span class='ocrx_word' id='word_1_74' title='bbox 1752 1886 1814 1948; x_wconf 88' lang='lat' dir='ltr'>sita</span> 
     </span>
     <span class='ocr_line' id='line_1_11' title="bbox 620 1986 1813 2073; baseline 0 -20"><span class='ocrx_word' id='word_1_75' title='bbox 620 1991 679 2065; x_wconf 87' lang='lat' dir='ltr'>sit,</span> <span class='ocrx_word' id='word_1_76' title='bbox 712 2009 792 2073; x_wconf 86' lang='lat' dir='ltr'>quae</span> <span class='ocrx_word' id='word_1_77' title='bbox 822 1994 906 2053; x_wconf 91' lang='lat' dir='ltr'>certe</span> <span class='ocrx_word' id='word_1_78' title='bbox 938 1989 1015 2053; x_wconf 87' lang='lat' dir='ltr'>urbs</span> <span class='ocrx_word' id='word_1_79' title='bbox 1042 1987 1140 2073; x_wconf 79' lang='lat' dir='ltr'>longe</span> <span class='ocrx_word' id='word_1_80' title='bbox 1172 1991 1294 2053; x_wconf 88' lang='lat' dir='ltr'>minore</span> <span class='ocrx_word' id='word_1_81' title='bbox 1323 1989 1408 2052; x_wconf 88' lang='lat' dir='ltr'>sama</span> <span class='ocrx_word' id='word_1_82' title='bbox 1430 1986 1598 2052; x_wconf 84' lang='lat' dir='ltr'>nobilitate</span> <span class='ocrx_word' id='word_1_83' title='bbox 1622 1996 1690 2052; x_wconf 87' lang='lat' dir='ltr'>erat</span> <span class='ocrx_word' id='word_1_84' title='bbox 1715 2009 1813 2072; x_wconf 88' lang='lat' dir='ltr'>quam</span> 
     </span>
    </p>
   </div>
   <div class='ocr_carea' id='block_1_5' title="bbox 621 2092 1813 2178">
    <p class='ocr_par' dir='ltr' id='par_1_5' title="bbox 621 2092 1813 2178">
     <span class='ocr_line' id='line_1_12' title="bbox 621 2092 1813 2178; baseline -0.003 -19"><span class='ocrx_word' id='word_1_85' title='bbox 621 2093 697 2159; x_wconf 77' lang='lat' dir='ltr'>uns.</span> <span class='ocrx_word' id='word_1_86' title='bbox 722 2093 801 2170; x_wconf 73' lang='lat' dir='ltr'>Sed,</span> <span class='ocrx_word' id='word_1_87' title='bbox 822 2094 933 2170; x_wconf 86' lang='lat' dir='ltr'>fateor,</span> <span class='ocrx_word' id='word_1_88' title='bbox 952 2094 1209 2158; x_wconf 89' lang='lat' dir='ltr'>additamentum</span> <span class='ocrx_word' id='word_1_89' title='bbox 1228 2096 1326 2157; x_wconf 89' lang='lat' dir='ltr'>etiam</span> <span class='ocrx_word' id='word_1_90' title='bbox 1348 2093 1503 2158; x_wconf 84' lang='lat' dir='ltr'>Aristides</span> <span class='ocrx_word' id='word_1_91' title='bbox 1522 2092 1677 2157; x_wconf 85' lang='lat' dir='ltr'>habeth</span> <span class='ocrx_word' id='word_1_92' title='bbox 1689 2115 1721 2178; x_wconf 88' lang='lat' dir='ltr'>p.</span> <span class='ocrx_word' id='word_1_93' title='bbox 1736 2094 1813 2158; x_wconf 79' lang='lat'>354.</span> 
     </span>
    </p>
   </div>
   <div class='ocr_carea' id='block_1_6' title="bbox 620 2309 1819 4828">
    <p class='ocr_par' dir='ltr' id='par_1_6' title="bbox 620 2309 1819 4828">
     <span class='ocr_line' id='line_1_13' title="bbox 666 2309 1813 2397; baseline 0 -21"><span class='ocrx_word' id='word_1_94' title='bbox 666 2311 746 2395; x_wconf 74' lang='lat'>§32</span> <span class='ocrx_word' id='word_1_95' title='bbox 778 2334 809 2396; x_wconf 89' lang='lat' dir='ltr'>p.</span> <span class='ocrx_word' id='word_1_96' title='bbox 838 2309 911 2375; x_wconf 87' lang='grc'><strong>119.</strong></span> <span class='ocrx_word' id='word_1_97' title='bbox 944 2311 1054 2397; x_wconf 82' lang='lat' dir='ltr'>Longa</span> <span class='ocrx_word' id='word_1_98' title='bbox 1085 2315 1167 2390; x_wconf 67' lang='grc' dir='ltr'><strong><em>ρἠσιι</em></strong></span> <span class='ocrx_word' id='word_1_99' title='bbox 1198 2312 1237 2375; x_wconf 86' lang='lat' dir='ltr'>ab</span> <span class='ocrx_word' id='word_1_100' title='bbox 1269 2312 1365 2376; x_wconf 88' lang='lat' dir='ltr'>verbo</span> <span class='ocrx_word' id='word_1_101' title='bbox 1395 2313 1491 2388; x_wconf 80' lang='grc' dir='ltr'><strong><em>κύριος</em></strong></span> <span class='ocrx_word' id='word_1_102' title='bbox 1515 2333 1616 2397; x_wconf 89' lang='lat' dir='ltr'>usque</span> <span class='ocrx_word' id='word_1_103' title='bbox 1641 2313 1680 2377; x_wconf 88' lang='lat' dir='ltr'>ad</span> <span class='ocrx_word' id='word_1_104' title='bbox 1705 2314 1813 2385; x_wconf 77' lang='grc' dir='ltr'><strong><em>με’πεςι</em></strong></span> 
     </span>
     <span class='ocr_line' id='line_1_14' title="bbox 620 2417 1813 2502; baseline 0.002 -22"><span class='ocrx_word' id='word_1_105' title='bbox 620 2421 653 2481; x_wconf 92' lang='lat' dir='ltr'>in</span> <span class='ocrx_word' id='word_1_106' title='bbox 686 2418 829 2482; x_wconf 83' lang='lat' dir='ltr'>Parisino</span> <span class='ocrx_word' id='word_1_107' title='bbox 859 2417 941 2481; x_wconf 92' lang='lat' dir='ltr'>libro</span> <span class='ocrx_word' id='word_1_108' title='bbox 973 2417 1060 2481; x_wconf 90' lang='lat' dir='ltr'>deest</span> <span class='ocrx_word' id='word_1_109' title='bbox 1091 2420 1233 2500; x_wconf 88' lang='lat' dir='ltr'>itemque</span> <span class='ocrx_word' id='word_1_110' title='bbox 1263 2417 1343 2501; x_wconf 73' lang='lat'>§58</span> <span class='ocrx_word' id='word_1_111' title='bbox 1367 2440 1398 2502; x_wconf 94' lang='lat' dir='ltr'>p.</span> <span class='ocrx_word' id='word_1_112' title='bbox 1426 2417 1489 2481; x_wconf 78' lang='lat'>125</span> <span class='ocrx_word' id='word_1_113' title='bbox 1522 2420 1641 2483; x_wconf 87' lang='lat' dir='ltr'>omissa</span> <span class='ocrx_word' id='word_1_114' title='bbox 1664 2419 1813 2484; x_wconf 88' lang='lat' dir='ltr'>fuerunt:</span> 
     </span>
     <span class='ocr_line' id='line_1_15' title="bbox 622 2508 1813 2603; baseline 0.002 -18"><span class='ocrx_word' id='word_1_115' title='bbox 622 2526 693 2588; x_wconf 81' lang='grc' dir='ltr'><strong><em>τότε</em></strong></span> <span class='ocrx_word' id='word_1_116' title='bbox 719 2527 775 2597; x_wconf 74' lang='grc' dir='ltr'><strong><em>μὲν</em></strong></span> <span class='ocrx_word' id='word_1_117' title='bbox 800 2523 926 2598; x_wconf 74' lang='grc' dir='ltr'><strong><em>πέμψαι</em></strong></span> <span class='ocrx_word' id='word_1_118' title='bbox 947 2524 1017 2594; x_wconf 83' lang='grc' dir='ltr'>τοὺς</span> <span class='ocrx_word' id='word_1_119' title='bbox 1038 2528 1108 2595; x_wconf 78' lang='grc' dir='ltr'>μετ’</span> <span class='ocrx_word' id='word_1_120' title='bbox 1130 2524 1308 2603; x_wconf 80' lang='grc' dir='ltr'><strong><em>Εὐρυλόχου</em></strong></span> <span class='ocrx_word' id='word_1_121' title='bbox 1329 2523 1447 2600; x_wconf 77' lang='grc' dir='ltr'><strong><em>ξένους,</em></strong></span> <span class='ocrx_word' id='word_1_122' title='bbox 1469 2508 1565 2587; x_wconf 68' lang='grc' dir='ltr'><strong><em>παλιν</em></strong></span> <span class='ocrx_word' id='word_1_123' title='bbox 1587 2525 1617 2588; x_wconf 73' lang='grc' dir='ltr'>δὲ</span> <span class='ocrx_word' id='word_1_124' title='bbox 1637 2525 1708 2594; x_wconf 81' lang='grc' dir='ltr'>ποὺς</span> <span class='ocrx_word' id='word_1_125' title='bbox 1729 2528 1813 2598; x_wconf 78' lang='grc' dir='ltr'><strong><em>μετα</em></strong></span> 
     </span>
     <span class='ocr_line' id='line_1_16' title="bbox 624 2629 1815 2715; baseline -0.003 -20"><span class='ocrx_word' id='word_1_126' title='bbox 624 2634 843 2708; x_wconf 73' lang='grc' dir='ltr'><strong><em>Παρμενίωνος.</em></strong></span> <span class='ocrx_word' id='word_1_127' title='bbox 868 2629 955 2693; x_wconf 86' lang='lat' dir='ltr'>Haec</span> <span class='ocrx_word' id='word_1_128' title='bbox 978 2632 1081 2715; x_wconf 73' lang='lat' dir='ltr'>igitur</span> <span class='ocrx_word' id='word_1_129' title='bbox 1103 2629 1262 2706; x_wconf 87' lang='lat' dir='ltr'>Blassius,</span> <span class='ocrx_word' id='word_1_130' title='bbox 1288 2652 1390 2715; x_wconf 91' lang='lat' dir='ltr'>quum</span> <span class='ocrx_word' id='word_1_131' title='bbox 1414 2629 1572 2694; x_wconf 88' lang='lat' dir='ltr'>sublestae</span> <span class='ocrx_word' id='word_1_132' title='bbox 1595 2630 1669 2694; x_wconf 90' lang='lat' dir='ltr'>fidei</span> <span class='ocrx_word' id='word_1_133' title='bbox 1692 2638 1815 2707; x_wconf 84' lang='lat' dir='ltr'>essent,</span> 
     </span>
     <span class='ocr_line' id='line_1_17' title="bbox 622 2734 1813 2812; baseline 0 -12"><span class='ocrx_word' id='word_1_134' title='bbox 622 2736 800 2800; x_wconf 86' lang='lat' dir='ltr'>minoribus</span> <span class='ocrx_word' id='word_1_135' title='bbox 834 2735 936 2799; x_wconf 88' lang='lat' dir='ltr'>literis</span> <span class='ocrx_word' id='word_1_136' title='bbox 971 2734 1152 2798; x_wconf 84' lang='lat' dir='ltr'>excudenda</span> <span class='ocrx_word' id='word_1_137' title='bbox 1187 2739 1312 2799; x_wconf 88' lang='lat' dir='ltr'>curavit</span> <span class='ocrx_word' id='word_1_138' title='bbox 1320 2756 1327 2812; x_wconf 93' lang='lat'>;</span> <span class='ocrx_word' id='word_1_139' title='bbox 1365 2734 1505 2801; x_wconf 78' lang='lat' dir='ltr'>(lebetas</span> <span class='ocrx_word' id='word_1_140' title='bbox 1537 2742 1646 2800; x_wconf 88' lang='lat' dir='ltr'>autem</span> <span class='ocrx_word' id='word_1_141' title='bbox 1679 2736 1813 2800; x_wconf 71' lang='lat' dir='ltr'>Miscell.</span> 
     </span>
     <span class='ocr_line' id='line_1_18' title="bbox 620 2840 1813 2927; baseline 0 -22"><span class='ocrx_word' id='word_1_142' title='bbox 620 2864 651 2927; x_wconf 91' lang='lat' dir='ltr'>p.</span> <span class='ocrx_word' id='word_1_143' title='bbox 673 2840 715 2905; x_wconf 90' lang='grc'>33</span> <span class='ocrx_word' id='word_1_144' title='bbox 740 2841 868 2905; x_wconf 86' lang='lat' dir='ltr'>disertis</span> <span class='ocrx_word' id='word_1_145' title='bbox 887 2840 992 2904; x_wconf 82' lang='lat' dir='ltr'>verbis</span> <span class='ocrx_word' id='word_1_146' title='bbox 1012 2844 1201 2925; x_wconf 88' lang='lat' dir='ltr'>pronunciat</span> <span class='ocrx_word' id='word_1_147' title='bbox 1221 2841 1282 2905; x_wconf 92' lang='lat' dir='ltr'>sibi</span> <span class='ocrx_word' id='word_1_148' title='bbox 1302 2845 1410 2925; x_wconf 87' lang='lat' dir='ltr'>spuria</span> <span class='ocrx_word' id='word_1_149' title='bbox 1434 2842 1549 2917; x_wconf 88' lang='lat' dir='ltr'>videri;</span> <span class='ocrx_word' id='word_1_150' title='bbox 1570 2843 1692 2905; x_wconf 89' lang='lat' dir='ltr'>etenim</span> <span class='ocrx_word' id='word_1_151' title='bbox 1712 2863 1813 2926; x_wconf 90' lang='lat' dir='ltr'>quum</span> 
     </span>
     <span class='ocr_line' id='line_1_19' title="bbox 621 2946 1813 3033; baseline -0.002 -20"><span class='ocrx_word' id='word_1_152' title='bbox 621 2951 726 3033; x_wconf 91' lang='lat' dir='ltr'>priore</span> <span class='ocrx_word' id='word_1_153' title='bbox 744 2947 813 3012; x_wconf 89' lang='lat' dir='ltr'>loco</span> <span class='ocrx_word' id='word_1_154' title='bbox 833 2946 1076 3012; x_wconf 80' lang='lat' dir='ltr'>exclamavisset</span> <span class='ocrx_word' id='word_1_155' title='bbox 1091 2956 1212 3012; x_wconf 84' lang='lat' dir='ltr'>orator:</span> <span class='ocrx_word' id='word_1_156' title='bbox 1234 2949 1265 3011; x_wconf 80' lang='grc' dir='ltr'>τί</span> <span class='ocrx_word' id='word_1_157' title='bbox 1277 2957 1331 3021; x_wconf 74' lang='grc' dir='ltr'>της</span> <span class='ocrx_word' id='word_1_158' title='bbox 1346 2949 1486 3026; x_wconf 73' lang='grc' dir='ltr'><strong><em>ἐσχάτης</em></strong></span> <span class='ocrx_word' id='word_1_159' title='bbox 1500 2947 1613 3022; x_wconf 76' lang='grc' dir='ltr'><strong><em>ὕβρεως</em></strong></span> <span class='ocrx_word' id='word_1_160' title='bbox 1628 2951 1813 3026; x_wconf 57' lang='grc' dir='ltr'><strong><em>ἀπολείπω</em></strong></span> 
     </span>
     <span class='ocr_line' id='line_1_20' title="bbox 622 3053 1813 3139; baseline 0.004 -21"><span class='ocrx_word' id='word_1_161' title='bbox 622 3064 693 3118; x_wconf 90' lang='lat' dir='ltr'>tum</span> <span class='ocrx_word' id='word_1_162' title='bbox 717 3061 896 3139; x_wconf 89' lang='lat' dir='ltr'>sequuntur</span> <span class='ocrx_word' id='word_1_163' title='bbox 920 3054 1061 3130; x_wconf 75' lang='grc' dir='ltr'><strong><em>ὑβριςιιιιὶ</em></strong></span> <span class='ocrx_word' id='word_1_164' title='bbox 1087 3053 1260 3136; x_wconf 86' lang='lat' dir='ltr'>quaedam,</span> <span class='ocrx_word' id='word_1_165' title='bbox 1286 3054 1339 3118; x_wconf 92' lang='lat' dir='ltr'>sed</span> <span class='ocrx_word' id='word_1_166' title='bbox 1364 3055 1447 3138; x_wconf 95' lang='lat' dir='ltr'>quod</span> <span class='ocrx_word' id='word_1_167' title='bbox 1470 3053 1696 3119; x_wconf 86' lang='lat' dir='ltr'>intercalatur:</span> <span class='ocrx_word' id='word_1_168' title='bbox 1719 3057 1813 3130; x_wconf 78' lang='grc' dir='ltr'><strong><em>κύριον</em></strong></span> 
     </span>
     <span class='ocr_line' id='line_1_21' title="bbox 624 3159 1814 3240; baseline 0.004 -17"><span class='ocrx_word' id='word_1_169' title='bbox 624 3160 654 3223; x_wconf 76' lang='grc' dir='ltr'>δὲ</span> <span class='ocrx_word' id='word_1_170' title='bbox 687 3166 794 3224; x_wconf 83' lang='grc' dir='ltr'><strong><em>Πυλῶν</em></strong></span> <span class='ocrx_word' id='word_1_171' title='bbox 826 3159 875 3222; x_wconf 77' lang='grc' dir='ltr'><strong><em>καὶ</em></strong></span> <span class='ocrx_word' id='word_1_172' title='bbox 909 3166 966 3222; x_wconf 85' lang='grc' dir='ltr'><strong><em>πῶν</em></strong></span> <span class='ocrx_word' id='word_1_173' title='bbox 999 3159 1047 3222; x_wconf 76' lang='grc' dir='ltr'>ἐπὶ</span> <span class='ocrx_word' id='word_1_174' title='bbox 1077 3159 1145 3229; x_wconf 80' lang='grc' dir='ltr'>τοὺς</span> <span class='ocrx_word' id='word_1_175' title='bbox 1176 3161 1334 3230; x_wconf 82' lang='grc' dir='ltr'><strong><em>Ἕλληνας</em></strong></span> <span class='ocrx_word' id='word_1_176' title='bbox 1365 3159 1500 3236; x_wconf 76' lang='grc' dir='ltr'><strong><em>παρόδων</em></strong></span> <span class='ocrx_word' id='word_1_177' title='bbox 1524 3160 1568 3227; x_wconf 73' lang='grc' dir='ltr'>ε’ςὶ</span> <span class='ocrx_word' id='word_1_178' title='bbox 1594 3161 1644 3222; x_wconf 76' lang='grc' dir='ltr'><strong><em>καὶ</em></strong></span> <span class='ocrx_word' id='word_1_179' title='bbox 1670 3168 1814 3240; x_wconf 73' lang='grc' dir='ltr'><strong><em>Φρουραῐν</em></strong></span> 
     </span>
     <span class='ocr_line' id='line_1_22' title="bbox 623 3263 1814 3342; baseline 0 -13"><span class='ocrx_word' id='word_1_180' title='bbox 623 3267 675 3329; x_wconf 80' lang='grc' dir='ltr'><strong><em>καὶ</em></strong></span> <span class='ocrx_word' id='word_1_181' title='bbox 699 3263 794 3340; x_wconf 79' lang='grc' dir='ltr'><strong><em>ξένοις</em></strong></span> <span class='ocrx_word' id='word_1_182' title='bbox 818 3266 887 3335; x_wconf 81' lang='grc' dir='ltr'>τοὺς</span> <span class='ocrx_word' id='word_1_183' title='bbox 909 3265 1020 3335; x_wconf 69' lang='grc' dir='ltr'><strong><em>τόπους</em></strong></span> <span class='ocrx_word' id='word_1_184' title='bbox 1040 3268 1160 3332; x_wconf 75' lang='grc' dir='ltr'><strong><em>τούτους</em></strong></span> <span class='ocrx_word' id='word_1_185' title='bbox 1184 3268 1333 3342; x_wconf 74' lang='grc' dir='ltr'><strong><em>κατέχει,</em></strong></span> <span class='ocrx_word' id='word_1_186' title='bbox 1354 3271 1391 3328; x_wconf 93' lang='lat' dir='ltr'>ut</span> <span class='ocrx_word' id='word_1_187' title='bbox 1411 3268 1545 3329; x_wconf 85' lang='lat' dir='ltr'>minime</span> <span class='ocrx_word' id='word_1_188' title='bbox 1566 3265 1733 3331; x_wconf 79' lang='lat' dir='ltr'>tolerabile</span> <span class='ocrx_word' id='word_1_189' title='bbox 1752 3268 1814 3342; x_wconf 89' lang='lat' dir='ltr'>sit,</span> 
     </span>
     <span class='ocr_line' id='line_1_23' title="bbox 622 3370 1817 3458; baseline 0 -23"><span class='ocrx_word' id='word_1_190' title='bbox 622 3382 729 3436; x_wconf 87' lang='lat' dir='ltr'>tamen</span> <span class='ocrx_word' id='word_1_191' title='bbox 761 3393 822 3436; x_wconf 91' lang='lat' dir='ltr'>non</span> <span class='ocrx_word' id='word_1_192' title='bbox 854 3378 903 3434; x_wconf 87' lang='lat' dir='ltr'>est</span> <span class='ocrx_word' id='word_1_193' title='bbox 927 3371 1090 3446; x_wconf 78' lang='grc' dir='ltr'><strong><em>ὑβριςινόν.</em></strong></span> <span class='ocrx_word' id='word_1_194' title='bbox 1115 3370 1163 3434; x_wconf 93' lang='lat' dir='ltr'>De</span> <span class='ocrx_word' id='word_1_195' title='bbox 1186 3370 1286 3435; x_wconf 90' lang='lat' dir='ltr'>altero</span> <span class='ocrx_word' id='word_1_196' title='bbox 1309 3370 1379 3435; x_wconf 90' lang='lat' dir='ltr'>loco</span> <span class='ocrx_word' id='word_1_197' title='bbox 1405 3372 1459 3434; x_wconf 89' lang='lat' dir='ltr'>nbi</span> <span class='ocrx_word' id='word_1_198' title='bbox 1483 3370 1663 3458; x_wconf 76' lang='lat' dir='ltr'>Eurylochi</span> <span class='ocrx_word' id='word_1_199' title='bbox 1686 3378 1718 3436; x_wconf 92' lang='lat' dir='ltr'>et</span> <span class='ocrx_word' id='word_1_200' title='bbox 1742 3371 1817 3435; x_wconf 87' lang='lat' dir='ltr'>Par-</span> 
     </span>
     <span class='ocr_line' id='line_1_24' title="bbox 622 3473 1816 3552; baseline -0.001 -11"><span class='ocrx_word' id='word_1_201' title='bbox 622 3480 779 3542; x_wconf 87' lang='lat' dir='ltr'>menionis</span> <span class='ocrx_word' id='word_1_202' title='bbox 810 3478 930 3540; x_wconf 88' lang='lat' dir='ltr'>mentio</span> <span class='ocrx_word' id='word_1_203' title='bbox 954 3476 1007 3552; x_wconf 90' lang='lat' dir='ltr'>fit,</span> <span class='ocrx_word' id='word_1_204' title='bbox 1032 3476 1177 3541; x_wconf 81' lang='lat' dir='ltr'>historici</span> <span class='ocrx_word' id='word_1_205' title='bbox 1201 3482 1250 3540; x_wconf 89' lang='lat' dir='ltr'>est</span> <span class='ocrx_word' id='word_1_206' title='bbox 1274 3476 1448 3541; x_wconf 91' lang='lat' dir='ltr'>secundum</span> <span class='ocrx_word' id='word_1_207' title='bbox 1473 3473 1631 3542; x_wconf 77' lang='lat' dir='ltr'>(lebetum</span> <span class='ocrx_word' id='word_1_208' title='bbox 1655 3477 1733 3541; x_wconf 89' lang='lat' dir='ltr'>haec</span> <span class='ocrx_word' id='word_1_209' title='bbox 1757 3479 1816 3540; x_wconf 93' lang='lat' dir='ltr'>mi-</span> 
     </span>
     <span class='ocr_line' id='line_1_25' title="bbox 622 3583 1817 3667; baseline 0 -21"><span class='ocrx_word' id='word_1_210' title='bbox 622 3586 751 3647; x_wconf 87' lang='lat' dir='ltr'>nutiora</span> <span class='ocrx_word' id='word_1_211' title='bbox 783 3603 1048 3658; x_wconf 87' lang='lat' dir='ltr'>commemorare,</span> <span class='ocrx_word' id='word_1_212' title='bbox 1082 3603 1143 3646; x_wconf 89' lang='lat' dir='ltr'>non</span> <span class='ocrx_word' id='word_1_213' title='bbox 1175 3586 1326 3664; x_wconf 80' lang='lat' dir='ltr'>oratoris3</span> <span class='ocrx_word' id='word_1_214' title='bbox 1354 3583 1437 3647; x_wconf 93' lang='lat' dir='ltr'>unde</span> <span class='ocrx_word' id='word_1_215' title='bbox 1461 3585 1644 3666; x_wconf 86' lang='lat' dir='ltr'>suspicatur</span> <span class='ocrx_word' id='word_1_216' title='bbox 1666 3589 1817 3667; x_wconf 82' lang='lat' dir='ltr'>excerpta</span> 
     </span>
     <span class='ocr_line' id='line_1_26' title="bbox 621 3686 1817 3772; baseline -0.002 -20"><span class='ocrx_word' id='word_1_217' title='bbox 621 3689 719 3753; x_wconf 88' lang='lat' dir='ltr'>fuisse</span> <span class='ocrx_word' id='word_1_218' title='bbox 743 3688 782 3752; x_wconf 90' lang='lat' dir='ltr'>ab</span> <span class='ocrx_word' id='word_1_219' title='bbox 806 3686 912 3772; x_wconf 90' lang='lat' dir='ltr'>aliquo</span> <span class='ocrx_word' id='word_1_220' title='bbox 937 3686 1112 3751; x_wconf 81' lang='lat' dir='ltr'>Scholiasta</span> <span class='ocrx_word' id='word_1_221' title='bbox 1136 3708 1174 3750; x_wconf 83' lang='lat' dir='ltr'>ex</span> <span class='ocrx_word' id='word_1_222' title='bbox 1196 3686 1412 3772; x_wconf 80' lang='lat' dir='ltr'>Theopompo.</span> <span class='ocrx_word' id='word_1_223' title='bbox 1437 3688 1495 3751; x_wconf 83' lang='lat' dir='ltr'>ust</span> <span class='ocrx_word' id='word_1_224' title='bbox 1517 3687 1577 3752; x_wconf 88' lang='lat' dir='ltr'>hoc</span> <span class='ocrx_word' id='word_1_225' title='bbox 1601 3693 1712 3751; x_wconf 86' lang='lat' dir='ltr'>antem</span> <span class='ocrx_word' id='word_1_226' title='bbox 1735 3689 1817 3751; x_wconf 81' lang='lat' dir='ltr'>eins</span> 
     </span>
     <span class='ocr_line' id='line_1_27' title="bbox 623 3792 1815 3878; baseline -0.003 -20"><span class='ocrx_word' id='word_1_227' title='bbox 623 3794 709 3858; x_wconf 94' lang='lat' dir='ltr'>modi</span> <span class='ocrx_word' id='word_1_228' title='bbox 742 3799 777 3857; x_wconf 92' lang='lat' dir='ltr'>nt</span> <span class='ocrx_word' id='word_1_229' title='bbox 807 3796 840 3856; x_wconf 90' lang='lat' dir='ltr'>in</span> <span class='ocrx_word' id='word_1_230' title='bbox 871 3800 1040 3877; x_wconf 88' lang='lat' dir='ltr'>utramque</span> <span class='ocrx_word' id='word_1_231' title='bbox 1070 3799 1195 3877; x_wconf 86' lang='lat' dir='ltr'>partem</span> <span class='ocrx_word' id='word_1_232' title='bbox 1226 3793 1389 3878; x_wconf 87' lang='lat' dir='ltr'>disputare</span> <span class='ocrx_word' id='word_1_233' title='bbox 1419 3792 1514 3857; x_wconf 87' lang='lat' dir='ltr'>liceat</span> <span class='ocrx_word' id='word_1_234' title='bbox 1545 3814 1602 3857; x_wconf 90' lang='lat' dir='ltr'>nec</span> <span class='ocrx_word' id='word_1_235' title='bbox 1626 3795 1709 3857; x_wconf 88' lang='lat' dir='ltr'>tanti</span> <span class='ocrx_word' id='word_1_236' title='bbox 1733 3793 1815 3856; x_wconf 92' lang='lat' dir='ltr'>mihi</span> 
     </span>
     <span class='ocr_line' id='line_1_28' title="bbox 622 3897 1816 3983; baseline -0.001 -20"><span class='ocrx_word' id='word_1_237' title='bbox 622 3906 670 3963; x_wconf 88' lang='lat' dir='ltr'>est</span> <span class='ocrx_word' id='word_1_238' title='bbox 701 3898 864 3961; x_wconf 87' lang='lat' dir='ltr'>Parisinus</span> <span class='ocrx_word' id='word_1_239' title='bbox 895 3898 986 3975; x_wconf 84' lang='lat' dir='ltr'>liber,</span> <span class='ocrx_word' id='word_1_240' title='bbox 1011 3901 1122 3983; x_wconf 89' lang='lat' dir='ltr'>quanti</span> <span class='ocrx_word' id='word_1_241' title='bbox 1146 3897 1275 3962; x_wconf 84' lang='lat' dir='ltr'>videtur</span> <span class='ocrx_word' id='word_1_242' title='bbox 1299 3898 1437 3974; x_wconf 89' lang='lat' dir='ltr'>Blassio;</span> <span class='ocrx_word' id='word_1_243' title='bbox 1461 3902 1570 3983; x_wconf 89' lang='lat' dir='ltr'>itaque</span> <span class='ocrx_word' id='word_1_244' title='bbox 1593 3902 1816 3983; x_wconf 85' lang='lat' dir='ltr'>quaestionem</span> 
     </span>
     <span class='ocr_line' id='line_1_29' title="bbox 622 4002 1818 4088; baseline 0.001 -22"><span class='ocrx_word' id='word_1_245' title='bbox 622 4025 660 4068; x_wconf 91' lang='lat' dir='ltr'>ne</span> <span class='ocrx_word' id='word_1_246' title='bbox 685 4005 867 4088; x_wconf 81' lang='lat' dir='ltr'>attigissem</span> <span class='ocrx_word' id='word_1_247' title='bbox 891 4003 1037 4086; x_wconf 86' lang='lat' dir='ltr'>quidem,</span> <span class='ocrx_word' id='word_1_248' title='bbox 1063 4006 1125 4066; x_wconf 88' lang='lat' dir='ltr'>nisi</span> <span class='ocrx_word' id='word_1_249' title='bbox 1143 4002 1282 4067; x_wconf 86' lang='lat' dir='ltr'>indicare</span> <span class='ocrx_word' id='word_1_250' title='bbox 1303 4025 1428 4087; x_wconf 91' lang='lat' dir='ltr'>possem</span> <span class='ocrx_word' id='word_1_251' title='bbox 1446 4004 1518 4068; x_wconf 85' lang='lat' dir='ltr'>leve</span> <span class='ocrx_word' id='word_1_252' title='bbox 1537 4004 1710 4080; x_wconf 88' lang='lat' dir='ltr'>indicium,</span> <span class='ocrx_word' id='word_1_253' title='bbox 1731 4003 1818 4067; x_wconf 91' lang='lat' dir='ltr'>unde</span> 
     </span>
     <span class='ocr_line' id='line_1_30' title="bbox 623 4109 1816 4193; baseline -0.001 -19"><span class='ocrx_word' id='word_1_254' title='bbox 623 4111 804 4174; x_wconf 86' lang='lat' dir='ltr'>coniectura</span> <span class='ocrx_word' id='word_1_255' title='bbox 834 4112 904 4192; x_wconf 89' lang='lat' dir='ltr'>capi</span> <span class='ocrx_word' id='word_1_256' title='bbox 935 4116 1039 4193; x_wconf 88' lang='lat' dir='ltr'>potest</span> <span class='ocrx_word' id='word_1_257' title='bbox 1069 4129 1166 4192; x_wconf 89' lang='lat' dir='ltr'>quam</span> <span class='ocrx_word' id='word_1_258' title='bbox 1196 4111 1238 4170; x_wconf 90' lang='lat' dir='ltr'>sit</span> <span class='ocrx_word' id='word_1_259' title='bbox 1267 4109 1326 4173; x_wconf 90' lang='lat' dir='ltr'>hoc</span> <span class='ocrx_word' id='word_1_260' title='bbox 1356 4109 1612 4173; x_wconf 87' lang='lat' dir='ltr'>additamentum</span> <span class='ocrx_word' id='word_1_261' title='bbox 1636 4116 1816 4174; x_wconf 78' lang='lat' dir='ltr'>vetustum.</span> 
     </span>
     <span class='ocr_line' id='line_1_31' title="bbox 623 4213 1816 4301; baseline 0.003 -23"><span class='ocrx_word' id='word_1_262' title='bbox 623 4213 753 4279; x_wconf 86' lang='lat' dir='ltr'>Scilicet</span> <span class='ocrx_word' id='word_1_263' title='bbox 778 4214 929 4290; x_wconf 88' lang='lat' dir='ltr'>Photius‚</span> <span class='ocrx_word' id='word_1_264' title='bbox 962 4216 1017 4297; x_wconf 90' lang='lat' dir='ltr'>qui</span> <span class='ocrx_word' id='word_1_265' title='bbox 1047 4217 1096 4277; x_wconf 88' lang='lat' dir='ltr'>uti</span> <span class='ocrx_word' id='word_1_266' title='bbox 1129 4214 1259 4278; x_wconf 87' lang='lat' dir='ltr'>videtur</span> <span class='ocrx_word' id='word_1_267' title='bbox 1290 4236 1329 4277; x_wconf 80' lang='lat' dir='ltr'>ex</span> <span class='ocrx_word' id='word_1_268' title='bbox 1362 4214 1451 4279; x_wconf 84' lang='lat' dir='ltr'>Aelio</span> <span class='ocrx_word' id='word_1_269' title='bbox 1483 4214 1638 4301; x_wconf 88' lang='lat' dir='ltr'>Dionysio</span> <span class='ocrx_word' id='word_1_270' title='bbox 1662 4216 1816 4300; x_wconf 86' lang='lat' dir='ltr'>profecit,</span> 
     </span>
     <span class='ocr_line' id='line_1_32' title="bbox 622 4318 1819 4394; baseline 0.003 -11"><span class='ocrx_word' id='word_1_271' title='bbox 622 4319 787 4383; x_wconf 83' lang='lat' dir='ltr'>adnotavit</span> <span class='ocrx_word' id='word_1_272' title='bbox 815 4322 848 4381; x_wconf 92' lang='lat' dir='ltr'>in</span> <span class='ocrx_word' id='word_1_273' title='bbox 872 4318 991 4383; x_wconf 84' lang='lat' dir='ltr'>lexico:</span> <span class='ocrx_word' id='word_1_274' title='bbox 1017 4319 1181 4394; x_wconf 69' lang='grc' dir='ltr'><strong><em>παρώσας·</em></strong></span> <span class='ocrx_word' id='word_1_275' title='bbox 1207 4319 1358 4391; x_wconf 75' lang='grc' dir='ltr'><strong><em>ἐκβαλών.</em></strong></span> <span class='ocrx_word' id='word_1_276' title='bbox 1384 4320 1528 4383; x_wconf 88' lang='lat' dir='ltr'>Pertinet</span> <span class='ocrx_word' id='word_1_277' title='bbox 1551 4319 1819 4386; x_wconf 84' lang='lat' dir='ltr'>adnotatiuncula</span> 
     </span>
     <span class='ocr_line' id='line_1_33' title="bbox 623 4422 1818 4509; baseline 0.002 -20"><span class='ocrx_word' id='word_1_278' title='bbox 623 4426 662 4489; x_wconf 87' lang='lat' dir='ltr'>ad</span> <span class='ocrx_word' id='word_1_279' title='bbox 694 4424 785 4509; x_wconf 66' lang='lat'>§325</span> <span class='ocrx_word' id='word_1_280' title='bbox 818 4427 850 4487; x_wconf 89' lang='lat' dir='ltr'>in</span> <span class='ocrx_word' id='word_1_281' title='bbox 881 4444 944 4508; x_wconf 86' lang='lat' dir='ltr'>qua</span> <span class='ocrx_word' id='word_1_282' title='bbox 973 4427 1020 4486; x_wconf 89' lang='lat' dir='ltr'>ita</span> <span class='ocrx_word' id='word_1_283' title='bbox 1043 4422 1202 4507; x_wconf 79' lang='lat' dir='ltr'>legimus:</span> <span class='ocrx_word' id='word_1_284' title='bbox 1228 4422 1295 4501; x_wconf 79' lang='grc' dir='ltr'><strong><em>ἔχει</em></strong></span> <span class='ocrx_word' id='word_1_285' title='bbox 1320 4424 1351 4487; x_wconf 74' lang='grc' dir='ltr'>δὲ</span> <span class='ocrx_word' id='word_1_286' title='bbox 1376 4432 1427 4486; x_wconf 72' lang='grc' dir='ltr'><strong><em>καὶ</em></strong></span> <span class='ocrx_word' id='word_1_287' title='bbox 1452 4429 1505 4496; x_wconf 78' lang='grc' dir='ltr'>την</span> <span class='ocrx_word' id='word_1_288' title='bbox 1529 4426 1737 4499; x_wconf 74' lang='grc' dir='ltr'><strong><em>προμαντείαν</em></strong></span> <span class='ocrx_word' id='word_1_289' title='bbox 1763 4433 1818 4491; x_wconf 82' lang='grc' dir='ltr'>τοῦ</span> 
     </span>
     <span class='ocr_line' id='line_1_34' title="bbox 623 4530 1818 4617; baseline 0.003 -22"><span class='ocrx_word' id='word_1_290' title='bbox 623 4536 687 4596; x_wconf 77' lang='grc' dir='ltr'><strong><em>θεοῦ</em></strong></span> <span class='ocrx_word' id='word_1_291' title='bbox 713 4535 898 4610; x_wconf 77' lang='grc' dir='ltr'><strong><em>παρώσας</em></strong></span> <span class='ocrx_word' id='word_1_292' title='bbox 920 4533 1002 4604; x_wconf 73' lang='grc' dir='ltr'><strong><em>ἡμας</em></strong></span> <span class='ocrx_word' id='word_1_293' title='bbox 1025 4531 1076 4592; x_wconf 79' lang='grc' dir='ltr'>καὶ</span> <span class='ocrx_word' id='word_1_294' title='bbox 1099 4533 1289 4598; x_wconf 81' lang='grc' dir='ltr'><strong><em>Θετταλούς.</em></strong></span> <span class='ocrx_word' id='word_1_295' title='bbox 1311 4530 1398 4595; x_wconf 87' lang='lat' dir='ltr'>Illud</span> <span class='ocrx_word' id='word_1_296' title='bbox 1411 4553 1536 4617; x_wconf 86' lang='lat' dir='ltr'>quoque</span> <span class='ocrx_word' id='word_1_297' title='bbox 1548 4533 1818 4599; x_wconf 81' lang='lat' dir='ltr'>considerandum</span> 
     </span>
     <span class='ocr_line' id='line_1_35' title="bbox 624 4635 1819 4724; baseline 0.003 -22"><span class='ocrx_word' id='word_1_298' title='bbox 624 4659 686 4722; x_wconf 91' lang='lat' dir='ltr'>quo</span> <span class='ocrx_word' id='word_1_299' title='bbox 717 4641 786 4702; x_wconf 89' lang='lat' dir='ltr'>inre</span> <span class='ocrx_word' id='word_1_300' title='bbox 817 4635 956 4703; x_wconf 84' lang='lat' dir='ltr'>Cobetus</span> <span class='ocrx_word' id='word_1_301' title='bbox 980 4645 1180 4720; x_wconf 87' lang='lat' dir='ltr'>postremum</span> <span class='ocrx_word' id='word_1_302' title='bbox 1204 4636 1262 4700; x_wconf 93' lang='lat' dir='ltr'>hoc</span> <span class='ocrx_word' id='word_1_303' title='bbox 1287 4638 1440 4713; x_wconf 78' lang='grc' dir='ltr'><strong><em>ὐβριςινόν</em></strong></span> <span class='ocrx_word' id='word_1_304' title='bbox 1463 4660 1529 4702; x_wconf 91' lang='lat' dir='ltr'>esse</span> <span class='ocrx_word' id='word_1_305' title='bbox 1551 4645 1659 4724; x_wconf 81' lang='lat' dir='ltr'>neget.</span> <span class='ocrx_word' id='word_1_306' title='bbox 1684 4638 1747 4704; x_wconf 84' lang='lat' dir='ltr'>Sed</span> <span class='ocrx_word' id='word_1_307' title='bbox 1771 4645 1819 4705; x_wconf 91' lang='lat' dir='ltr'>in-</span> 
     </span>
     <span class='ocr_line' id='line_1_36' title="bbox 622 4741 1817 4828; baseline 0.006 -22"><span class='ocrx_word' id='word_1_308' title='bbox 622 4747 769 4807; x_wconf 86' lang='lat' dir='ltr'>tricatam</span> <span class='ocrx_word' id='word_1_309' title='bbox 811 4744 1026 4827; x_wconf 88' lang='lat' dir='ltr'>quaestionem</span> <span class='ocrx_word' id='word_1_310' title='bbox 1071 4741 1304 4807; x_wconf 88' lang='lat' dir='ltr'>studiosissime</span> <span class='ocrx_word' id='word_1_311' title='bbox 1345 4752 1530 4828; x_wconf 87' lang='lat' dir='ltr'>persecutus</span> <span class='ocrx_word' id='word_1_312' title='bbox 1571 4752 1619 4809; x_wconf 85' lang='lat' dir='ltr'>cst</span> <span class='ocrx_word' id='word_1_313' title='bbox 1653 4744 1817 4813; x_wconf 76' lang='lat' dir='ltr'>lohannes</span> 
     </span>
    </p>
   </div>
   <div class='ocr_carea' id='block_1_7' title="bbox 0 0 2268 5940">
    <p class='ocr_par' dir='ltr' id='par_1_7' title="bbox 0 0 2268 5940">
     <span class='ocr_line' id='line_1_37' title="bbox 0 0 2268 5940; baseline 0 0"><span class='ocrx_word' id='word_1_314' title='bbox 0 0 2268 5940; x_wconf 95' lang='lat' dir='ltr'> </span> 
     </span>
    </p>
   </div>
  </div>
 </body>
</html>
