4525 5950
541 683 584 748 64
1050 700 1217 748 nummos.

541 867 624 929 dente
652 864 848 928 infantibus:
890 863 1205 941 ἀναπρέΦοιισοιν
1247 864 1279 927 δὲ
1317 863 1441 941 προσέτι
1476 865 1586 929 παιδίω
1617 866 1730 942 διδύμω

540 992 598 1056 pro
622 971 868 1050 τρέφουσαν,
894 974 930 1032 ut
954 970 988 1030 in
1007 964 1041 1032 0.
1064 966 1102 1031 4:
1124 969 1174 1030 καὶ
1196 970 1339 1046 τρέφει
1360 972 1550 1049 ἀνθρωπικῶς
1570 971 1731 1050 ἐπέχουσα

541 1078 592 1140 τὸν
623 1084 794 1152 γυναικεῖον
824 1072 955 1146 μαστόν.
985 1072 1075 1151 Quod
1102 1075 1136 1136 in
1161 1071 1197 1138 G.
1222 1073 1241 1136 5
1266 1073 1405 1160 legitur:
1430 1077 1621 1156 γραφέων
1646 1086 1732 1141 παῖ·

540 1183 601 1251 δες
640 1180 854 1255 ἐπαινούντων,
895 1198 1089 1264 quamquam
1122 1178 1173 1241 his
1204 1178 1348 1262 prolaliis
1378 1202 1470 1266 saepe
1505 1181 1616 1246 senilis
1650 1184 1732 1246 inest

541 1288 734 1362 verbositas,
771 1293 879 1349 tamen
914 1286 970 1347 rix
1005 1284 1043 1347 ab
1079 1286 1149 1368 ipso
1184 1284 1325 1350 Lucieno
1360 1286 1506 1351 additum
1541 1288 1730 1353 crediderim

542 1396 646 1458 ieiune
674 1399 707 1456 et
736 1391 912 1475 insipidum
941 1389 1042 1455 illud:
1069 1385 1124 1461 οἷς
1149 1388 1267 1468 ἔργον
1292 1391 1445 1455 εἰδέναι
1470 1394 1519 1456 πά
1544 1399 1731 1458 τοιαῦτα.

540 1499 619 1562 Mor
641 1497 830 1582 legendnm:
865 1484 976 1559 ἀλλά
1008 1497 1073 1558 καὶ
1106 1499 1211 1559 κατά
1244 1498 1409 1575 θάτερον
1439 1500 1481 1563 πθ
1505 1504 1572 1563 τοῦ
1598 1502 1732 1579 ἀνθρώ·

540 1629 612 1668 πον
643 1626 700 1690 pro
732 1606 797 1666 nai
829 1604 911 1666 καθ’
941 1599 1072 1677 ἕτερον
1098 1607 1165 1665 τοῦ
1190 1604 1413 1687 ἀνθρώπω
1439 1610 1472 1667 ct
1494 1607 1527 1667 in
1552 1602 1588 1670 0.
1615 1604 1654 1668 9:
1680 1606 1728 1668 καὶ

541 1713 557 1784 ἡ
582 1709 674 1780 ἵππος
699 1713 715 1783 ἡ
741 1716 798 1771 πῶν
823 1710 977 1780 πολεμίων
1001 1709 1014 1770 ε’
1023 1708 1209 1788 verace„
1233 1730 1290 1793 pro
1314 1709 1479 1774 barbarico
1508 1711 1730 1786 ἐπελαύνη-

540 1836 622 1893 παι;
649 1821 682 1880 et
704 1817 738 1878 in
760 1811 795 1879 Ο.
822 1812 882 1877 1οε
908 1811 1101 1885 ἐμπεσόντων
1126 1814 1163 1884 ἀς
1189 1814 1303 1885 αὐτούς
1327 1835 1384 1899 pro
1409 1815 1465 1877 ἐπ’
1489 1815 1614 1883 αὐτούς.

583 2035 741 2099 Hermon.
773 2031 809 2098 O.
834 2031 865 2097 2.
897 2028 973 2095 ὥστε
1009 2032 1270 2096 ἐπαινέσουσι
1303 2033 1353 2095 καὶ
1387 2033 1486 2098 αὐτοί.
1518 2031 1678 2100 Constans
1701 2040 1731 2099 et

537 2149 710 2227 perpetuus
746 2139 879 2203 Luciani
914 2158 990 2201 usus
1025 2137 1163 2201 formam
1194 2137 1311 2203 Futuri
1346 2140 1470 2202 mediam
1506 2143 1662 2225 requirit,
1695 2147 1730 2203 ut

537 2245 646 2333 paullo
665 2265 777 2330 supra:
799 2247 850 2307 καὶ
870 2240 949 2307 οὗτοι
972 2244 1268 2307 ἐπαινέσονταί
1287 2268 1332 2308 σε.
1353 2245 1472 2331 Utique
1485 2245 1729 2331 corrigendum:

539 2354 762 2416 ἐπαινοῦσι.
795 2352 915 2435 Agitur
945 2352 1032 2413 enim
1063 2349 1101 2412 de
1134 2351 1191 2425 iis,
1225 2370 1304 2435 quae
1319 2351 1396 2432 fieri
1419 2351 1524 2427 solent,
1548 2359 1585 2415 ut
1609 2351 1729 2437 vulgus

537 2479 589 2523 eos
615 2456 741 2533 laudet,
766 2477 845 2542 quos
867 2476 886 2519 a
909 2455 1106 2540 principibus
1131 2457 1211 2519 viris
1234 2454 1358 2521 laudari
1382 2457 1500 2522 videat.
1534 2456 1599 2521 Nec
1623 2460 1727 2543 magis

536 2563 702 2629 ferendum
732 2565 765 2626 in
798 2560 833 2627 G.
860 2561 898 2626 3:
932 2561 991 2633 εἶν
1022 2562 1086 2638 γοὶρ
1118 2559 1193 2625 οὕτω
1224 2564 1484 2638 Φανθσεσθαι
1510 2584 1568 2647 pro
1592 2567 1730 2639 Φαίνε-

536 2672 638 2735 σθαι.
664 2671 741 2734 Post
760 2689 861 2753 pauca
880 2669 957 2731 satis
976 2666 1111 2731 absurde
1131 2666 1255 2731 editur:
1277 2668 1310 2741 ἦν
1331 2691 1389 2731 πον
1410 2668 1463 2732 καὶ
1485 2674 1535 2732 νῦν
1554 2668 1622 2743 ἐμοὶ
1646 2670 1678 2740 ἐς
1696 2669 1726 2730 ri

535 2784 636 2855 χεῖρον
659 2777 784 2854 ῥέπωσιν
810 2775 842 2838 αἱ
867 2778 966 2851 ψῆφοι
993 2775 1030 2836 ἐν
1053 2775 1094 2847 τῶ
1118 2774 1211 2852 λόγῳ.
1244 2773 1329 2851 Poet,
1363 2796 1426 2839 non
1448 2774 1528 2837 inter
1551 2778 1725 2841 orationem

533 2883 692 2947 iudicium
717 2881 828 2957 fertur,
853 2882 980 2964 opinor;
1006 2881 1114 2963 itaque
1138 2885 1326 2963 reponatur:
1353 2881 1417 2943 ἐπὶ
1441 2885 1483 2962 τῷ
1507 2885 1602 2960 λόγῳ.

579 3099 690 3185 Scyth.
716 3096 751 3164 Ο.
776 3096 814 3161 5:
845 3099 880 3167 ὥς
912 3099 965 3161 οὐκ
989 3096 1070 3161 ἔστιν
1093 3093 1112 3162 δ’
1132 3122 1162 3160 rr
1187 3097 1226 3161 ἀν
1249 3097 1393 3177 μεῖζόν
1417 3121 1461 3163 σοι
1487 3100 1616 3164 καλὸν
1640 3104 1722 3183 χειρί-

534 3206 648 3269 σασθαι
679 3204 837 3279 δοναθμνν.
868 3202 916 3267 Ne
941 3200 1100 3268 Graecum
1124 3203 1255 3288 quidem
1279 3209 1328 3267 est
1351 3204 1461 3279 μέγα
1486 3206 1614 3270 καλὸν
1638 3209 1722 3287 χοιρί-

534 3312 664 3386 σαοθαι,
689 3315 722 3374 et
745 3314 876 3394 apparet
899 3309 1039 3389 αεῒζθι
1064 3332 1122 3373 σοι
1148 3307 1250 3372 ἀλλο
1273 3330 1340 3373 esse
1362 3308 1547 3394 legendum.

578 3528 659 3593 Ibid.
694 3527 728 3594 Ο.
756 3525 785 3593 7.
817 3525 950 3592 Toxaris
982 3528 1021 3591 ad
1051 3527 1219 3593 Solonem:
1251 3527 1379 3594 Donum
1405 3530 1465 3594 tibi
1489 3531 1555 3596 fero
1579 3536 1722 3598 omnium

532 3636 809 3719 acceptissimum,
832 3635 1039 3717 peregrinum
1064 3636 1167 3697 amico
1190 3641 1222 3697 et
1242 3637 1398 3720 magistro
1416 3636 1629 3721 indigentem.
1656 3638 1723 3702 Bre

533 3742 701 3803 vissimum
733 3736 928 3822 eandemque
960 3740 1173 3802 certissimam
1205 3742 1291 3804 viam
1324 3741 1406 3804 mihi
1429 3744 1582 3825 reperisse
1607 3744 1722 3819 videor,

532 3865 629 3930 qnam
651 3842 834 3927 ingrediens
858 3864 933 3907 mox
955 3846 1062 3907 omnia
1085 3847 1267 3929 cognitione
1292 3845 1391 3930 digna
1413 3854 1582 3932 cognoscet
1608 3857 1641 3913 et
1658 3851 1722 3934 ipse

532 3954 654 4035 optimo
674 3951 788 4033 cuique
808 3955 903 4013 notus
923 3952 999 4014 erit:
1026 3954 1144 4013 τοῦτο
1166 3947 1247 4022 δ’ἦν
1271 3954 1328 4013 σοὶ
1351 3961 1645 4029 προσαγαγεῖν
1666 3955 1722 4017 αιἰ-

532 4057 608 4119 τόν.
633 4054 755 4119 Deinde
773 4056 898 4139 pergit:
920 4055 945 4118 εἱ
966 4056 1063 4119 ποθννν
1084 4055 1145 4130 ἐγὼ
1167 4056 1292 4119 Σθλωνοι
1312 4052 1399 4132 οἶδα,
1420 4055 1517 4121 οὕτω
1540 4082 1602 4123 ποι
1616 4063 1719 4134 ἀοεις

533 4161 584 4225 καὶ
617 4158 806 4235 προξενήσεις
840 4161 951 4236 αὐτοῦ,
984 4161 1034 4223 καὶ
1067 4162 1195 4232 πολίτην
1221 4163 1342 4237 γνήσιον
1368 4163 1541 4238 ἀποφανεῖς
1569 4175 1626 4236 τῆς
1653 4166 1722 4230 Ἐλ-

533 4266 635 4336 λάδος.
661 4262 819 4348 Corrupto
842 4271 917 4327 sunt
940 4267 1036 4330 verba
1059 4264 1159 4329 οὕτω
1184 4270 1382 4345 cosdroen
1409 4267 1489 4332 nihi]
1513 4271 1599 4333 enim
1622 4278 1673 4335 est
1691 4274 1722 4334 in

530 4372 722 4455 praegressis
754 4390 816 4454 quo
847 4368 914 4433 ulla
943 4373 1065 4435 ratione
1097 4371 1208 4435 referri
1239 4374 1371 4456 possint.
1401 4372 1585 4438 Sententiae
1609 4386 1730 4460 optum-

532 4483 597 4541 esi:
623 4480 764 4538 τοῦτον
789 4476 1000 4553 προσοίσει,
1024 4479 1103 4539 hunc
1126 4477 1159 4539 ιἰι
1185 4477 1346 4541 amicitiam
1369 4479 1504 4561 recipies.

978 4598 1275 4678 (Continccbuntur).
