4525 5950
1066 686 1209 739 ramnus.
1661 659 1727 728 393

535 862 674 944 poterat.
698 856 740 921 111
763 861 890 932 tamen,
914 858 942 919 si
966 875 1039 919 suos
1062 860 1281 940 procuratores
1305 874 1357 918 eas
1381 852 1602 917 administrare
1621 850 1727 927 iubet,

537 963 584 1028 111
608 961 697 1028 aliud
718 982 815 1048 quam
839 961 921 1027 dono
945 982 997 1026 eas
1021 963 1148 1047 accipit.
1171 961 1258 1047 Ergo
1282 981 1356 1025 cum
1380 957 1530 1044 loquendi
1548 958 1728 1023 urbanitate

537 1090 702 1134 summam
729 1071 839 1155 iungit
869 1067 987 1133 Seneca
1017 1068 1235 1133 acerbitatem.
1267 1067 1329 1132 Sed
1352 1069 1436 1151 perit
1459 1085 1553 1130 omne
1577 1066 1728 1130 orationis

536 1176 731 1253 artificium,
767 1177 794 1239 si
830 1181 992 1261 praeterea
1024 1173 1146 1260 aliquid
1183 1173 1312 1238 additur
1347 1171 1452 1237 simile
1482 1175 1553 1236 istis
1583 1172 1616 1234 in
1648 1179 1728 1234 tuam

528 1284 695 1369 fortunam
718 1281 830 1363 recepi,
858 1282 973 1366 quibus
996 1280 1075 1346 olim
1096 1279 1299 1366 magistellos
1316 1279 1486 1345 lectionem
1504 1278 1571 1342 iude
1584 1301 1644 1361 per
1661 1300 1729 1359 pro-

535 1396 691 1454 curatores
714 1396 779 1452 tuoe
798 1387 1007 1451 administrari
1024 1387 1213 1452 illustravit.
1241 1387 1291 1450 An
1310 1407 1495 1451 censeamus
1514 1385 1553 1450 de
1573 1385 1730 1449 industria

536 1499 617 1563 haec
648 1497 693 1561 sic
724 1516 742 1560 a
773 1494 883 1560 Tacito
915 1496 1017 1580 posita
1040 1515 1125 1571 esse,
1149 1500 1187 1558 ut
1210 1496 1364 1559 sermonis
1387 1493 1585 1570 ubertatem,
1609 1512 1672 1578 quo
1695 1493 1729 1556 in

534 1603 703 1669 scribendo
727 1623 805 1666 usus
828 1607 911 1666 esset
934 1601 1069 1680 Seneca,
1089 1598 1293 1666 imitaretur?
1316 1600 1352 1665 Ι1
1372 1621 1491 1686 magno
1510 1600 1627 1665 honore
1645 1620 1728 1664 nunc

535 1708 697 1776 eiusmodi
721 1713 796 1772 sunt
820 1713 1030 1794 argumenta,
1055 1729 1128 1773 cum
1154 1707 1186 1771 id
1209 1709 1318 1794 agitur
1341 1714 1378 1771 ut
1400 1706 1552 1772 lectiones
1576 1705 1727 1782 traditae,

534 1818 687 1902 quamvis
707 1814 876 1892 absurdae,
898 1813 1117 1880 defendantur.
1137 1814 1180 1877 At
1199 1835 1258 1900 ego
1278 1834 1442 1898 nunquam
1461 1812 1538 1878 adeo
1557 1813 1729 1877 verbosum

535 1923 636 1988 fuisse
655 1921 807 1987 Senecam
828 1920 920 1987 credo
940 1926 993 1999 ut,
1013 1942 1088 1986 cum
1107 1919 1248 2005 aliquam
1268 1941 1337 1985 rem
1357 1926 1455 1997 tecte,
1476 1927 1582 1998 acute,
1596 1926 1729 1984 venuste

534 2028 751 2115 significasset
772 2034 804 2093 11
826 2027 1008 2114 legentibus
1030 2025 1275 2112 intelligendam
1299 2026 1498 2113 reliquisset,
1518 2030 1628 2093 statim
1648 2029 1729 2093 eius

532 2136 611 2201 dem
628 2138 746 2200 tritum
766 2135 1054 2221 quotidianumque
1074 2154 1190 2199 nomen
1210 2133 1357 2211 adderet;
1372 2133 1426 2199 sed
1438 2155 1511 2199 cum
1524 2149 1728 2221 personatum

533 2241 690 2308 Senecam
711 2244 756 2306 sic
775 2240 960 2326 loquentem
981 2240 1093 2307 audio:
1116 2262 1234 2319 „senex
1253 2249 1286 2306 et
1305 2240 1480 2306 levissimis
1499 2262 1624 2327 quoque
1643 2244 1729 2307 curis

531 2351 652 2434 impar,
666 2369 740 2412 cum
753 2369 827 2434 opes
840 2369 926 2413 meas
938 2347 1026 2412 ultra
1037 2349 1194 2412 sustinere
1206 2368 1268 2412 non
1280 2350 1399 2432 possim
1410 2396 1418 2424 ,
1431 2346 1626 2432 praesidium
1639 2353 1727 2433 peto:

530 2455 612 2521 iube
632 2475 688 2539 per
708 2461 928 2540 procuratores
948 2461 1020 2519 tuos
1039 2454 1268 2518 administrari.
1297 2453 1362 2518 Nec
1383 2457 1487 2519 11111
1507 2460 1728 2541 paupertatem

531 2565 606 2647 ipse
630 2560 815 2638 detrudam,
840 2560 895 2625 sed
919 2560 1063 2639 traditis,
1086 2581 1224 2647 quorum
1247 2559 1373 2647 fulgore
1396 2563 1620 2648 praestringor,
1645 2560 1729 2646 quod

539 2669 697 2752 temporis
728 2667 897 2731 hortorum
927 2673 983 2731 aut
1013 2665 1168 2731 villarum
1198 2687 1291 2731 curae
1322 2669 1494 2752 seponitur,
1526 2669 1728 2732 inanimum

535 2773 727 2851 rsvocabo'’,
747 2772 842 2837 laudo
862 2770 1063 2857 admirorque
1082 2780 1244 2839 auctorem
1264 2772 1406 2850 fabulae,
1427 2780 1574 2859 certeque
1593 2774 1729 2860 dignum

532 2902 614 2946 cum
637 2882 783 2958 arbitror,
805 2881 860 2966 qui
879 2899 898 2945 a
920 2878 1091 2945 sciolorum
1111 2879 1192 2944 nihil
1211 2879 1465 2968 intelligentium
1483 2883 1727 2967 importunitate

535 2979 738 3051 defendatur.

584 3092 624 3155 A.
648 3090 735 3169 XIV,
760 3090 814 3155 59.
837 3090 991 3157 Plautum
1017 3092 1205 3179 Sullamque
1228 3095 1293 3157 iam
1317 3091 1443 3172 exules,
1468 3093 1522 3159 sed
1547 3115 1625 3180 quos
1643 3116 1729 3160 sum-

533 3218 667 3282 mopere
703 3200 798 3262 etiarn
832 3198 1019 3263 metuendos
1053 3220 1120 3265 esee
1152 3203 1182 3265 ei
1213 3199 1393 3287 Tigellinus
1425 3207 1640 3285 persuaserat,
1672 3222 1728 3287 per

532 3325 738 3391 percussores
761 3325 835 3370 suos
855 3305 893 3370 de
913 3305 1019 3371 medio
1039 3305 1172 3370 sustulit
1192 3305 1291 3385 Nero,
1312 3309 1504 3393 scripsitque
1522 3308 1561 3372 ad
1580 3314 1727 3372 senatum

531 3412 665 3489 literae,
697 3412 815 3496 quibus
838 3415 1003 3476 securitati
1027 3412 1220 3497 reipublicae
1243 3434 1261 3478 a
1284 3435 1317 3479 se
1341 3412 1524 3480 consultum
1547 3417 1727 3480 nuntiaret:

584 3518 757 3597 ,Deoretae
788 3539 825 3583 so
857 3522 985 3584 nomine
1010 3518 1275 3604 supplicationes,
1299 3526 1399 3606 utque
1423 3519 1514 3586 Sulla
1537 3528 1570 3586 et
1592 3520 1727 3587 Plautus

533 3632 651 3692 senatu
674 3631 891 3702 moverentur,
915 3626 1117 3711 gravioribus
1142 3632 1200 3688 1111
1222 3624 1371 3692 ludibriis
1394 3649 1491 3713 quam
1514 3627 1640 3694 malis.”

583 3730 637 3796 Sic
667 3734 701 3795 in
732 3730 837 3797 codice
868 3737 925 3796 est.
957 3729 1027 3794 lam
1049 3752 1067 3795 a
1090 3733 1205 3815 primis
1227 3732 1301 3797 inde
1324 3734 1521 3819 temporibus
1546 3736 1665 3813 critici,
1690 3741 1727 3799 ut

532 3859 595 3926 pro
626 3845 685 3899 tam
716 3836 804 3901 aliud
835 3835 1029 3902 vocabulum
1061 3844 1265 3924 reponerent,
1298 3839 1382 3925 quod
1412 3842 1520 3924 aptius
1551 3840 1724 3918 videretur,
1768 3929 1770 3932 ι
1832 3862 1834 3864 ’

533 3943 748 4009 desudarunt:
780 3945 814 4006 in
845 3943 1055 4008 deterioribus
1086 3951 1135 4008 est
1166 3951 1281 4021 1111111,
1315 3945 1464 4030 Agricola
1490 3946 1551 4008 iam
1574 3948 1724 4025 coniecit,

532 4049 689 4116 Halmius
720 4057 790 4114 1111.
822 4051 866 4114 At
896 4049 979 4113 nihil
1010 4050 1247 4136 reponendum,
1281 4073 1407 4136 unaque
1435 4051 1533 4117 litura
1556 4051 1726 4118 delendum

531 4156 626 4223 istud
655 4163 715 4219 tem
745 4176 873 4233 censeo,
906 4162 1018 4241 utpote
1049 4156 1247 4242 adscriptum
1277 4159 1315 4222 ab
1346 4157 1472 4223 indocto
1496 4159 1643 4236 homine,
1670 4162 1725 4245 qui

535 4263 622 4330 unde
646 4286 732 4348 quara
754 4262 904 4348 penderet
929 4283 990 4326 non
1009 4235 1224 4349 intelligedet,
1246 4270 1278 4330 et
1299 4285 1393 4348 quem
1414 4263 1726 4329 omnesententiolae

534 4374 664 4457 fugeret
687 4390 831 4434 acumen.
856 4368 927 4435 Hoc
949 4369 1015 4434 fere
1038 4369 1116 4434 dicit
1140 4369 1288 4435 Tacitus:
1317 4392 1377 4447 „ne
1400 4373 1470 4455 ipsa
1493 4371 1621 4456 quidem
1645 4371 1726 4435 mal,

531 4483 569 4559 (i.
593 4499 620 4542 e.
652 4478 761 4541 caedes
792 4476 868 4541 illae
901 4483 934 4541 11
965 4476 1171 4542 crudelitates
1196 4477 1341 4558 Neronis)
1367 4485 1435 4542 tam
1458 4481 1570 4564 gravia
1593 4482 1725 4566 cognitu

530 4591 610 4650 sunt
633 4590 776 4667 (tamque
800 4582 898 4668 digna
921 4582 995 4647 odio
1018 4591 1126 4647 nostro
1150 4591 1183 4648 et
1206 4583 1449 4670 indignatione),
1468 4606 1564 4669 quam
1584 4585 1725 4650 scurrilis

529 4695 597 4757 ista
620 4696 652 4754 11
676 4689 798 4755 abiecta
821 4696 952 4754 senatus
976 4689 1152 4756 adulatio.”

581 4800 619 4861 Α.
642 4795 710 4873 XV,
733 4794 784 4861 65.
807 4796 929 4874 „Fama
949 4797 1011 4861 luit
1030 4796 1183 4861 Subrium
1197 4796 1333 4862 Flavum
1346 4820 1421 4862 cum
1432 4800 1725 4867 centurionibus...
