4525 5950
646 685 713 752 252
1137 701 1179 748 na
1202 700 1345 749 oaanms.

645 866 790 931 Ἱππότου
822 870 875 929 τοῦ
908 864 1065 936 Φιίλοιντος
1092 865 1231 928 ε’νέπεσεν
1256 866 1284 933 ἐς
1313 863 1347 927 τό
1371 862 1576 943 στροοτόπεόσν
1601 871 1663 934 τοῖς
1692 868 1839 942 Δωριεῦσι

645 975 766 1049 μόνιμα
800 973 1014 1047 ’Δπόλλοινος,
1047 972 1098 1033 κοιί
1131 971 1278 1043 Ἱππότης
1312 995 1346 1034 τε
1379 971 1498 1051 ἔφυγεν
1528 970 1578 1034 ε’πί
1611 973 1653 1049 τῷ
1678 971 1762 1049 φόνῳ
1788 972 1838 1032 καί

648 1083 810 1157 Δωριεῦσιν
831 1077 893 1140 οίπό
914 1076 1021 1140 τούτου
1041 1076 1092 1139 τόν
1112 1078 1288 1153 Ἀκαρνᾶνα
1310 1076 1422 1151 μοίντιν
1444 1075 1629 1148 κιιόόστνκεν
1643 1075 1838 1139 ίλοίσκεσίκι.

646 1184 733 1248 ω’λλόι
766 1185 828 1261 γὰρ
862 1183 1113 1257 Λακεδαιμονίοις
1147 1183 1206 1259 οὐχ
1238 1177 1322 1252 οὗτος
1347 1181 1360 1243 ό
1388 1181 1523 1253 Οίκέτιις
1548 1181 1612 1245 ἔστί
1639 1181 1838 1258 Κοίρνειος,ό

647 1291 677 1353 δὲ
713 1290 742 1351 ἐν
777 1293 829 1352 τοῦ
864 1291 1003 1365 μοίντεως
1044 1289 1129 1362 Κρίου
1166 1286 1334 1362 τεμόμενος
1369 1292 1507 1366 ’Azareis
1540 1286 1585 1351 ἔτι
1619 1287 1753 1364 ἐχόντων
1786 1287 1839 1358 τὴν

647 1395 803 1473 Σποίρτνν.

691 1501 849 1565 Distincte
881 1500 933 1564 hic
964 1499 1139 1563 Pausanias
1170 1505 1294 1583 separat
1326 1496 1485 1564 Carneum
1516 1497 1685 1574 Oeoetam,
1717 1500 1775 1582 qui
1803 1500 1838 1560 in

646 1609 729 1672 vetis
764 1605 829 1668 θεόν’
858 1603 1005 1669 Theoclis
1036 1603 1095 1667 filii
1126 1603 1257 1669 aedibus
1280 1604 1429 1668 habitans
1452 1605 1491 1669 ab
1514 1605 1641 1667 Actaeis
1664 1603 1838 1669 Laconicae

645 1712 782 1777 dominis
804 1713 1039 1794 antiquissimis
1062 1709 1235 1786 colebatur,
1260 1730 1278 1774 a
1305 1711 1417 1773 Carneo
1440 1710 1584 1792 Apolline
1606 1710 1664 1775 deo
1684 1709 1840 1772 Dorieau'·

645 1820 698 1880 bue
720 1838 823 1893 sacro,
848 1819 903 1901 qui
927 1814 1026 1880 simul
1049 1837 1124 1880 cum
1146 1814 1325 1880 Heraclidis
1343 1819 1377 1880 in
1398 1815 1655 1902 Peloponnesum
1676 1819 1839 1901 ingressus

645 1924 684 1987 ob
708 1921 803 1988 Carni
826 1924 909 1986 vatis
933 1924 983 1986 sui
1008 1927 1144 1986 mortem
1168 1926 1277 2006 postea
1300 1941 1318 1985 a
1338 1919 1547 1985 Doriensibus
1566 1921 1686 2006 placari
1705 1919 1837 1984 solebat.

646 2029 757 2093 Monet
787 2049 845 2092 nos
874 2030 1057 2110 iterumque
1088 2032 1197 2090 monet
1223 2026 1397 2091 Pausanias
1421 2047 1460 2091 ne
1485 2027 1623 2103 Κάρνειον
1646 2029 1837 2111 cognomine

647 2131 775 2198 Οίκίτου
798 2131 997 2218 appellatum
1021 2153 1096 2196 cum
1121 2133 1252 2210 Κειρνείῳ
1277 2132 1450 2195 Ἀπόλλωνι
1474 2131 1716 2197 confundamus.

689 2239 759 2304 lam
790 2241 901 2302 statim
928 2236 1151 2323 intellegimus
1174 2235 1306 2322 Spartae
1330 2237 1446 2302 factam
1471 2259 1538 2303 esse
1562 2239 1631 2300 θεῶν
1655 2238 1834 2313 σύγκρισιν,

644 2347 736 2409 cuius
760 2342 907 2428 exempla
930 2349 1070 2407 sescenta
1093 2343 1223 2428 praebet
1242 2342 1445 2429 mythologie
1463 2345 1611 2428 antiqua;
1633 2342 1731 2407 deum
1752 2345 1833 2406 enim

645 2449 827 2535 Apollinem
858 2451 891 2511 in
923 2447 1037 2514 (larnai
1060 2447 1222 2512 daemonis
1245 2445 1370 2512 cultum
1394 2450 1573 2512 insinuasse
1596 2468 1629 2512 se
1653 2454 1750 2532 atque
1773 2449 1832 2521 ita,

644 2561 682 2619 ut
714 2552 827 2620 Oamei
862 2574 976 2618 nomen
1011 2553 1073 2617 sibi
1107 2561 1284 2618 assumeret
1318 2555 1500 2637 festumque
1534 2560 1643 2639 postea
1673 2553 1833 2617 daemonia

644 2660 839 2746 appellativo
869 2659 1074 2724 iudicaretur.
1098 2659 1187 2725 Idem
1211 2662 1318 2724 evenit
1342 2659 1502 2746 Amyclis,
1527 2660 1583 2724 nbi
1606 2659 1704 2725 deum
1729 2659 1833 2724 chtho

644 2768 735 2830 nium
768 2764 987 2850 Hyacinthum
1020 2764 1145 2849 expulit
1175 2763 1308 2850 Apollo,
1342 2765 1425 2829 unde
1452 2787 1491 2829 ex
1514 2764 1572 2829 illo
1594 2765 1669 2829 inde
1694 2772 1833 2851 temporo

643 2872 786 2936 invocari
816 2868 938 2934 solebat
968 2868 1084 2954 Apollo
1115 2869 1344 2956 Hyacinthius.
1374 2869 1519 2955 Vestigia
1543 2877 1652 2935 autem
1678 2869 1770 2935 illius
1794 2873 1833 2935 in-

644 2979 782 3042 vasionis
806 2976 889 3062 apud
913 2977 1105 3041 Pausaniam
1126 2979 1224 3040 etiam
1243 2983 1380 3055 restant,
1400 2998 1475 3042 nam
1497 2983 1549 3041 τοῦ
1570 2979 1600 3042 δὲ
1623 2980 1711 3056 Κρίου
1732 2979 1833 3062 inquit

643 3079 813 3164 νεμιζοιίσρ
843 3092 881 3161 τῇ
913 3083 1041 3159 teperet
1073 3080 1147 3157 ὕδωρ
1172 3082 1375 3161 συντυχόντες
1400 3082 1591 3147 κοιτοίσκοπσι
1617 3089 1676 3145 τῶν
1702 3083 1832 3163 Δωριέων

644 3191 723 3268 adr&
756 3212 790 3250 τε
823 3188 970 3265 οίφίκυντο
1002 3188 1030 3258 ἕς
1063 3187 1193 3265 λόγους,
1220 3190 1271 3249 κοιί
1296 3190 1383 3265 ποιρόι
1408 3192 1458 3253 τόν
1483 3197 1568 3266 Κρίον
1592 3189 1731 3260 ἐλθόντες
1757 3188 1833 3254 dadd-

644 3317 767 3358 σκοντοιι
800 3296 853 3366 τὴν
884 3291 997 3357 ἅλωσιν
1028 3300 1084 3364 τῆς
1118 3293 1265 3370 Σπάρτης
1298 3293 1382 3372 (1.1.).
1414 3295 1518 3359 Suum
1543 3301 1652 3360 autem
1676 3293 1833 3361 Carneum

643 3408 681 3464 ut
712 3421 730 3465 a
759 3420 842 3463 novo
874 3398 931 3463 deo
961 3397 1111 3484 Apolline
1136 3396 1257 3464 Carneo
1280 3399 1420 3465 Lacones
1444 3400 1558 3465 exinde
1581 3399 1832 3487 distinguerent,

642 3505 693 3570 illi
711 3504 899 3570 addiderunt
918 3525 1095 3590 cognomen
1117 3505 1261 3582 Οίκότοιν,
1282 3506 1366 3589 quod
1386 3505 1832 3593 minimesignificateeroam,

644 3611 699 3676 sed
730 3610 827 3675 talem
857 3613 913 3694 qui
943 3613 975 3674 in
1007 3613 1109 3695 ipsius
1141 3610 1280 3675 familiae
1304 3614 1375 3676 sinu
1400 3613 1542 3677 obtineat
1565 3612 1691 3688 locum,
1715 3616 1774 3698 qui
1797 3611 1833 3677 ad

644 3714 801 3781 familiam
825 3719 996 3801 pertineat,
1021 3738 1081 3781 non
1106 3715 1296 3802 alienigena.
1321 3715 1373 3782 Sic
1398 3717 1580 3783 Herodotus
1605 3720 1646 3782 τόν
1667 3718 1762 3782 σε’κνιι
1784 3718 1833 3781 κοί

644 3826 698 3896 τίιν
722 3830 856 3897 γυναῖκα
883 3828 976 3886 vocat
999 3821 1120 3891 cleirac
1139 3822 1172 3899 ¹).

689 3928 855 3993 Dorienses
890 3949 981 4004 vero,
1018 3927 1153 3993 simulac
1188 3931 1332 4013 ipsorum
1365 3929 1528 3994 Ἀπόλλων
1567 3930 1680 4007 Νόμιον
1696 3929 1723 4008 ²)
1762 3951 1834 3996 cum

643 4039 807 4120 pastorum
831 4037 934 4119 prisco
957 4036 1088 4098 numine
1114 4036 1245 4113 Καρνείῳ
1269 4033 1404 4112 coaluit,
1425 4056 1541 4100 novam
1561 4038 1835 4121 inveneruntque

643 4138 757 4206 Oarnei
791 4138 949 4224 Apollinis
985 4160 1100 4204 nomen
1135 4139 1331 4224 explicarent
1365 4144 1533 4206 rationem.
1566 4140 1712 4205 Tradidit
1748 4144 1832 4206 enim

643 4244 886 4330 Pheopompus,
912 4249 1023 4309 auctor
1045 4249 1110 4308 tam
1134 4244 1295 4309 Theocriti
1313 4245 1500 4311 scholiastae
1521 4266 1616 4330 quam
1638 4247 1833 4324 Pausaniae,

644 4349 786 4417 Carnum
810 4351 896 4426 γένος
922 4347 956 4421 ἐξ
979 4350 1184 4426 Ἀκοιρνοινίοις
1209 4350 1434 4424 μαντευόμενον
1459 4350 1489 4414 δὲ
1514 4348 1547 4426 ἐξ
1572 4352 1768 4422 ’Λπόλλωνος
1790 4354 1835 4415 iu·

643 4456 813 4522 terfectum
836 4476 903 4520 esse
926 4455 964 4519 ab
987 4454 1130 4540 Hippota
1156 4455 1278 4541 Phylae
1298 4455 1383 4533 lilio,
1404 4457 1463 4521 hac
1482 4455 1520 4521 de
1538 4476 1633 4520 causa
1652 4456 1834 4541 Apollinem

678 4713 705 4775 ι)
723 4710 790 4770 vm,
810 4712 866 4759 roe.

677 4795 701 4855 ο)
720 4793 756 4842 οι.
775 4797 819 4857 ap.
838 4793 915 4842 auor.
934 4792 978 4851 ιν,
997 4793 1069 4841 rare.
