4525 5950
635 674 678 742 76
1168 692 1310 740 romnus.

635 880 703 935 res,
728 878 808 943 quae
832 860 1025 943 cogitatione
1048 866 1095 921 est
1119 856 1314 942 supplenda,
1339 857 1372 921 id
1397 878 1472 921 vero
1498 861 1664 941 perspicue
1688 862 1835 924 enuntia·

635 974 706 1028 tur:
732 965 873 1048 „paratis
896 966 962 1027 iam
986 964 1210 1047 dispositisque
1233 962 1396 1027 Flavianis
1419 964 1647 1050 impingitur’'.

682 1068 723 1133 H.
748 1068 805 1143 ΙΙΙ,
831 1067 883 1132 32.
915 1066 1089 1134 Cremonae
1111 1069 1324 1134 incendendae
1350 1073 1421 1154 quis
1444 1075 1556 1134 auctor
1579 1071 1679 1135 tuerit
1703 1069 1834 1136 Tacitus

636 1197 698 1240 non
721 1174 875 1253 deelarat;
901 1176 959 1239 hoc
982 1174 1085 1239 solum
1110 1181 1234 1239 narrat:

682 1280 810 1357 „Ceteri
831 1280 926 1344 duces
945 1283 978 1343 in
998 1282 1149 1345 obscuro:
1172 1283 1349 1345 Antonium
1371 1281 1499 1345 fortuna
1521 1282 1670 1367 famaque
1686 1285 1834 1347 omnium

588 1396 595 1409 ⁶
634 1386 735 1452 oeulis
765 1392 964 1470 exposuerat.
995 1386 1026 1450 Is
1055 1386 1196 1450 balineas
1229 1385 1387 1451 abluendo
1419 1390 1542 1472 corpori
1574 1409 1708 1472 propere
1743 1391 1834 1473 petit.

634 1492 775 1576 Excepta
806 1513 866 1555 vox
899 1499 964 1569 est,
997 1514 1073 1556 cum
1109 1500 1252 1576 teporem
1282 1495 1460 1568 incusaret,
1486 1497 1599 1557 statim
1623 1494 1776 1557 futurum
1800 1500 1835 1558 ut

632 1597 876 1663 incalescerent:
910 1598 1031 1663 vernile
1062 1598 1186 1661 dictum
1218 1619 1347 1662 omnem
1378 1598 1536 1663 invidiam
1567 1602 1601 1663 in
1633 1621 1710 1664 sum
1735 1602 1835 1665 vertit

633 1711 800 1789 tamquam
824 1708 956 1791 signum
980 1705 1194 1769 incendendae
1218 1703 1393 1771 Cremonae
1416 1705 1588 1770 dedissct'’.

686 1811 806 1875 Vertite
837 1832 899 1876 non
930 1812 1207 1896 reprehensionem
1238 1814 1398 1886 continet,
1435 1812 1518 1876 nihil
1552 1808 1641 1876 aliud
1673 1813 1835 1898 significat

635 1938 731 2002 quam
767 1920 851 1980 servi
886 1916 1105 1995 (balneatoris)
1141 1937 1176 1980 ea
1208 1918 1304 1981 verba
1335 1917 1443 1981 tuisse.
1476 1916 1523 1980 Ob
1557 1925 1701 2003 teporem
1735 1940 1834 2004 aquae

635 2027 793 2088 Antonius
825 2045 954 2088 servum
984 2023 1079 2087 illum
1110 2023 1371 2107 reprehenderat;
1405 2023 1611 2107 responderat
1635 2023 1710 2089 ille:
1738 2047 1833 2102 „mox

635 2129 837 2195 incalescet''.
870 2131 1029 2193 Antonius
1053 2129 1129 2215 quid
1155 2129 1286 2192 dixisset
1309 2150 1403 2193 nemo
1427 2130 1562 2204 sciebat,
1588 2129 1643 2193 sed
1666 2130 1833 2206 homines,

637 2239 692 2322 qui
716 2256 813 2320 prope
837 2236 1021 2312 adstabant,
1049 2235 1191 2319 aliquem
1215 2237 1355 2298 Antonio
1382 2234 1624 2318 respondentem
1645 2235 1834 2301 audiverant

640 2364 735 2420 „mox
764 2340 966 2415 incalescet''‚
997 2340 1069 2405 inde
1101 2343 1282 2405 coniectura
1305 2348 1378 2404 nata
1403 2345 1452 2405 est
1476 2340 1514 2404 de
1537 2341 1734 2406 incendenda
1761 2343 1834 2406 urbe

636 2451 797 2513 intereos
820 2448 918 2511 tuisse
942 2467 1134 2512 sermonem.

685 2554 728 2618 H.
752 2553 809 2626 ΙΙΙ,
836 2553 888 2618 39.
921 2552 1055 2630 „Blaeso
1079 2575 1174 2638 snper
1196 2553 1376 2617 claritatem
1400 2552 1560 2618 natalium
1583 2561 1615 2619 et
1639 2554 1834 2640 elegantiam

638 2681 768 2725 morum
792 2660 864 2723 fidei
889 2661 1058 2724 obstinatio
1081 2661 1162 2724 fuit:
1186 2663 1322 2744 integris
1347 2681 1472 2745 quoque
1495 2661 1588 2724 rebus
1609 2681 1627 2724 a
1648 2659 1787 2728 Caecina
1806 2672 1834 2726 et

638 2766 833 2851 primoribus
853 2767 994 2849 partium
1016 2768 1081 2830 iarn
1101 2764 1268 2830 Vitellium
1281 2766 1526 2850 aspernantibus
1539 2766 1682 2831 ambitus
1695 2768 1833 2832 abnuere

636 2872 885 2958 perseverarit''.

682 2980 815 3059 Intcyria
846 3002 958 3064 qaoque
988 2980 1073 3042 rebus
1097 2981 1118 3043 i.
1138 3000 1163 3042 e.
1189 2981 1376 3064 priusquam
1402 2999 1512 3065 pugna
1536 2977 1747 3046 Cremonensi
1771 3002 1835 3066 par·

639 3089 724 3150 tium
756 3085 1001 3150 Vitellianarum
1032 3106 1106 3168 opes
1136 3085 1254 3149 tractae
1285 3093 1385 3149 erant.
1418 3084 1453 3150 Si
1479 3085 1665 3169 postillam
1691 3108 1833 3172 pugnam

637 3192 770 3256 Blaesus
794 3193 956 3256 abnuisset
986 3190 1216 3254 Vitellianorum
1235 3192 1297 3252 dan
1308 3191 1394 3273 fieri,
1416 3212 1530 3275 parum
1551 3194 1679 3277 insigne
1698 3192 1835 3257 dedisset

637 3298 711 3363 tidei
743 3298 989 3362 documentum:
1026 3306 1096 3360 tum
1128 3300 1215 3360 enim
1246 3296 1435 3362 Vitellianae
1467 3297 1542 3363 illae
1575 3306 1681 3381 partes
1712 3298 1834 3364 nullius

637 3408 703 3469 iam
727 3413 816 3468 erant
840 3406 951 3487 pretii,
975 3402 1169 3487 illarumque
1193 3403 1257 3467 dux
1281 3404 1350 3467 lieri
1370 3407 1478 3488 quivis
1499 3403 1670 3481 noluisset,
1692 3426 1756 3470 non
1779 3406 1834 3470 tide

639 3531 716 3595 erga
747 3508 916 3572 Vitellium
940 3509 1055 3573 ductus
1078 3509 1132 3573 sed
1157 3510 1249 3572 toties
1272 3509 1317 3572 rei
1341 3518 1515 3591 contemptu.
1540 3510 1627 3575 Haec
1652 3515 1764 3576 omnia
1786 3512 1835 3576 ob

638 3638 747 3691 servo,
768 3618 842 3700 quie
861 3617 1087 3698 interpretem,
1109 3618 1165 3699 qni
1184 3614 1270 3679 solus
1291 3622 1386 3679 notus
1406 3616 1489 3679 mihi
1509 3624 1570 3693 est,
1593 3621 1833 3699 perversissime

636 3723 721 3786 hunc
745 3720 852 3785 locum
872 3724 1013 3804 accipere
1033 3721 1111 3784 vidi.
1133 3720 1277 3785 Ritterus
1298 3724 1384 3785 enim
1407 3721 1600 3786 Boetticheri
1620 3722 1701 3785 hanc
1722 3724 1833 3807 probat

638 3830 892 3892 annotationem:
920 3832 1056 3912 „sptten
1082 3825 1128 3890 als
1153 3828 1202 3892 die
1227 3825 1443 3913 Cogenpartei
1463 3828 1558 3891 sehon
1580 3830 1709 3913 gesiegt
1727 3830 1830 3905 hatte,

638 3955 704 3998 war
726 3931 829 3997 Trene
853 3934 993 4018 weniger
1016 3933 1097 3997 hoeh
1121 3934 1357 4009 anzurechnen,
1390 3934 1429 3997 da
1453 3954 1487 3997 so
1511 3938 1619 4017 spitter
1643 3934 1753 3999 Abfall
1775 3956 1832 4000 we·

636 4043 695 4125 nig
727 4060 803 4102 vom
836 4038 948 4124 Sieger
978 4046 1131 4102 erwarten
1162 4039 1270 4103 liess”.
1303 4041 1346 4102 rit
1369 4042 1527 4102 invitatus
1553 4040 1656 4103 tuerat
1681 4040 1831 4116 Blaesus,

637 4167 700 4210 non
719 4153 757 4208 ut
777 4145 815 4208 ad
835 4144 1064 4229 Vespasianum
1085 4148 1234 4209 transiret
1253 4145 1326 4223 (hoo
1347 4148 1432 4209 enim
1454 4147 1611 4208 arabeundi
1628 4147 1726 4211 verbo
1739 4150 1835 4234 sigui-

637 4251 724 4316 fieari
754 4254 879 4335 nequit)
910 4250 963 4315 sed
996 4257 1032 4314 ut
1058 4272 1113 4335 pro
1138 4250 1268 4314 Vitellio
1292 4254 1360 4335 ipso
1385 4251 1448 4315 dux
1475 4250 1721 4315 Vitellianarum
1746 4253 1834 4318 lieret

638 4360 789 4442 partium.
824 4357 892 4421 Hoc
924 4358 961 4420 ab
992 4378 1028 4421 eo
1059 4360 1240 4440 petiverant
1273 4355 1407 4421 Caecina
1436 4365 1468 4420 et
1492 4359 1647 4440 primores
1671 4361 1833 4442 partium,

640 4466 695 4549 qui
715 4462 884 4527 Vitellium
903 4466 969 4526 iam
990 4463 1236 4543 aspernabantur,
1256 4465 1278 4526 i.
1293 4484 1319 4526 e.
1341 4484 1455 4547 parum
1469 4462 1606 4547 dignum
1619 4463 1834 4550 idoneumque

639 4568 753 4633 ducem
786 4569 951 4652 putabant.
988 4566 1040 4631 Sic
1071 4567 1202 4631 demum
1233 4569 1389 4630 ambeundi
1412 4570 1547 4632 verbum
1572 4590 1629 4633 suo
1653 4569 1716 4633 sibi
1741 4591 1834 4635 seusu

637 4677 779 4760 positum
804 4677 875 4738 erit.

684 4780 726 4843 H.
739 4778 796 4856 III,
811 4779 864 4843 47.
877 4780 991 4856 Naves,
1005 4779 1122 4863 quibus
1135 4778 1227 4843 Ponti
1241 4779 1364 4844 accolae
1378 4787 1524 4857 utuntur,
1537 4783 1583 4844 sic
1595 4780 1833 4847 describuntur:
