4525 5950
1038 734 1279 784 nmosrmrrns.
1690 717 1731 782 13

535 904 704 985 τρούρητοιι
729 901 891 981 εύεργύσης
916 897 1010 978 εἴναι,
1034 899 1124 986 lege:
1150 909 1248 972 τοῖς.
1272 898 1355 965 Fals.
1380 900 1457 986 Leg.
1478 898 1576 985 §170
1596 923 1627 986 p.
1649 899 1726 966 394:

535 1011 744 1085 συγκαλέσας
775 1009 943 1079 τούτους
976 1000 1020 1077 οἴς
1051 1005 1288 1086 edric-{xpers
1313 1007 1485 1086 τύργύριον,
1509 1006 1600 1093 lege:
1625 1007 1729 1078 τούς.

533 1112 616 1179 Ibid.
642 1113 744 1200 §278
768 1136 798 1199 p.
825 1112 909 1179 430:
935 1111 964 1176 εἴ
985 1137 1014 1176 τι
1038 1114 1156 1182 τούτοις
1180 1111 1340 1191 οἴσροικτύν
1365 1112 1409 1179 dor
1434 1112 1587 1177 τούτων
1611 1113 1664 1193 ἐφ’
1688 1108 1729 1185 οἴς

536 1219 656 1284 ἴκεῖνιιν
687 1219 816 1291 ύύνοιτος
849 1219 1043 1296 κατέγνωςο,
1075 1218 1166 1304 lege:
1198 1225 1284 1283 τῶν.
1316 1218 1409 1303 Lept.
1433 1216 1506 1302 §97
1532 1241 1562 1304 p.
1588 1218 1671 1284 486:
1697 1220 1731 1284 τὸ

534 1323 642 1402 μηδέν’
666 1321 744 1389 εἴκοι
769 1326 868 1397 ύτελιῑ
892 1324 1043 1389 τούτων
1067 1320 1109 1397 οἴς
1134 1325 1147 1389 d
1173 1323 1264 1400 δῆμος
1290 1322 1407 1402 ἔδωκεν,
1428 1323 1515 1410 lege:
1541 1331 1625 1389 τῶν.
1649 1324 1729 1389 Ibid.

534 1429 642 1514 §154
674 1454 705 1517 p.
732 1429 815 1495 504:
847 1430 1016 1501 τούτους
1047 1429 1084 1494 δι’
1108 1426 1146 1493 ύν
1178 1430 1194 1503 d
1227 1429 1339 1507 μικρὰν
1371 1430 1386 1503 ιῖ
1412 1431 1559 1506 μεγοῖλην
1583 1428 1627 1499 ἔς*
1652 1425 1729 1494 εἴνοιι

534 1539 593 1611 την
615 1537 716 1615 τύλιν,
740 1537 829 1624 lege:
855 1536 958 1610 τούς.
983 1537 1129 1602 Prooem.
1156 1535 1200 1601 32
1224 1558 1254 1621 p.
1282 1534 1387 1600 1441:
1412 1536 1462 1599 τὸν
1482 1536 1601 1613 λέγονθ’
1622 1535 1729 1613 ύμοῖιις

534 1643 715 1722 τεφύκοισιν
740 1641 905 1718 ε’ξοιτοιτοῖν
928 1640 1028 1722 ὥσπερ
1049 1643 1120 1721 πρὸς
1143 1638 1191 1713 οὓς
1213 1639 1251 1704 ύιν
1271 1640 1443 1718 λύγυντκι·
1466 1639 1597 1726 supple:
1611 1642 1730 1722 (τούς)

533 1747 609 1826 τρδς
642 1743 689 1819 οὓς
722 1747 761 1812 οἰν
791 1762 821 1812 λ.
855 1746 1000 1813 Prooem.
1033 1745 1077 1811 40
1108 1768 1140 1831 p.
1167 1745 1271 1810 1449:
1304 1745 1398 1818 ούδεῖς
1424 1744 1462 1810 δν
1486 1745 1604 1823 γένοιτο
1627 1745 1728 1819 εύνους

535 1851 699 1924 τούτοις
731 1851 787 1932 ὑφ’
820 1848 858 1916 ὦν
890 1853 928 1917 ύν
958 1876 988 1916 τι
1021 1852 1114 1916 κοικδν
1139 1852 1297 1916 σεῖσεσύοιι
1323 1851 1492 1934 προσδοκᾷ,
1517 1850 1607 1938 lege:
1632 1860 1730 1925 τοῖς.

535 1957 641 2042 Epist.
665 1955 712 2022 ΙΙΙ
736 1955 809 2043 §29
834 1979 864 2042 p.
892 1956 995 2021 1481:
1015 1955 1170 2036 προθέντα
1191 1956 1248 2021 dard
1268 1955 1420 2021 τούτοιν
1440 1951 1482 2029 οἴς
1504 1961 1553 2022 νῖιν
1576 1956 1729 2036 ύτηρετῶν

534 2062 604 2134 τοὺς
632 2065 702 2126 κατ’
728 2062 801 2138 ἕμού
825 2062 936 2139 λύγους
961 2060 1108 2141 ἔγραψεν,
1132 2061 1222 2148 lege:
1248 2067 1331 2125 τῶν.
1361 2061 1471 2127 Etiam
1494 2063 1579 2148 apud
1604 2066 1732 2129 Aeschi-

532 2189 610 2232 nem
631 2164 716 2233 Otos.
738 2167 831 2252 §81:
852 2167 965 2245 συνέβη
987 2165 1186 2247 διοιφύρεσύοιῖ
1205 2191 1234 2231 τι
1257 2168 1451 2243 Δημοσθένην
1469 2167 1520 2231 κοιῖ
1543 2169 1731 2245 Φιλοκροῖτην

536 2272 649 2351 σχεδὸν
681 2273 754 2352 ύτέρ
786 2273 954 2350 τούτοιν,
987 2274 1061 2351 ὑπὲρ
1091 2269 1128 2336 ὦν
1160 2271 1212 2335 κού
1247 2273 1332 2348 ὑμεῖς
1366 2273 1479 2343 οιύτοὺς
1504 2275 1731 2341 ὑτοιττεύσοιτε

538 2376 745 2456 διενεχθῆναι,
777 2399 908 2463 prorsus
938 2380 1150 2443 necessarium
1183 2398 1251 2442 esse
1281 2377 1420 2443 iudicio:
1454 2380 1526 2458 ὑπὲρ
1551 2387 1634 2445 τῶν.
1667 2378 1733 2447 Our

537 2484 688 2550 omnibus
717 2483 769 2549 his
800 2483 879 2549 loeis
903 2483 1077 2549 articulum
1101 2486 1318 2568 requiramus,
1342 2506 1405 2549 non
1429 2506 1614 2570 pronomen,
1639 2486 1732 2552 faoile

534 2597 585 2654 est
616 2590 656 2654 ad
685 2589 948 2656 existimandum.
979 2589 1089 2655 Veluti
1120 2610 1148 2654 o.
1180 2588 1290 2675 Steph.
1315 2588 1330 2654 I
1354 2587 1428 2673 §70
1451 2612 1482 2675 p.
1510 2590 1609 2670 1123,
1633 2613 1731 2678 quem

533 2694 643 2760 looum
675 2717 772 2781 supra
802 2695 958 2762 indicavi:
986 2698 1147 2778 ύΦηῖρησιιι
1179 2696 1209 2760 δὲ
1241 2698 1296 2771 την
1327 2700 1442 2760 σουτού
1468 2697 1614 2775 τενύεροὶν
1637 2700 1730 2762 τοῦτ’

537 2803 598 2879 εἴφ’
630 2797 667 2864 ὧν
698 2800 768 2881 ἔζη,
800 2802 937 2867 συνίδοις
966 2803 1123 2887 potuisset
1155 2806 1261 2866 orator
1292 2802 1453 2882 ιῖφςῖρησοιι
1486 2802 1517 2867 δὲ
1543 2802 1731 2876 τιῖιιιτύδειοι

535 2927 640 2992 neque
668 2906 842 2972 addidisset
865 2928 1038 2993 pronomen
1062 2911 1167 2971 ταῦτα
1191 2905 1395 2981 τοὶτιτηδειιι·
1420 2907 1494 2971 hino
1518 2910 1731 2975 necessarium

535 3020 602 3079 est:
627 3014 678 3078 τῖι
703 3016 764 3095 ιῖφ·
788 3010 826 3077 ιῖν
849 3011 899 3095 ἔζη
921 3019 953 3079 et
972 3015 1128 3079 absonum
1149 3018 1197 3078 est
1215 3034 1391 3099 pronomen
1413 3019 1557 3078 τοῦτο.
1581 3013 1629 3080 De
1650 3015 1731 3081 Paoe

534 3119 586 3204 §5
611 3143 643 3205 p.
670 3119 730 3183 58:
756 3114 805 3182 οἴοι
829 3118 944 3191 οὐδένες
970 3120 1093 3184 σύτοτε
1119 3118 1303 3184 ventosam
1328 3119 1385 3182 ύοιδ
1409 3119 1559 3183 τούτων
1583 3114 1625 3190 οἴς
1646 3120 1732 3198 ἐβού-

535 3227 642 3301 ύησοιν,
674 3246 773 3309 aeque
805 3224 884 3289 bene
915 3224 1039 3290 dietum
1066 3225 1196 3289 fuisset:
1222 3225 1279 3288 ύτδ
1304 3231 1362 3288 τῶν
1386 3224 1651 3301 εύεργετηύέυτυκ,
1676 3226 1730 3290 sed

533 3329 711 3396 absurdum
743 3330 857 3395 fuisset
888 3330 1001 3395 addere
1031 3348 1224 3415 pronomen:
1258 3329 1348 3394 vides
1372 3329 1448 3414 quid
1471 3330 1545 3394 inde
1568 3335 1730 3415 sequatur.

536 3434 620 3500 Fais.
653 3434 731 3521 Lsg.
757 3433 854 3519 §170
876 3458 907 3521 p.
934 3433 1017 3500 394:
1050 3435 1253 3512 συγκυλέσοις
1284 3436 1376 3502 τοὺς
1409 3429 1451 3506 οἴη
1484 3435 1576 3507 adria
1609 3435 1730 3515 ἴχρησοι

533 3541 714 3619 τάργύριον·
750 3541 827 3625 quid
857 3544 991 3606 interest
1019 3543 1103 3606 inter
1132 3541 1192 3605 hoo
1214 3546 1247 3604 et
1270 3540 1472 3616 συγκαλέσας
1498 3540 1589 3612 τοὺς
1614 3564 1732 3620 χρησο-

533 3646 644 3722 μένους
681 3644 863 3724 τοῖργύριονῖ
904 3644 1012 3722 Nihil,
1049 3649 1171 3731 opinor.
1214 3646 1313 3731 Atqui
1350 3666 1436 3731 erge.
1473 3645 1618 3730 Reliquis
1652 3646 1730 3713 locis

533 3751 686 3816 omnibus
717 3751 828 3815 eadem
859 3753 941 3815 ratio
965 3752 1090 3816 obtinet
1112 3757 1145 3817 et
1168 3751 1206 3816 ad
1231 3772 1301 3816 eam
1326 3772 1471 3816 normam
1496 3751 1580 3816 nihil
1603 3759 1651 3817 est
1674 3773 1732 3817 our

533 3878 691 3942 umquam
711 3877 825 3942 anoeps
845 3858 983 3923 haereas.
1007 3857 1055 3921 De
1075 3877 1137 3922 usu
1154 3857 1407 3943 Byzantinorum
1420 3856 1729 3923 videaturReiskius

530 3962 572 4028 ad
597 3961 763 4030 Constant.
788 3963 906 4048 Porph.
931 3962 969 4027 de
994 3961 1160 4029 Geremon.
1185 3961 1217 4026 II
1240 3984 1270 4047 p.
1297 3960 1361 4028 305
1385 3961 1444 4027 Ed.
1469 3961 1569 4028 Bonn.

579 4177 662 4261 §10
693 4198 725 4261 p.
750 4176 810 4241 59:
844 4177 913 4241 ούτε
944 4174 1106 4256 συμφόρως
1140 4174 1210 4240 ούτε
1241 4174 1334 4243 ἴσως
1366 4175 1435 4240 οὔτε
1466 4182 1566 4246 καλῶς
1592 4178 1728 4255 τροεῖσύε

532 4282 672 4353 Φυκέιις.
696 4281 780 4361 Quid
802 4282 861 4347 hoo
884 4288 933 4347 ost
955 4281 1026 4345 ούτε
1049 4278 1141 4353 iona?
1163 4302 1239 4346 narn
1263 4280 1348 4365 quod
1371 4280 1514 4346 Blassius
1534 4282 1635 4346 edidit
1653 4304 1728 4348 eum

530 4392 639 4475 prima
669 4407 768 4452 manu
799 4387 938 4451 Parisini
968 4387 1103 4452 oodieis:
1136 4386 1205 4451 ούτε
1234 4385 1305 4455 ἴσως
1330 4391 1450 4463 καλῶς,
1475 4387 1507 4451 id
1532 4408 1660 4471 prorsus
1683 4391 1730 4452 in·

531 4494 664 4559 fioetum
695 4499 752 4557 est.
785 4491 966 4559 Provooant
999 4492 1039 4557 ad
1062 4492 1195 4577 Olynth.
1219 4491 1266 4556 III
1290 4491 1363 4576 §26
1387 4513 1418 4577 p.
1445 4491 1505 4555 35:
1531 4492 1573 4555 τοὶ
1598 4493 1629 4558 δὲ
1655 4495 1726 4569 τρδς

530 4600 601 4670 τοὺς
634 4598 716 4666 θεοὺς
749 4598 883 4674 εύσεβῶς
917 4599 957 4660 τύ
983 4597 1009 4661 δ’
1033 4598 1063 4660 ἐν
1087 4599 1192 4669 οιύτοῖς
1215 4596 1285 4666 ἴσως
1310 4598 1438 4673 διοικεῖν,
1464 4596 1517 4661 sed
1543 4597 1626 4662 nihil
1650 4598 1728 4662 haee

528 4705 629 4770 verba
652 4704 783 4789 probare
807 4707 957 4788 possunt,
983 4705 1045 4768 nisi
1066 4703 1124 4768 hoo
1145 4701 1245 4768 altero
1264 4702 1333 4768 looo
1354 4702 1422 4766 ούτε
1444 4700 1513 4771 ἴσως
1539 4709 1727 4789 corruptum

529 4830 608 4877 esse.
645 4808 804 4894 Equidem
835 4810 996 4875 conferam
1024 4809 1062 4874 de
1092 4809 1175 4873 Paoe
1207 4808 1289 4892 §12
1320 4830 1350 4893 p.
1377 4807 1437 4873 60:
1469 4807 1532 4871 odr'
1557 4811 1642 4887 ὀρθῶς
1665 4809 1726 4875 odd·
