4525 5950
969 718 1111 766 ruamus.
1563 698 1629 765 403

488 884 532 949 Η.
563 884 619 962 ΠΙ,
651 882 704 949 69.
739 883 855 969 Sparso
889 904 1017 949 rumore
1052 882 1091 947 de
1120 885 1255 968 imperio
1287 905 1305 948 a
1336 882 1466 950 Vitellio
1490 887 1630 960 eiurato,

436 991 576 1057 Flavius
605 990 745 1056 Sabinus
776 1011 795 1054 a
824 991 1019 1075 primoribus
1050 992 1192 1054 civitatis
1221 989 1426 1076 compellitur
1449 997 1486 1055 ut
1509 995 1542 1055 et
1563 993 1632 1074 ipse

437 1100 594 1163 victoriae
624 1098 789 1182 famaeque
820 1101 944 1181 partem
968 1102 1120 1181 capessat.
1147 1096 1208 1176 Qui
1232 1097 1288 1161 ubi
1311 1096 1439 1161 tandem
1462 1095 1632 1182 aliquanda

437 1225 553 1270 eorum
584 1207 680 1270 cessit
708 1204 856 1290 precibus
880 1239 922 1251 -
946 1205 1015 1288 ipse
1039 1205 1126 1267 enim
1153 1210 1267 1267 natura
1290 1201 1386 1288 paulo
1409 1205 1557 1290 ignavior
1580 1223 1633 1288 pa·

436 1332 579 1397 rumque
603 1311 643 1376 ad
666 1309 828 1397 mendum
851 1316 1021 1395 promptus
1045 1317 1113 1374 erat
1134 1346 1175 1356 -
1196 1309 1303 1375 subito
1327 1313 1490 1395 cognoscit
1512 1307 1632 1396 vulgus

438 1426 474 1482 et
506 1418 652 1483 cohortes
684 1415 892 1483 Germanicas
924 1415 963 1481 ad
986 1423 1169 1482 extremum
1193 1438 1250 1502 pro
1273 1415 1404 1482 Vitellio
1428 1416 1630 1483 subeundum

437 1531 601 1590 certamen
624 1531 767 1610 paratas:

487 1630 652 1718 „Longius
682 1633 748 1696 iam
780 1651 965 1716 progressus
996 1636 1080 1707 erat,
1112 1651 1208 1714 quam
1240 1636 1277 1694 ut
1300 1629 1427 1715 regredi
1450 1634 1572 1715 posset;
1597 1637 1630 1694 st

437 1759 499 1802 suo
530 1740 665 1822 quisque
695 1743 805 1813 metu,
828 1757 868 1801 ne
891 1736 1040 1801 disiectos
1064 1757 1164 1821 coque
1187 1738 1295 1801 minus
1319 1735 1442 1801 rafidos
1466 1733 1629 1800 Vitelliani

436 1851 703 1922 consectarentur,
734 1849 937 1910 cunctantem
968 1847 1001 1908 in
1032 1863 1121 1909 arma
1151 1843 1369 1930 impellebant.
1401 1842 1463 1908 Sed
1486 1842 1571 1928 quad
1594 1845 1628 1907 in

438 1950 599 2015 eiusmodi
621 1951 716 2015 rebus
740 1949 871 2027 accidit,
895 1948 1065 2015 consilium
1089 1950 1128 2014 ab
1149 1951 1297 2015 omnibus
1320 1949 1433 2014 datum
1457 1956 1523 2026 est,
1548 1951 1630 2034 peri-

435 2055 551 2122 culum
582 2059 677 2142 pauci
706 2077 879 2142 sumpsere.
911 2055 1002 2123 Circa
1032 2055 1138 2120 lacum
1171 2055 1317 2121 Fundani
1348 2055 1629 2132 descendentibus,

436 2165 495 2248 qni
526 2162 681 2228 Sabinum
706 2164 950 2240 comitabantur,
975 2164 1107 2227 armatis
1129 2167 1300 2228 occurrunt
1322 2165 1557 2248 promptissimi
1580 2160 1631 2226 Vi-

437 2268 681 2336 tellianornm.'’

487 2375 577 2441 Ferri
599 2374 687 2441 istud
710 2375 834 2439 amatia
859 2378 980 2460 nequit.
1006 2375 1087 2440 'lota
1110 2375 1148 2441 de
1171 2375 1283 2441 Flavia
1306 2375 1422 2442 Sabina
1442 2378 1629 2452 narratione,

437 2486 473 2548 in
500 2484 559 2548 hac
581 2503 614 2547 re
638 2484 782 2567 quaestio
806 2488 961 2559 versatur,
988 2490 1100 2546 utrum
1124 2502 1213 2548 arma
1236 2484 1276 2548 ab
1300 2503 1336 2549 eo
1360 2504 1417 2568 pro
1440 2483 1548 2547 fratris
1571 2484 1630 2546 im·

437 2591 528 2675 perio
551 2595 720 2654 sumantur
739 2610 778 2654 an
801 2610 865 2653 non
888 2593 1067 2662 sumantur,
1091 2595 1123 2653 et
1146 2609 1185 2653 ex
1207 2591 1286 2674 ipsis
1310 2588 1433 2665 verbis,
1452 2609 1534 2674 quae
1553 2590 1629 2652 cita-

437 2699 566 2774 vimus,
602 2697 642 2761 ab
676 2698 717 2760 iis
751 2700 852 2773 certe,
886 2698 943 2780 qui
972 2695 1143 2760 discrimen
1176 2717 1238 2760 non
1274 2696 1502 2772 detrectarent,
1539 2714 1628 2759 arma

436 2808 571 2887 sumpta
593 2804 814 2887 cognovimus.
846 2801 918 2868 Non
939 2804 1043 2889 igitur
1066 2823 1123 2866 nos
1146 2804 1264 2867 iterum
1289 2802 1393 2866 doceri
1415 2804 1559 2887 patimur
1582 2825 1629 2865 ar-

436 2917 534 2975 matos
556 2909 670 2986 fuisse,
696 2911 751 2994 qni
775 2907 932 2974 Sabinum
955 2909 1200 2974 comitabantur.
1225 2909 1318 2975 Ferre
1341 2915 1504 2994 utcunque
1528 2911 1629 2974 nomi·

435 3019 588 3082 nativum
608 3016 718 3079 armati
738 3036 920 3101 possemus,
942 3018 1003 3080 nisi
1024 3013 1116 3080 illam
1135 3036 1246 3081 vocem
1266 3015 1629 3097 adiectivumpranptis·
1727 3030 1729 3035 ·

434 3123 506 3187 cinni
538 3121 631 3207 plane
661 3121 806 3188 redderet
829 3143 1071 3207 supervacuam.
1096 3121 1158 3187 Sed
1182 3121 1374 3187 confidenter
1395 3121 1483 3187 istud
1506 3122 1630 3185 ornatis

436 3230 626 3305 abiicimus;
660 3231 789 3293 omnino
821 3231 924 3305 enim,
956 3234 994 3293 ut
1022 3231 1088 3293 iam
1121 3228 1282 3307 dicebam,
1315 3229 1375 3294 hae
1406 3232 1542 3315 paginas
1573 3230 1629 3292 isti

436 3335 610 3401 annotandi
635 3335 741 3399 studio
766 3336 919 3401 obnoxiae
938 3336 1078 3399 inerunt.
1103 3334 1248 3420 Denique
1268 3336 1344 3401 haec
1364 3356 1489 3421 quoque
1509 3333 1628 3401 accedit

437 3462 534 3507 causa
557 3443 691 3505 minime
713 3440 812 3518 levis,
837 3440 940 3527 quod,
964 3443 1031 3506 sive
1051 3440 1200 3506 adiectivi
1221 3444 1289 3506 sive
1310 3443 1502 3506 substantivi
1522 3444 1627 3506 vicem

435 3546 574 3632 implere
593 3569 705 3612 vocem
724 3548 849 3611 annalia
867 3553 1063 3625 statuamus,
1084 3553 1191 3612 totum
1208 3546 1290 3612 illud
1309 3549 1626 3632 ascendentibusque

435 3654 578 3716 Maon
597 3653 822 3729 comitabantur,
842 3654 967 3716 ornatis
986 3652 1197 3717 durissimum
1217 3660 1249 3718 et
1264 3656 1318 3719 vir
1337 3652 1476 3719 latinum
1487 3653 1625 3719 videtur.

484 3759 528 3823 H.
548 3758 602 3837 IV,
626 3759 677 3824 12.
701 3759 876 3843 Postquam
898 3766 1062 3823 narratum
1082 3766 1131 3824 est
1151 3759 1263 3824 Batavi
1284 3760 1367 3826 unde
1387 3764 1548 3838 venerint,
1570 3782 1627 3826 cur

435 3870 578 3952 patriam
601 3865 806 3951 reliquerint,
831 3887 893 3951 quo
916 3865 985 3930 loco
1008 3866 1224 3944 consederint,
1250 3870 1293 3932 sic
1317 3871 1478 3954 pergitur:

485 3972 572 4050 „Noc
592 3973 706 4058 opibus
726 3972 880 4037 Romanis
899 3976 1049 4037 societate
1068 3972 1259 4038 validiorum
1280 3977 1385 4038 attriti
1399 3978 1485 4039 viros
1497 3981 1625 4040 tantum

434 4099 588 4163 armaque
616 4081 753 4164 imperio
783 4079 1026 4155 ministrabant,
1058 4079 1113 4144 din
1137 4076 1336 4146 Germanicis
1359 4080 1452 4146 bellis
1476 4085 1624 4160 exerciti,

435 4206 511 4250 mox
544 4193 637 4250 aucta
669 4206 726 4270 per
755 4185 955 4250 Britanniam
978 4184 1099 4271 gloria,
1123 4189 1319 4251 transmissis
1341 4186 1421 4252 illuc
1443 4189 1625 4254 cohortibus

435 4312 517 4377 quas
540 4298 648 4356 vetere
670 4294 820 4357 instituto
844 4291 1035 4357 nobilissimi
1060 4291 1263 4377 popularium
1287 4295 1473 4380 regebant.''

483 4397 547 4461 Hic
578 4404 663 4462 recte
693 4419 767 4462 cum
801 4396 946 4462 Wurmia
977 4398 1188 4461 ministrabant
1213 4419 1268 4482 pro
1290 4400 1464 4463 ministrant
1485 4400 1623 4486 legitur:

432 4510 603 4570 enarratur
623 4507 708 4568 enim
723 4504 879 4581 condicio,
897 4525 960 4590 qua
974 4511 1047 4569 ante
1063 4504 1185 4570 bellum
1197 4506 1316 4571 fuerint
1328 4503 1490 4573 Germani.
1512 4507 1624 4575 (latera

431 4614 465 4676 in
498 4613 664 4695 integrum
695 4610 838 4675 nondum
862 4614 1012 4677 restituta
1038 4611 1196 4677 videntur.
1221 4612 1305 4677 Nam
1328 4635 1429 4699 neque
1452 4618 1621 4701 quisquam

433 4737 516 4803 quae
541 4720 621 4782 ratio
644 4718 818 4783 intercedat
838 4721 923 4783 inter
946 4719 1050 4799 apthas
1073 4720 1217 4783 Hanania
1236 4727 1268 4785 st
1284 4720 1422 4786 sacietate
1441 4723 1622 4789 validiorum

435 4823 541 4899 videt,
562 4843 665 4908 neque
683 4824 841 4909 quomodo
862 4828 991 4888 omuino
1012 4825 1117 4906 opibus
1137 4825 1280 4888 donanis
1299 4830 1376 4891 socii
1395 4831 1517 4912 possint
1532 4832 1623 4894 attari
