4525 5950
962 668 1103 717 raomua
1556 649 1619 715 145

481 838 524 903 Η.
549 837 604 916 ΙΙΙ,
632 836 684 903 72.
709 837 756 904 De
780 836 930 924 Oapitolii
953 837 1099 903 incendio
1121 838 1199 903 haec
1222 837 1351 902 Tacitus
1375 835 1550 902 exclamat:

483 945 539 1022 „Id
560 946 683 1009 facinus
703 951 776 1029 post
797 943 959 1009 conditam
977 944 1091 1009 urbem
1103 943 1379 1008 luctuosissimum
1391 942 1623 1008 foedissimum·

434 1072 499 1136 que
535 1049 727 1136 reipublicae
758 1049 869 1136 populi
901 1049 1037 1114 Romani
1067 1050 1197 1128 accidit,
1230 1048 1321 1114 nullo
1353 1056 1483 1115 externo
1515 1051 1622 1128 hoste,

434 1160 605 1243 propitiis,
628 1159 655 1221 si
679 1178 735 1242 per
753 1178 856 1221 mores
876 1162 1000 1220 nostros
1020 1155 1145 1233 liceret,
1166 1155 1249 1233 deis,
1271 1154 1377 1221 sedem
1396 1155 1482 1220 Iovis
1501 1154 1623 1241 Optimi

435 1263 577 1328 Maximi
609 1265 771 1348 auspicato
795 1284 813 1327 a
837 1263 1010 1327 maioribus
1035 1265 1152 1349 pignus
1175 1264 1303 1349 imperii
1327 1260 1503 1338 conditam,
1528 1282 1624 1347 quam

435 1392 499 1434 nou
522 1370 680 1434 Porsenna
701 1369 808 1433 dedita
827 1370 904 1433 urbe
924 1390 1025 1454 neque
1045 1366 1131 1435 Galli
1151 1375 1243 1455 capta
1262 1376 1415 1434 temerare
1436 1372 1624 1455 potuissent,

437 1477 546 1541 furore
570 1478 752 1561 principum
776 1474 935 1540 excindi.”

487 1582 623 1648 Rectene
647 1582 804 1664 conopeo
834 1588 1037 1669 opponuntur
1067 1581 1244 1647 Porsennae
1273 1579 1455 1666 Gallisque,
1486 1584 1625 1648 externis

440 1686 609 1754 hostibus?
640 1689 712 1754 Non
745 1691 856 1775 opinor
863 1711 872 1769 ;
898 1689 952 1754 sed
976 1696 1013 1753 ut
1035 1689 1119 1753 dicat
1143 1687 1264 1774 aliquid
1287 1687 1417 1753 Tacitus
1441 1687 1525 1773 quod
1547 1689 1625 1754 bene

441 1795 623 1873 cohaereat,
659 1817 716 1880 pro
744 1796 917 1878 principum
951 1794 1124 1882 legendum
1159 1802 1208 1860 est
1238 1795 1355 1860 dorem.
1387 1795 1506 1862 Totum
1538 1797 1626 1861 istud

437 1902 610 1984 principum
629 1905 806 1989 arrogantis
825 1901 1002 1991 magistelli
1022 1908 1070 1967 est
1088 1905 1266 1978 annotatio,
1285 1905 1340 1988 qui
1358 1905 1466 1989 ipsum
1478 1901 1626 1969 Tacitum

439 2011 599 2095 corrigere
624 2008 731 2074 vellet.
761 2009 907 2096 Ipsorum
927 2015 1036 2073 autem
1055 2011 1238 2094 principum
1257 2012 1291 2072 in
1312 2006 1463 2095 Capitolii
1479 2010 1625 2076 incendio

438 2114 547 2179 nullae
578 2121 684 2199 partes
715 2116 859 2194 fileruut;
892 2118 986 2180 unica
1017 2118 1233 2181 atrocissimae
1264 2118 1309 2180 rei
1332 2137 1426 2181 causa
1450 2125 1517 2182 erat
1541 2118 1627 2182 furor

438 2221 564 2308 populi.

489 2434 531 2498 H.
556 2433 613 2510 ΙΙΙ,
637 2433 690 2499 83.
719 2434 943 2521 Pugnantibus
967 2436 1001 2499 in
1023 2455 1135 2519 campo
1159 2433 1277 2498 Martio
1302 2432 1481 2499 Vitellianis
1504 2433 1628 2500 Flavia·

440 2544 556 2624 nisque
591 2541 699 2605 aderat
729 2540 849 2627 vulgus
879 2540 963 2606 haud
996 2540 1058 2605 alio
1090 2543 1196 2605 auimo
1229 2562 1324 2625 quam
1356 2543 1383 2605 si
1412 2540 1626 2627 gladiatorum

439 2646 590 2712 ederetur
612 2647 846 2731 spectaculum
871 2647 1136 2731 protrahebantur
1159 2668 1177 2711 a
1200 2648 1417 2732 spectantibus
1439 2650 1496 2733 qui
1518 2650 1552 2712 iu
1571 2646 1627 2713 ali-

404 2800 408 2805 ,
441 2773 523 2839 quas
554 2753 762 2839 confugerant
793 2753 946 2830 latebras,
978 2752 1087 2838 spoliis
1111 2753 1291 2838 potiebatur
1313 2752 1460 2838 populus.
1485 2752 1570 2819 Hine
1593 2756 1626 2819 in

439 2858 554 2925 eadem
584 2861 662 2925 urbe
696 2859 794 2924 simul
824 2865 954 2925 cruenta
983 2859 1091 2925 caedes
1121 2865 1190 2925 erat
1221 2866 1253 2925 et
1277 2863 1387 2926 insana
1409 2860 1542 2926 laetitia.
1565 2860 1627 2926 His

441 2986 514 3032 eam
540 2987 607 3030 rem
630 2965 779 3031 describit
803 2966 907 3032 verbis
930 2965 1077 3031 Tacitus:

493 3071 614 3148 „Saeva
638 3093 673 3137 ac
697 3071 848 3137 deformis
870 3073 949 3138 urbe
972 3078 1039 3138 tota
1062 3073 1173 3138 facies:
1195 3072 1273 3139 alibi
1291 3073 1413 3158 proelia
1432 3081 1465 3140 et
1484 3073 1627 3151 vulnera,

440 3177 522 3245 alibi
555 3177 698 3244 balineae
733 3182 947 3265 popinaeque;
985 3178 1084 3245 simul
1118 3201 1212 3245 cruor
1241 3186 1274 3246 et
1304 3188 1409 3246 strues
1440 3202 1626 3266 corporum,

439 3289 535 3350 iuxta
557 3294 660 3350 scorta
684 3293 716 3351 et
740 3289 851 3351 scortis
875 3285 1028 3351 similes.”

491 3389 553 3455 Hic
577 3412 688 3456 vocem
712 3413 740 3477 q.
762 3413 788 3457 e.
813 3393 904 3457 amul
924 3391 1137 3478 Nipperdeius
1158 3392 1306 3471 inclusit,
1326 3399 1358 3459 et
1380 3400 1486 3480 potest
1505 3416 1541 3460 ea
1561 3398 1628 3461 sine

440 3501 618 3565 sententiae
651 3498 766 3563 damno
798 3502 921 3565 omitti:
953 3521 1055 3586 neque
1086 3507 1193 3565 tamen
1225 3502 1269 3565 sic
1299 3499 1403 3566 multo
1434 3502 1541 3567 eradit
1571 3502 1629 3568 illa

441 3604 631 3689 elegantior.
663 3605 817 3670 Remanet
840 3609 944 3682 enim,
970 3627 1049 3691 quae
1072 3608 1155 3671 mihi
1178 3607 1308 3693 quidem
1332 3606 1434 3673 multo
1455 3608 1628 3688 molestior,

440 3710 638 3777 incredibilis
662 3712 817 3796 quaedam
840 3712 987 3777 hominum
1010 3714 1193 3779 attacorum
1216 3714 1367 3780 confusio.
1393 3715 1470 3780 Leni
1490 3723 1630 3801 transpo

442 3819 559 3883 sitione
582 3821 627 3882 sic
651 3817 752 3883 Taciti
775 3840 909 3883 manum
932 3821 1162 3886 restituendam
1185 3822 1339 3887 arbitror:

494 3922 617 4000 ,Saeva
639 3945 675 3989 ac
698 3924 849 3990 deformis
872 3926 950 3990 urbe
974 3933 1040 3992 tota
1063 3927 1175 3992 facies:
1196 3927 1271 3993 alibi
1290 3926 1410 4013 proelia
1429 3934 1462 3993 et
1480 3929 1629 4008 vulnera,

443 4030 522 4097 alibi
545 4038 648 4095 scorta
670 4039 701 4096 et
724 4035 835 4097 scortis
860 4032 998 4113 similes3
1025 4033 1123 4099 simul
1147 4056 1238 4100 cruor
1261 4040 1293 4099 et·
1316 4041 1419 4100 strues
1442 4056 1630 4120 corporum,

443 4141 538 4202 iuxta
561 4136 703 4203 balineae
722 4133 956 4225 ‘popinaeque”

493 4244 584 4308 Nune
616 4245 707 4307 simul
728 4245 812 4309 haud
835 4248 942 4331 inepte
964 4245 1192 4332 principalibus
1214 4249 1298 4312 inter
1317 4269 1349 4313 se
1373 4249 1543 4334 iungendis
1566 4270 1632 4314 sen·

444 4354 565 4417 tentiae
588 4353 742 4417 membris
765 4354 911 4418 inservit.

494 4563 537 4631 H.
561 4564 618 4643 111,
642 4563 695 4630 84.
717 4564 837 4631 Misera
860 4564 982 4631 Vitellii
1004 4567 1081 4653 fuga
1103 4568 1233 4653 egregie
1257 4565 1459 4653 depingitur:

496 4671 669 4750 „Vitellius
692 4680 783 4756 capta
807 4673 885 4738 urbe
908 4694 964 4759 per
987 4694 1131 4737 aversam
1156 4672 1272 4737 Palatii
1296 4681 1420 4760 partem
1443 4677 1477 4739 iu
1501 4674 1631 4740 domum

444 4781 556 4846 uxoris
587 4777 701 4845 sellula
730 4778 880 4857 defertur,
911 4785 965 4859 ut,
996 4782 1024 4844 si
1055 4779 1140 4845 diem
1169 4778 1290 4845 latebra
1314 4782 1498 4859 citavisset,
1522 4780 1632 4848 Tarra

1457 4901 1488 4949 10
