4525 5950
645 689 711 755 426
1002 705 1043 756 aa
1065 706 1182 754 amma
1205 706 1311 755 noras
1332 705 1472 756 erraras

536 853 538 858 ¹
644 894 707 936 non
739 869 842 935 eidem
873 867 939 934 solo
969 870 1116 934 insistere
1148 869 1287 944 videtur,
1318 872 1351 933 in
1384 891 1447 954 quo
1477 889 1531 934 ara
1562 870 1671 954 posita
1695 873 1763 946 est,
1785 866 1837 932 sed

644 979 804 1063 propriam
830 976 989 1060 quandam
1013 978 1105 1059 quasi
1128 977 1220 1040 basin
1244 977 1431 1060 occupare.''

690 1081 812 1167 Nempe
832 1090 961 1145 taurum
981 1081 1138 1145 aheneum
1157 1082 1197 1145 ab
1217 1082 1420 1167 Areopagitis
1440 1081 1623 1146 dedicatum
1647 1081 1702 1145 hic
1720 1099 1839 1165 reprae

644 1190 762 1254 sentari
789 1192 900 1272 putat,
933 1208 951 1251 a
981 1189 1102 1271 pictore
1134 1193 1242 1251 autem
1274 1186 1424 1252 audacius
1449 1187 1487 1251 ab
1512 1188 1603 1251 Arois
1625 1185 1731 1251 altera
1753 1190 1841 1270 parte

644 1293 684 1359 ad
707 1293 922 1360 Erechtheum
947 1291 1138 1357 translatum
1162 1313 1247 1369 esse,
1281 1293 1372 1357 deam
1395 1293 1531 1378 denique
1554 1290 1682 1356 Endoei
1708 1293 1840 1377 signum

644 1405 898 1485 repraesentare,
930 1397 1014 1483 qnod
1044 1398 1203 1462 Pausania
1235 1404 1316 1463 teste
1347 1419 1445 1483 prope
1476 1397 1699 1463 Erechtheum
1733 1397 1840 1463 locum

643 1506 791 1571 habebat.

690 1611 752 1676 Sed
776 1611 879 1675 fateor
901 1610 1076 1675 admodum
1101 1608 1219 1674 debilia
1242 1611 1326 1674 mihi
1348 1610 1450 1675 videri
1473 1612 1542 1674 eius
1566 1613 1775 1696 argumenta.

689 1717 732 1781 Ni
763 1715 855 1780 fallor
878 1715 996 1780 femina
1019 1715 1164 1779 sacerdos
1187 1718 1220 1778 in
1244 1736 1281 1780 ao
1303 1722 1353 1780 est
1376 1722 1414 1779 ut
1437 1717 1552 1780 bovem
1575 1718 1678 1779 ramis
1702 1717 1771 1778 suis
1793 1735 1842 1778 er-

644 1827 751 1900 ornet,
784 1823 875 1885 cuius
907 1821 998 1885 bovis
1029 1841 1103 1884 cum
1136 1822 1276 1885 anterior
1306 1827 1433 1885 tantum
1456 1841 1529 1905 pars
1561 1828 1734 1905 appareat,
1760 1815 1840 1883 nihil

644 1929 749 1993 obstat
771 1928 942 2012 quominus
961 1929 1162 2010 suspicemur
1180 1947 1199 1990 a
1218 1929 1376 1991 ministris
1395 1926 1434 1991 ad
1454 1946 1542 1990 aram
1561 1946 1638 1991 eum
1660 1928 1727 2011 agi.
1754 1923 1839 1988 Basia

644 2041 753 2098 autem
789 2053 860 2097 arae
895 2034 923 2096 si
957 2030 1034 2116 quid
1069 2052 1239 2096 commune
1274 2033 1371 2097 habet
1407 2053 1482 2097 cum
1516 2031 1673 2118 gradibus
1705 2028 1837 2114 templi,

643 2159 770 2203 sumere
801 2137 877 2202 licet
908 2139 1064 2221 pictorem
1095 2137 1211 2201 bovem
1235 2140 1366 2223 pingere
1390 2136 1529 2202 voluisse
1552 2140 1586 2200 in
1609 2135 1716 2201 altero
1738 2134 1837 2222 gradu

643 2252 818 2320 astantem,
849 2245 954 2307 nescio
984 2263 1047 2326 quo
1079 2264 1184 2308 errore
1216 2243 1388 2308 humiliore
1419 2243 1560 2327 depicto;
1586 2245 1636 2306 sin
1662 2245 1773 2307 minus
1797 2277 1833 2289 -

643 2372 718 2416 nam
752 2370 801 2414 res
832 2356 879 2413 est
909 2348 1006 2412 dubia
1029 2386 1072 2395 —
1096 2349 1156 2413 hoc
1180 2349 1352 2413 tenendum
1377 2356 1425 2413 est
1447 2352 1482 2413 in
1505 2352 1575 2434 ipsa
1598 2369 1673 2412 arae
1696 2349 1766 2412 basi
1788 2347 1837 2414 he

640 2463 719 2522 hem
743 2463 862 2530 astare,
890 2456 959 2518 sive
982 2454 1097 2518 artifex
1120 2475 1179 2518 suo
1204 2457 1273 2519 iure
1297 2453 1348 2519 illi
1370 2455 1439 2519 basi
1462 2453 1602 2519 alterum
1626 2455 1747 2519 tribuit
1770 2473 1836 2538 gra

643 2562 722 2626 dum
742 2561 845 2645 priore
864 2558 969 2622 multo
980 2558 1207 2636 humiliorem,
1224 2562 1291 2623 sive
1304 2558 1424 2623 lineam
1436 2562 1493 2623 uni
1505 2559 1622 2645 gradui
1635 2556 1836 2645 appingenda

642 2668 730 2731 cavit
750 2686 789 2729 ue
808 2666 905 2728 nimis
925 2663 1022 2749 longa
1045 2663 1158 2729 fierent
1181 2685 1274 2729 crura
1295 2665 1397 2730 bovis.
1421 2664 1505 2729 Utut
1523 2666 1583 2729 hoc
1602 2670 1670 2742 est,
1692 2661 1837 2730 credibile

643 2793 705 2836 non
735 2770 864 2835 videtur
886 2772 1042 2856 pictorem
1065 2777 1195 2835 taurum
1220 2772 1484 2857 Areopagiticnm
1509 2770 1694 2854 depinxisse
1718 2773 1753 2834 in
1777 2769 1838 2833 basi

644 2898 716 2942 arae
739 2882 908 2940 astantem.

688 2983 769 3048 Dein
800 2981 919 3046 Endoei
951 2984 1081 3066 signum
1113 2980 1206 3046 Iahni
1238 3002 1312 3046 vase
1343 3004 1405 3047 non
1429 2985 1665 3067 repraesentari
1690 2981 1764 3047 inde
1787 3001 1837 3065 ap

642 3095 732 3175 paret
751 3087 833 3171 quod
854 3086 911 3151 dea
931 3086 1042 3151 dextra
1061 3108 1160 3151 manu
1179 3095 1323 3171 pateram
1338 3090 1505 3174 porrigens
1518 3087 1675 3152 sacrificio
1687 3091 1837 3152 interesse

642 3201 675 3260 et
706 3194 812 3258 favars
843 3192 982 3257 videtur.
1013 3192 1087 3258 ldeo
1118 3193 1258 3258 dubitari
1288 3197 1418 3279 nequit,
1451 3197 1528 3278 quin
1551 3197 1735 3280 imaginem
1759 3200 1838 3257 tane

643 3322 734 3366 amus
758 3297 922 3364 simulacri
945 3297 1048 3362 cultui
1072 3299 1208 3364 dedicati
1228 3297 1412 3380 (Oultbild).
1433 3300 1555 3366 Endoei
1574 3308 1687 3365 autem
1708 3303 1837 3386 signum

643 3409 792 3473 votivum
825 3413 892 3470 erat
924 3404 1056 3469 acultu
1081 3405 1234 3471 alienum.
1266 3405 1423 3485 Quoniam
1448 3406 1601 3471 sacrificia
1624 3406 1726 3471 boum
1752 3412 1838 3471 extra

642 3512 765 3597 templa
783 3512 915 3585 fiebant,
935 3515 1071 3596 pictores
1090 3517 1200 3577 autem
1221 3513 1313 3577 deam
1333 3513 1486 3578 sacrificio
1504 3513 1706 3599 gaudentem
1718 3533 1838 3597 reprae

643 3624 767 3683 eantare
788 3616 931 3681 volentes
949 3639 1010 3682 non
1030 3619 1223 3683 verebantur
1241 3618 1292 3684 dei
1311 3617 1541 3696 simulacrum,
1562 3619 1648 3704 quod
1670 3623 1704 3683 in
1719 3616 1837 3703 templo

644 3729 709 3800 est,
729 3730 819 3787 extra
843 3721 1002 3807 templum
1027 3723 1179 3788 sacrificio
1202 3730 1308 3787 astans
1332 3723 1383 3788 vel
1408 3724 1548 3788 assidens
1571 3724 1767 3809 depingere,
1790 3725 1837 3787 hic

644 3827 852 3894 simulacrum
876 3828 990 3913 templi
1014 3831 1132 3894 veteris
1153 3829 1319 3894 Minervae
1339 3851 1396 3894 nos
1416 3837 1523 3895 tenere
1542 3837 1621 3916 puto
1641 3837 1677 3894 et
1697 3832 1836 3916 imagine

644 3941 773 4021 propter
803 3933 1051 3999 similitudinem
1083 3957 1157 4000 cum
1182 3936 1239 4000 dea
1262 3938 1479 4021 inscriptionis
1502 3941 1628 4000 nostrae
1652 3935 1836 4023 argumenti

644 4044 745 4105 instar
768 4046 842 4104 utor
865 4062 921 4125 pro
946 4042 1093 4125 opinione
1116 4061 1204 4105 mea:
1229 4040 1279 4103 τὸν
1305 4043 1435 4121 ἀρχαῖον
1458 4042 1527 4105 νεὼν
1551 4040 1693 4106 eundem
1716 4062 1785 4106 esse
1804 4060 1835 4104 ac

644 4145 922 4229 Hecatompedum
946 4153 979 4209 et
1002 4145 1163 4230 templum
1187 4152 1282 4211 vetus
1305 4146 1482 4211 Minervae.

689 4251 819 4316 Etenim
850 4253 919 4315 sive
950 4272 1024 4316 cum
1055 4251 1154 4316 Iahnc
1185 4253 1277 4316 nohis
1309 4252 1475 4316 Peliadem
1506 4260 1667 4317 armatam
1692 4250 1833 4316 Palladio

644 4356 784 4422 similem
807 4356 961 4442 fingimus
985 4360 1054 4421 sive
1078 4379 1152 4421 cum
1179 4357 1420 4443 Furtwinglero
1436 4357 1459 4436 ¹)
1487 4357 1650 4422 sedentem
1679 4360 1833 4422 inermem

644 4466 821 4530 innumeris
853 4462 918 4527 illis
949 4461 1131 4528 simulacris
1162 4467 1281 4528 votivis
1310 4463 1469 4541 similem,
1499 4484 1579 4549 quae
1599 4485 1616 4528 e
1640 4471 1727 4530 terra
1751 4470 1833 4529 cocta

645 4570 727 4634 facta
758 4572 791 4632 in
824 4568 975 4654 Acropcli
1005 4573 1137 4635 inventa
1167 4576 1261 4647 sunt,
1286 4592 1388 4655 neque
1411 4571 1469 4635 dea
1491 4572 1714 4656 inscriptionis
1738 4590 1835 4655 neque

681 4814 707 4876 l)
726 4813 837 4870 hoschia,
856 4811 962 4871 Athene,
979 4829 1001 4876 p.
1020 4813 1068 4862 684
1077 4828 1128 4877 sqq.
