4525 5950
541 679 607 744 424
901 696 943 742 nn
965 695 1081 743 nsrmn
1105 697 1210 744 norun
1232 696 1370 745 nnuma

583 862 737 928 Redimus
769 859 808 925 ad
838 858 1027 925 relationem
1058 866 1245 926 curatorum
1277 860 1399 948 templo
1431 862 1647 942 aedificando,
1680 866 1731 930 ubi

536 967 754 1033 Erechtheum
773 971 908 1031 vocatur
927 967 1015 1043 νεώς,
1037 967 1067 1031 ἐν
1088 961 1109 1047 ᾧ
1130 968 1165 1031 τὸ
1183 972 1315 1047 ἀρχαῖον
1335 968 1493 1045 ἄγαλμα,
1521 971 1609 1054 quod
1632 971 1668 1034 rb
1688 973 1734 1050 ἄρ·

535 1082 628 1155 χαῖον
650 1074 790 1149 ἄγαλμα
809 1075 878 1139 sive
899 1075 916 1146 ἦ
937 1073 1050 1145 πολιάς
1070 1076 1138 1138 sive
1159 1074 1194 1137 τὸ
1206 1071 1313 1148 ξόανον
1324 1076 1358 1138 in
1370 1095 1407 1139 eo
1419 1081 1487 1139 erat
1500 1074 1733 1142 collocandum.

536 1179 600 1244 Ubi
620 1185 729 1244 autem
748 1189 817 1243 erat
836 1177 919 1242 illud
937 1181 1069 1265 signum
1090 1185 1163 1244 tum
1183 1201 1258 1244 cum
1272 1180 1475 1245 aedificatum
1488 1187 1539 1246 est
1553 1180 1734 1268 templum?

536 1284 594 1364 „In
625 1283 898 1369 Hecatompedo'’,
927 1284 1079 1369 Ddrpseld
1106 1291 1168 1363 ait,
1198 1285 1350 1370 additque
1374 1286 1590 1353 simulacrum
1615 1290 1734 1355 ibidem

534 1394 733 1456 remansisse.
757 1392 801 1454 At
825 1389 974 1455 credibile
997 1412 1060 1455 non
1083 1398 1149 1469 est,
1174 1413 1249 1457 cnm
1273 1390 1398 1478 reliqna
1421 1413 1496 1479 pars
1521 1394 1641 1480 templi
1663 1398 1735 1461 novi

536 1496 640 1562 cultui
662 1495 833 1560 Erechthei
856 1503 889 1561 et
912 1499 1133 1561 monumentis
1157 1497 1277 1562 divinis
1300 1504 1384 1563 esset
1407 1498 1572 1577 dedicata,
1599 1521 1736 1566 vacuam

535 1601 680 1668 relictam
711 1622 778 1666 esse
809 1600 922 1666 cellam
949 1601 1157 1680 orientalem,
1181 1605 1343 1689 imprimis
1368 1623 1511 1679 sacram,
1536 1605 1578 1669 ad
1603 1609 1734 1692 signnm

534 1709 773 1774 sanctissimum
794 1708 1013 1791 recipiendum
1033 1707 1245 1785 destinatam,
1266 1709 1349 1773 unde
1365 1710 1475 1795 ipsum
1489 1709 1609 1795 templi
1623 1733 1734 1777 nomen

534 1813 658 1901 pridem
678 1813 813 1877 ductum
832 1820 925 1878 esset.
949 1812 1060 1899 Neque
1079 1835 1193 1879 vereor
1213 1836 1252 1879 ne
1272 1815 1440 1879 contendat
1461 1818 1632 1901 quispiam
1654 1826 1734 1903 post

534 1919 629 1984 modo
659 1919 875 1984 Erechtheum
906 1918 1028 1984 dictum
1062 1940 1147 1995 esse,
1178 1917 1266 2003 qnod
1293 1922 1425 2006 signum
1456 1919 1538 1986 illue
1561 1943 1630 1987 non
1656 1929 1733 1989 esset

536 2023 745 2102 translatum;
777 2045 852 2088 nam
883 2027 917 2087 in
948 2025 1007 2089 hoo
1031 2026 1160 2089 nomine
1183 2027 1280 2110 prisci
1304 2028 1376 2091 aevi
1398 2026 1520 2091 famam
1544 2050 1607 2093 nos
1633 2039 1732 2094 tenere

536 2136 696 2195 testantur
720 2129 875 2194 Herodoti
901 2130 1006 2195 verba.
1031 2129 1122 2195 Unus
1146 2130 1312 2215 Ddrpfeldi
1336 2134 1478 2216 opinioni
1503 2133 1596 2198 favet
1622 2134 1731 2200 Strabo

535 2235 596 2312 (IX
627 2257 657 2321 p.
689 2234 769 2314 396)
804 2235 942 2300 referens
972 2236 1184 2301 simulacrum
1215 2243 1248 2301 et
1281 2236 1511 2303 candelabrum
1542 2235 1732 2305 Callimachi

536 2342 566 2406 ἕν
590 2344 631 2422 τῷ
656 2345 778 2421 ἀρχαίῳ
803 2340 855 2421 νεῲ
880 2341 994 2420 fuisse;
1020 2342 1075 2406 eed
1095 2344 1252 2408 memoria
1271 2345 1349 2427 quin
1369 2341 1482 2408 Strabo
1504 2343 1620 2430 lapsus
1641 2346 1732 2410 fuerit

536 2469 598 2512 non
630 2446 759 2524 dubito,
783 2450 970 2532 praesertim
993 2469 1068 2513 cum
1093 2447 1174 2513 aliae
1197 2468 1327 2524 causae,
1352 2448 1534 2533 dequibus
1558 2451 1666 2527 infra,
1690 2471 1732 2515 ac·

534 2551 655 2617 cedant.
677 2549 899 2618 Confitendum
921 2558 1029 2617 antem
1049 2561 1099 2618 est
1118 2553 1363 2618 admirationem
1376 2575 1507 2619 movere
1519 2555 1729 2621 simulacrum

533 2657 681 2744 ligneum
704 2679 744 2723 ex
768 2657 1005 2743 Hecatompedo
1027 2661 1061 2723 in
1085 2658 1302 2724 Erechtheum
1327 2659 1532 2725 translatum.
1558 2661 1649 2726 Nam
1671 2665 1730 2727 sine

533 2763 630 2828 dubio
661 2784 678 2827 e
706 2763 840 2828 Periclis
864 2763 1005 2829 consiliis
1028 2785 1111 2828 novo
1135 2764 1257 2848 templo
1280 2765 1426 2830 absoluto
1450 2765 1729 2854 Hecatompedum

533 2876 680 2934 amotum
692 2878 785 2946 esset,
805 2872 841 2933 ni
853 2870 1030 2934 sacerdotes
1043 2869 1254 2939 traditionum
1269 2875 1414 2935 veterum
1427 2878 1580 2938 amantes
1595 2876 1731 2940 obstitis·

531 2983 602 3040 sent
608 2996 616 3052 ;
637 2981 799 3060 praeterea
819 2974 1035 3041 Erechtheum
1054 2978 1086 3039 in
1108 2976 1316 3041 fundamenta
1336 2980 1480 3063 porticus
1498 2978 1730 3066 Hecatompedi

531 3082 773 3165 imponebatur:
794 3085 924 3167 antiquo
943 3089 1053 3147 autem
1073 3081 1245 3147 simulacro
1264 3085 1300 3146 in
1320 3105 1442 3148 novum
1454 3084 1626 3170 templum
1639 3096 1730 3151 trane

531 3186 664 3251 ferundo
678 3189 761 3251 vires
778 3187 974 3252 addebantur
985 3187 1112 3253 aemulo
1125 3188 1179 3268 (cf.
1193 3210 1225 3274 p.
1239 3187 1330 3269 433).
1350 3189 1399 3253 Ad
1412 3189 1496 3254 banc
1509 3196 1729 3275 quaestionem

531 3292 716 3358 solvendam
742 3293 833 3358 utilis
857 3295 990 3359 fortasse
1014 3301 1063 3359 est
1087 3301 1195 3359 nostra
1217 3296 1401 3379 inscriptio,
1426 3298 1460 3359 in
1487 3317 1554 3380 qua
1578 3300 1667 3363 inter
1688 3318 1732 3362 res

532 3419 634 3464 sacras
658 3400 687 3462 ἐν
711 3401 752 3477 τῷ
779 3400 902 3478 ἀρχαΙῳ
921 3400 974 3479 νεῲ
995 3407 1172 3464 asservatas
1192 3406 1489 3465 commemorantur
1510 3402 1632 3469 haecce
1652 3424 1731 3469 orna·

534 3508 641 3569 menta
664 3511 696 3568 et
717 3506 858 3590 insignia
878 3504 1043 3569 simulacri
1063 3505 1248 3581 cuiusdam,
1270 3526 1351 3591 quae
1370 3505 1410 3570 ad
1430 3510 1611 3591 antiquum
1631 3508 1730 3584 ξόανον

533 3612 691 3695 pertinere
710 3631 772 3674 non
795 3617 945 3693 possunt:
970 3612 1089 3687 toenio,
1115 3614 1227 3695 [quam
1251 3611 1323 3693 dea]
1348 3611 1461 3687 babet,
1487 3614 1634 3692 iocarer,
1658 3635 1730 3699 quas

532 3714 590 3779 dea
609 3715 718 3792 habet,
740 3716 860 3792 limbus,
881 3737 977 3802 quem
997 3716 1036 3781 ad
1056 3715 1177 3781 collum
1190 3717 1301 3795 babet,
1315 3718 1456 3801 quinque
1470 3720 1614 3797 monilia,
1629 3728 1728 3784 noctu

531 3842 646 3898 aurea,
672 3821 755 3903 cepis
778 3842 891 3897 aurea,
912 3845 1105 3904 perpaucum,
1125 3830 1254 3904 potero,
1280 3843 1378 3907 quam
1402 3825 1435 3885 in
1459 3845 1565 3888 manu
1590 3826 1697 3891 habet.

578 3926 614 3990 In
637 3927 728 3991 lshni
751 3931 1021 3993 commentatione
1045 3927 1084 3992 de
1104 3930 1337 4013 antiquissimis
1356 3929 1528 3994 Minervae
1548 3931 1727 3996 simulacris

532 4034 666 4109 Atticis,
698 4032 808 4098 tabula
831 4033 855 4109 1,
889 4033 1085 4098 delineatum
1109 4042 1158 4099 est
1182 4054 1238 4098 vas
1262 4037 1364 4121 nigris
1387 4033 1503 4120 figuris
1527 4043 1683 4102 ornatum
1698 4038 1726 4114 ¹).

532 4138 595 4203 Hic
626 4138 790 4215 videmus,
826 4145 863 4203 ut
892 4138 985 4203 Iabni
1010 4140 1114 4205 verbis
1138 4147 1228 4204 utar:
1255 4142 1309 4216 ,in
1333 4138 1411 4205 sella
1434 4139 1600 4225 plicatili,
1625 4142 1727 4228 quales

531 4244 679 4308 exhibere
713 4244 815 4310 solent
848 4247 992 4329 picturae
1027 4246 1224 4310 vaseulariae
1260 4246 1357 4310 huius
1391 4248 1540 4332 generis,
1579 4249 1726 4313 seminam

533 4350 731 4415 adsidentem
755 4350 951 4435 pedibusque
975 4349 1112 4416 scabello
1136 4354 1300 4429 innixam,
1325 4372 1405 4436 quae
1501 4352 1606 4439 longa
1625 4356 1726 4419 tunica

533 4457 745 4539 superinieoto
777 4455 876 4542 pallio
909 4459 1024 4521 vestita
1054 4464 1102 4521 est
1133 4463 1166 4521 et
1196 4464 1293 4541 caput
1325 4460 1431 4523 taenia
1453 4461 1604 4524 cinctum
1628 4461 1725 4525 habet

533 4560 697 4639 Quaenam
729 4563 771 4624 sit
803 4564 924 4626 nemini
954 4560 1091 4626 dubium
1122 4584 1190 4628 esse
1215 4570 1336 4647 potest,
1361 4583 1436 4628 nam
1461 4564 1580 4630 dextra
1603 4566 1725 4652 quidem

564 4803 591 4867 1)
609 4803 671 4852 Item
688 4803 750 4868 apud
768 4804 921 4854 (lethardum
937 4802 1030 4853 Amerl.
1048 4802 1204 4854 Varenbilder
1223 4804 1271 4854 tab.
1289 4804 1347 4855 ua.
