4525 5950
653 658 717 724 118
987 677 1030 725 nn
1052 677 1198 726 rxosacs
1221 678 1304 724 arcu
1327 677 1496 725 romanu.

650 845 777 908 etiarnsi
808 842 902 907 detur
931 864 1020 907 coma
1052 842 1190 907 thoracis
1222 847 1346 927 partem
1376 863 1460 917 esse,
1485 839 1708 906 difficultatem
1731 841 1832 926 magis

650 949 750 1014 eludit
780 970 876 1035 quarn
900 952 1018 1026 vincit;
1044 949 1183 1033 profecto
1206 951 1293 1014 enim
1317 948 1538 1013 durissimum.
1562 947 1646 1012 Nam
1671 951 1700 1012 si
1723 947 1832 1012 thorax

648 1056 695 1119 ibi
719 1055 835 1140 duplex
860 1062 928 1119 erat
950 1056 1006 1120 ubi
1029 1054 1197 1120 Menelaus
1221 1054 1450 1120 vulnerabatur
1468 1062 1501 1119 et
1520 1061 1688 1140 propterea
1708 1052 1832 1139 duplex,

649 1161 733 1245 quod
764 1162 878 1226 thorax
908 1165 1033 1247 proprie
1065 1166 1110 1227 sic
1134 1162 1237 1228 dictus
1261 1170 1293 1227 et
1316 1183 1407 1226 coma
1429 1163 1491 1226 sibi
1514 1162 1708 1247 superducta
1731 1167 1833 1237 erant,

648 1289 712 1333 non
736 1268 909 1332 sufficiebat
933 1267 1071 1333 alterum
1095 1268 1234 1345 solvere,
1260 1268 1313 1333 sed
1338 1276 1471 1353 uterque
1495 1267 1666 1333 solvendus
1691 1276 1770 1332 erat.

693 1375 791 1439 Porro
816 1379 929 1451 mitra,
953 1378 1021 1439 sive
1045 1396 1120 1439 cum
1144 1376 1327 1440 Aristarcho
1351 1397 1422 1440 eam
1443 1396 1583 1460 quoque,
1604 1379 1700 1459 polita
1718 1376 1835 1450 invito,

649 1502 706 1567 pro
735 1489 824 1566 parte
849 1482 986 1546 thoracis
1010 1482 1123 1560 habes,
1149 1485 1218 1547 sive
1241 1504 1316 1547 cum
1340 1481 1472 1546 Lehrsio
1495 1480 1558 1545 alia
1580 1483 1691 1545 omnia
1715 1501 1835 1556 censes,

592 1623 596 1631 =
650 1588 701 1652 hic
725 1608 838 1673 parum
862 1592 1019 1654 convenit.
1044 1588 1123 1668 Quis
1146 1591 1233 1653 enim
1256 1589 1317 1653 sibi
1342 1588 1547 1673 persuadeat,
1572 1607 1773 1672 quemquam
1797 1590 1838 1650 in-

650 1693 766 1758 dutum
790 1696 916 1759 thorace
939 1700 1049 1770 aeneo,
1070 1715 1169 1779 eoque
1194 1693 1315 1778 duplici
1334 1697 1367 1758 in
1387 1699 1511 1769 ventre,
1531 1697 1600 1778 ipso
1620 1693 1681 1757 hoc
1701 1692 1773 1758 loco
1792 1692 1838 1757 ilh‘

649 1801 818 1865 subiecisse
841 1799 1010 1886 cingulum
1034 1800 1116 1886 quod
1141 1809 1285 1880 χαλκῆες
1309 1800 1417 1874 ’κάμον
1442 1797 1546 1875 ἄνδρες
1571 1804 1631 1877 (vs.
1654 1796 1745 1876 187),
1771 1802 1794 1863 i.
1813 1820 1837 1863 e.

648 1905 816 1992 cingulum
845 1904 1000 1971 aeneum?
1032 1907 1165 1972 Frustra
1188 1914 1296 1971 autem
1319 1907 1374 1970 ubi
1399 1906 1509 1971 heroes
1533 1906 1661 1969 thorace
1686 1911 1787 1970 aeneo
1809 1926 1839 1970 sc

647 2012 777 2077 induere
807 2019 977 2077 narrantur
1000 2021 1021 2076 Γ
1043 2011 1118 2088 332,
1144 2024 1173 2077 A
1196 2011 1237 2077 19
1251 2034 1329 2098 sqq,
1349 2023 1377 2077 Π
1401 2011 1465 2076 132
1478 2032 1556 2097 sqq,
1583 2018 1611 2073 T
1638 2010 1706 2076 361
1722 2034 1791 2098 sqq.
1807 2010 1838 2091 ¹),

649 2140 711 2204 qua
741 2121 775 2183 in
807 2141 840 2184 re
870 2122 1032 2203 imprimis
1062 2119 1243 2185 conferatur
1273 2117 1381 2203 ampla
1412 2118 1548 2182 thoracis
1583 2119 1840 2203 Agamemnonis
1881 2138 1882 2151 ¹

649 2225 818 2310 descriptio
852 2237 881 2290 A
905 2224 945 2290 19
966 2247 1043 2311 sqq,
1075 2224 1129 2290 vel
1151 2226 1208 2290 ubi
1232 2223 1392 2289 Vulcanus
1415 2223 1536 2288 Achilli
1559 2244 1648 2287 arma
1673 2224 1841 2290 fabrefecit

650 2331 763 2396 2480
783 2353 862 2416 sqq,
893 2334 1007 2396 mitrae
1038 2334 1217 2417 vestigium
1249 2351 1398 2416 quaeras,
1427 2336 1521 2414 atque
1544 2329 1583 2393 ab
1608 2328 1712 2394 altera
1735 2337 1839 2415 parte,

649 2438 764 2522 quibus
796 2436 871 2502 solis
901 2437 984 2522 apud
1015 2436 1196 2502 Homerum
1226 2437 1304 2502 locis
1334 2439 1433 2500 mitra
1455 2438 1607 2501 recurrit:
1632 2434 1763 2514 12407,
1788 2438 1841 2501 uhi

650 2543 800 2608 Oresbius
830 2544 869 2608 ab
900 2543 1037 2608 Hectore
1069 2547 1190 2608 occisus
1223 2541 1763 2619 (11111111α1111μ11114618587,
1788 2545 1840 2607 ubi

650 2651 738 2715 Mars
770 2672 788 2715 a
818 2650 972 2715 Diomede
1006 2650 1191 2716 vulneratur
1214 2648 1254 2713 it·
1280 2649 1478 2731 ἑζωννύσκετο
1501 2650 1621 2725 μίτρην,
1645 2648 1687 2713 de
1713 2650 1840 2715 thorace

649 2760 777 2821 omnino
798 2777 900 2820 sermo
919 2778 980 2820 non
1001 2764 1058 2821 est.
1079 2755 1124 2821 Ut
1143 2759 1176 2820 in
1196 2756 1394 2842 imaginibus
1414 2776 1537 2841 quoque
1550 2764 1839 2823 monumentorum

649 2863 898 2950 Mycenaeornm
918 2862 1137 2948 compluribus
1157 2867 1253 2928 mitra
1273 2866 1442 2948 conspicua
1454 2871 1516 2939 est,
1533 2865 1567 2926 in
1579 2861 1671 2927 nulla
1685 2864 1839 2944 thorax²l

648 2975 744 3057 inque
776 2968 889 3034 multis
913 2969 1088 3056 sepulchris
1111 2975 1281 3036 mitrarum
1308 2971 1488 3057 fragmenta
1510 2972 1642 3036 iuventa
1666 2980 1766 3049 sunt,
1791 2970 1840 3038 sed

649 3081 682 3142 in
712 3076 802 3142 nullo
832 3076 930 3142 simul
954 3099 1028 3142 cum
1052 3079 1180 3142 thorace
1204 3099 1298 3143 aeneo
1313 3076 1348 3157 3).
1373 3078 1473 3141 Mitra
1495 3084 1602 3142 autem
1627 3077 1778 3143 Menelai
1801 3079 1840 3143 di·

648 3186 731 3248 citur
762 3184 859 3248 fuisse
892 3183 1052 3260 „telorum
1082 3183 1295 3268 praesidium,
1321 3183 1633 3269 quodomnium
1657 3188 1839 3249 maxims

647 3312 721 3355 eum
743 3289 908 3354 tueretur”
928 3289 1093 3368 (vs.183).
1116 3289 1283 3354 Immerita
1301 3289 1387 3363 laus,
1409 3290 1518 3365 credo,
1539 3292 1567 3353 si
1587 3291 1704 3355 thorax
1724 3298 1840 3356 aeneus

648 3395 765 3482 duplex
789 3418 859 3460 cam
883 3403 1014 3481 tegeret.
1041 3397 1089 3459 An
1114 3399 1288 3481 acquiescis
1311 3398 1344 3459 in
1367 3417 1404 3461 eo
1428 3396 1512 3480 quod
1534 3397 1665 3461 exhibet
1689 3398 1792 3464 schol.
1816 3398 1839 3463 B

648 3503 687 3566 ad
713 3514 738 3565 Δ
757 3502 837 3566 133:
865 3499 930 3578 „dre
956 3504 1187 3580 δυσπαθέστερα
1212 3510 1269 3565 τῶν
1293 3502 1537 3566 ἀντιτυπούντων
1561 3504 1602 3565 rai
1627 3502 1839 3569 dvelxoerffll

647 3608 730 3688 Quid
761 3615 871 3671 antem
901 3608 985 3693 quod
1016 3612 1147 3673 mitram
1180 3607 1278 3673 simul
1309 3615 1341 3672 et
1372 3608 1532 3673 thoracem
1563 3607 1728 3693 duplicem
1753 3614 1789 3685 (1.
1814 3632 1838 3674 e.

645 3718 753 3800 ipsum
787 3714 950 3779 thoracem
981 3721 1013 3778 et
1044 3722 1147 3795 coma)
1181 3720 1214 3778 et
1245 3713 1343 3778 baltei
1374 3713 1487 3778 fibulas
1515 3735 1627 3778 aureas
1664 3716 1839 3801 perfoderit

646 3823 765 3906 sagitta
784 3823 909 3884 eminus
929 3823 1027 3884 missa
1048 3827 1109 3900 (vs.
1135 3819 1197 3883 135
1211 3817 1313 3905 sqq.)?
1334 3819 1451 3904 Ecquis
1472 3822 1637 3906 negaverit
1656 3820 1691 3885 id
1710 3844 1837 3887 omnem

649 3946 796 4010 superare
820 3923 937 3989 fidem?

694 4032 860 4096 Postremo
891 4031 960 4096 loco
992 4053 1052 4095 uon
1086 4035 1194 4095 minus
1224 4053 1320 4117 quam
1350 4035 1446 4095 mitra
1469 4031 1597 4096 offendit
1620 4030 1740 4112 ζωστήρ
1766 4038 1789 4099 1.
1812 4057 1836 4100 e.

649 4138 774 4203 balteus
805 4141 860 4223 qui
890 4146 1229 4203 commemoraturus.
1257 4138 1330 4215 132,
1358 4137 1432 4215 136,
1459 4138 1532 4216 186,
1558 4138 1635 4215 213,
1661 4139 1740 4205 215.
1767 4141 1838 4207 Suc·

648 4248 791 4330 cingitur
811 4248 935 4323 tunica,
957 4268 1020 4310 non
1041 4248 1154 4310 thorax
1173 4252 1299 4311 aeneus.
1324 4245 1434 4330 Neque
1454 4253 1583 4330 propter
1602 4267 1713 4311 ensem
1733 4247 1836 4313 balteo

647 4374 727 4437 opus
752 4359 837 4428 erat,
862 4357 945 4418 ensis
974 4356 1059 4418 enim
1084 4353 1240 4438 pendebat
1263 4356 1297 4416 ἐκ
1322 4358 1516 4433 τελαμῶνος,
1541 4374 1637 4436 quem
1658 4356 1836 4420 sustinebat

685 4566 707 4626 l)
728 4564 786 4612 Vide
803 4568 814 4625 ς
833 4565 854 4612 b.

684 4647 710 4706 2)
728 4646 825 4694 Beichel
845 4645 875 4693 11.
895 4646 947 4695 W.¹
967 4661 990 4709 p.
1009 4646 1049 4695 91.

684 4730 710 4790 3)
730 4728 818 4791 llelbig
835 4728 869 4776 l.l.
888 4745 909 4791 p.
929 4728 986 4776 291.

683 4813 710 4875 4)
730 4811 829 4860 Mittam
845 4810 978 4869 scholiasta,
996 4811 1119 4860 nescium
1137 4819 1213 4870 recte,
1231 4811 1363 4878 plumbeum
1381 4813 1474 4862 finxisse
1490 4813 1592 4863 videtur.
