4525 5950
532 670 598 736 216
1052 686 1207 734 noannos.

532 859 595 917 ter
628 856 695 917 sine
727 874 819 918 sensu
841 851 978 932 laboris,
1003 852 1101 917 dure
1124 859 1234 918 antem
1257 852 1443 919 crudeliter:
1469 852 1552 918 illud
1575 851 1616 918 ad
1639 851 1728 918 labo·

531 981 599 1024 rem
631 960 689 1024 hoo
720 959 758 1024 ad
790 963 960 1025 saevitiam
993 958 1132 1025 relatum
1165 967 1223 1025 est.
1255 959 1337 1025 Dein
1360 959 1443 1025 alius
1467 962 1626 1046 magister
1651 960 1730 1025 haec

531 1066 668 1131 addidit:
695 1065 756 1131 Sed
779 1066 877 1132 dure
896 1070 929 1130 in
948 1066 1101 1144 alterum,
1123 1066 1286 1132 duriter
1304 1070 1337 1131 in
1358 1088 1416 1131 nos
1435 1066 1559 1152 aliquid
1577 1067 1730 1132 facimus.

575 1170 697 1238 Scholii
720 1175 852 1238 initium
876 1194 943 1237 esse
967 1172 1102 1251 Donati,
1125 1173 1214 1238 docet
1240 1172 1344 1239 Servii
1368 1172 1492 1240 Gomm.
1517 1177 1553 1238 in
1576 1171 1663 1239 Don.
1689 1169 1732 1240 G.

531 1278 570 1369 Ia
598 1277 641 1342 IV
666 1278 748 1343 439:
781 1300 854 1344 nam
889 1278 1057 1345 Terentius
1088 1282 1135 1344 ait
1167 1279 1349 1355 duriter,
1381 1301 1456 1344 oum
1487 1279 1589 1344 dure
1625 1279 1732 1346 dieere

531 1384 651 1449 debuit.
674 1382 825 1450 Ceterum
845 1383 990 1451 Gramm.
1013 1385 1121 1450 Latini
1141 1384 1265 1451 nullam
1287 1385 1326 1451 de
1343 1386 1393 1450 his
1417 1386 1550 1450 vocibus
1573 1386 1734 1470 praebent

531 1491 755 1570 differentiam,
773 1492 828 1556 sed
839 1495 939 1556 citant
951 1492 1073 1557 deuter
1083 1495 1176 1557 iuxta
1188 1494 1379 1563 humaniter.
1392 1494 1564 1579 ignaviter,
1575 1490 1733 1579 largiter.

531 1595 638 1683 Igitur
661 1597 842 1682 philosophi
867 1598 1010 1663 doctrina
1033 1601 1160 1684 propria
1183 1598 1247 1662 fuit
1269 1606 1301 1663 et
1324 1602 1391 1664 sine
1415 1600 1622 1663 auctoritate.

579 1761 632 1829 75.
664 1762 763 1828 Dent
798 1763 968 1849 „despondi
992 1763 1153 1850 proprie''.
1179 1762 1277 1828 Addit
1301 1764 1377 1828 Ph.:
1402 1784 1476 1828 nam
1500 1762 1668 1849 desponsa
1691 1763 1738 1829 di-

533 1871 626 1945 oitur‚
657 1872 732 1954 quia
763 1870 896 1954 spondet
919 1868 1044 1955 puellae
1069 1875 1167 1954 pater,
1191 1869 1364 1954 despondet
1387 1869 1614 1935 adulescentis.
1641 1869 1740 1935 Falsa

534 1975 709 2040 differentia
732 1976 771 2040 ab
794 1979 865 2062 ipso
887 1979 1029 2041 inventa.

578 2142 631 2208 93.
664 2142 761 2208 Don.:
796 2143 1000 2220 „modestus”
1034 2142 1073 2207 ad
1097 2144 1290 2229 probitatem
1314 2143 1426 2209 vultus
1450 2150 1481 2208 et
1505 2165 1646 2210 morum
1672 2167 1741 2232 per·

533 2251 632 2327 tinet,
671 2248 867 2326 „venustus”
904 2249 944 2314 ad
977 2255 1124 2314 naturam
1155 2252 1305 2335 eorporis.
1342 2250 1400 2315 Ph.
1432 2253 1604 2315 observat:
1641 2260 1741 2338 atque

536 2355 612 2422 adeo
643 2355 772 2421 vultum
803 2356 865 2419 sibi
894 2354 1014 2442 fingere
1045 2356 1143 2421 multi
1167 2363 1317 2441 possunt,
1342 2357 1480 2421 formam
1505 2378 1619 2422 nemo.
1648 2358 1740 2424 Idem

535 2483 609 2527 mox
634 2462 673 2526 ad
698 2460 752 2539 96,
783 2461 945 2526 Donatum
975 2464 1084 2548 inepte
1114 2465 1279 2528 imitatus:
1315 2463 1487 2540 „honesta”
1512 2462 1553 2528 ad
1581 2464 1741 2544 formam,

536 2567 702 2645 „liberali”
725 2567 764 2633 ad
788 2567 919 2633 vultum
942 2567 1079 2634 rettulit.

579 2735 594 2800 I
614 2734 645 2800 2.
660 2734 713 2800 28.
737 2734 836 2800 Don.:
858 2734 953 2800 dare
973 2736 1124 2821 estquod
1144 2743 1283 2823 repetas,
1305 2736 1453 2801 dedere
1470 2735 1741 2822 adperpetuum

536 2842 596 2907 Ph.
621 2841 726 2907 addit:
751 2850 783 2907 et
807 2842 920 2907 damus
948 2844 1047 2907 etiam
1075 2846 1203 2920 amieis,
1233 2833 1379 2908 dedimus
1411 2849 1539 2907 tantum
1573 2844 1742 2911 hostibus

535 2946 582 3015 Of.
614 2946 741 3013 11.3o
773 2947 871 3014 Don.:
902 2947 976 3035 plus
1005 2956 1054 3015 est
1086 2949 1237 3016 dedere
1260 2971 1357 3037 quam
1382 2953 1660 3032 consentire,
1687 2955 1743 3019 nbi

534 3056 593 3119 Ph.
627 3053 731 3118 addit:
768 3055 1039 3140 quemadmodum
1073 3059 1106 3120 in
1140 3057 1285 3122 hostium
1322 3064 1514 3142 potestatem
1551 3058 1675 3126 hostes
1710 3082 1742 3125 se

535 3161 671 3238 dedunt;
704 3168 737 3226 et
766 3161 904 3227 V3.26
937 3161 1035 3227 Don.:
1068 3163 1148 3228 bene
1174 3163 1305 3242 ‚,dedo”,
1331 3167 1421 3248 quasi
1446 3163 1582 3228 hostilia
1610 3175 1647 3231 et
1671 3190 1742 3234 oon·

534 3270 633 3332 traria
667 3267 787 3332 volenti
818 3267 899 3346 (soil.
932 3272 1039 3353 patri).
1075 3270 1138 3334 Ubi
1169 3270 1227 3333 Ph.
1259 3272 1382 3355 pergit:
1418 3290 1514 3345 „nam
1547 3270 1684 3338 deditio
1708 3278 1741 3339 in

535 3374 626 3438 hoste
650 3373 718 3437 fieri
743 3372 857 3439 solet''.

578 3538 631 3604 29.
667 3539 764 3605 Don.:
802 3542 879 3605 bene
915 3540 1009 3627 „lege
1045 3550 1140 3627 atque
1173 3542 1313 3622 omine’',
1347 3546 1422 3628 qnia
1452 3541 1541 3630 leges
1578 3551 1742 3633 auspiciis

533 3649 668 3712 servatis
699 3647 891 3712 ferebantur.
924 3648 983 3712 Ph.
1017 3656 1142 3712 autem:
1178 3647 1291 3735 „lege”
1317 3648 1354 3714 ad
1380 3649 1547 3726 homines,
1579 3655 1740 3727 „omine”

534 3754 573 3820 ad
597 3776 665 3819 rem
693 3753 835 3819 divinam
866 3754 1012 3832 refertur,
1040 3754 1073 3819 id
1100 3762 1148 3819 est
1176 3754 1418 3820 firmamentum
1447 3757 1685 3841 perhumana
1709 3769 1742 3828 et

537 3860 654 3925 divina.

581 4012 595 4077 Ι
628 4013 657 4078 5.
672 4012 725 4077 22.
762 4012 954 4098 Ineptum
990 4020 1048 4089 est,
1079 4013 1163 4098 quod
1194 4034 1212 4078 a
1243 4017 1356 4098 quovis
1388 4015 1582 4100 reprehendi
1610 4030 1742 4105 potest,

532 4118 688 4184 falsum
713 4126 777 4198 est,
799 4119 882 4205 quod
903 4122 1001 4184 etiam
1020 4121 1211 4204 prudentem
1233 4123 1333 4205 possit
1353 4119 1471 4185 fallere.
1497 4120 1592 4189 Haeo
1606 4148 1743 4216 quoqne

531 4228 640 4310 inepta
675 4231 707 4289 et
743 4225 821 4290 falsa
857 4226 1032 4290 differentia
1067 4226 1257 4312 philosopho
1293 4227 1482 4312 assignanda
1517 4236 1570 4293 est
1593 4231 1632 4311 ¹).
1672 4236 1741 4302 Nec

535 4334 642 4395 minus
665 4351 745 4415 quae
769 4330 891 4417 legitur
915 4335 948 4395 in

579 4480 609 4546 ΙΙ
645 4485 671 4546 l.
688 4483 740 4548 12.
772 4484 944 4548 Oramus
973 4506 1053 4568 quae
1076 4486 1159 4550 bona
1182 4496 1268 4561 sunt,
1294 4484 1594 4571 supplicamus
1623 4495 1660 4558 in
1687 4496 1743 4561 ad-

532 4591 632 4652 versis
656 4588 749 4653 malis
773 4589 825 4655 vel
849 4611 923 4654 oum
946 4589 1105 4669 lacrimis,
1129 4614 1187 4656 neo
1211 4612 1273 4656 non
1296 4612 1376 4676 quae
1400 4594 1547 4676 sequitur

569 4820 593 4880 l)
614 4818 667 4866 vid.
684 4818 744 4866 Eun.
762 4817 774 4865 1
793 4817 815 4866 2.
826 4818 857 4866 24
874 4817 948 4867 schol.
966 4817 1054 4867 Donati
1072 4819 1107 4879 (l)
1124 4823 1149 4867 et
1165 4818 1306 4883 Philosophi
1324 4819 1366 4880 (2).
