4525 5950
1054 697 1222 744 uncrinus.
1691 680 1733 744 53

587 857 668 922 lbid.
694 858 794 924 242.
828 861 841 923 i
873 861 904 924 δὲ
935 863 1036 939 τὲφος
1069 863 1120 924 καῖ
1154 863 1179 925 οἱ
1205 871 1387 933 πολυτελεῖς
1413 865 1515 927 ἐκεῖνοι
1541 866 1614 927 λίθοι
1644 866 1728 928 ’λλι-

535 971 744 1038 καρναοσεῡοι
777 968 833 1040 μὲν
865 965 935 1035 icco
967 962 1047 1031 ε1εν
1080 966 1151 1047 (ἂν)
1176 967 1398 1031 ἐπιδείκνυσθαι
1424 970 1475 1032 καῖ
1501 970 1732 1046 Φιλοτιμεῖοδαι

536 1071 611 1146 πρὸς
645 1075 714 1140 τοὺς
745 1070 866 1147 ξένους,
899 1073 936 1142 ὥς
962 1071 996 1145 δή
1021 1096 1050 1136 τι
1076 1074 1166 1149 μέγα
1190 1074 1376 1148 οἰκοδόμημα
1402 1077 1506 1144 αὐτοῖς
1531 1077 1606 1139 εὀτι.
1632 1075 1734 1139 Parti·

537 1175 631 1252 cula,
652 1161 786 1260 quaein
807 1176 897 1241 libris
916 1176 996 1242 Mes.
1018 1177 1122 1254 deest,
1144 1199 1162 1243 a
1182 1181 1259 1242 viris
1279 1179 1379 1243 doctis
1399 1186 1447 1244 est
1459 1179 1616 1265 suppleta.
1637 1180 1734 1245 Recte

538 1303 634 1358 sane,
665 1285 693 1346 si
726 1278 806 1346 εἶεν
829 1286 862 1347 in
887 1290 977 1348 textu
1002 1287 1187 1349 retineatur.
1211 1283 1273 1349 Sed
1296 1305 1393 1369 quam
1417 1288 1536 1350 mirum
1561 1307 1665 1372 genus
1688 1286 1733 1351 di-

536 1387 631 1452 cendi
663 1388 808 1453 videtur:
840 1389 854 1453 ὃ
886 1391 988 1465 τοὶΦος
1020 1392 1070 1453 καὶ
1103 1392 1129 1453 ci
1162 1392 1237 1453 λῖθοι
1270 1389 1373 1453 sicia
1406 1389 1729 1455 ἐπιδείκνυτθαιῙ

536 1493 623 1572 Quid
656 1496 681 1557 si
706 1496 741 1556 in
766 1489 848 1557 εἷεν
871 1493 970 1558 lateat
993 1489 1091 1558 οῖον1
1114 1493 1300 1580 Comparari
1324 1500 1429 1581 potest
1454 1496 1538 1580 quod
1562 1496 1646 1580 apud
1670 1496 1732 1559 Xe

535 1599 735 1685 nophontem
765 1603 800 1664 iu
832 1600 971 1664 Anabasi
1001 1598 1139 1685 legitur:
1172 1604 1204 1664 οὐ
1229 1602 1298 1678 γὰρ
1331 1595 1364 1670 ἦν
1396 1599 1456 1680 ὥρα
1487 1599 1547 1665 οἵα
1572 1605 1606 1666 πῖ
1631 1603 1731 1665 πεδίον

537 1704 650 1785 ἄρδειν,
674 1704 726 1770 vel
747 1708 783 1769 in
807 1704 1022 1792 Cyropaodia:
1049 1705 1130 1768 δοκεῖ
1152 1729 1202 1778 μοι
1227 1708 1261 1770 τὸ
1285 1707 1365 1771 πολὺ
1389 1713 1445 1769 τῶν
1472 1709 1629 1784 ἀνθρώπων
1653 1701 1730 1770 οἷον

535 1809 678 1874 ἕπεσθαι.

583 2028 665 2094 lbid.
700 2025 799 2093 272.
836 2032 940 2092 τοῦτον
974 2027 1023 2093 οὖν
1059 2030 1109 2092 τὸν
1145 2031 1320 2108 asemper
1354 2029 1468 2108 ἐρέσθαι
1500 2029 1667 2104 βούλομαι.
1699 2032 1730 2093 τί

534 2135 727 2208 δακρύεις
754 2138 930 2205 τκλικοῦτος
956 2135 1131 2211 ἀποθανών,
1158 2138 1190 2197 ri
1214 2137 1427 2210 οὶγανακτεῖς,
1448 2130 1469 2196 ὦ
1489 2135 1637 2211 βέλτιστε
1649 2183 1657 2212 ,
1678 2134 1730 2198 κα1

534 2246 642 2304 ταῦτα
673 2240 769 2315 γέρον
800 2243 995 2316 dormtum
1030 2239 1138 2304 Facile
1169 2243 1295 2304 vincam
1319 2239 1397 2304 haec
1418 2242 1466 2304 ita
1489 2243 1607 2325 corrigi
1631 2248 1663 2305 et
1685 2237 1730 2304 in·

534 2347 688 2430 terpungi
713 2345 843 2410 debere:
869 2346 984 2423 ε’ρέοθαι
1009 2345 1184 2421 βούλομαι,
1209 2346 1240 2408 ri
1264 2344 1429 2421 δακρύει
1454 2351 1628 2418 τηλικοῦτος
1655 2347 1731 2408 οὶπο·

535 2453 641 2514 θανών.
675 2454 706 2512 τί
733 2452 948 2527 ἀγανακτεῖς,
973 2446 993 2513 ὦ
1017 2449 1185 2527 βέλτιστε,
1211 2452 1262 2513 κα1
1288 2455 1390 2512 ταῦτα
1416 2453 1510 2528 γέρων
1533 2450 1725 2528 οἱφιγμένος;

533 2557 628 2620 Nunc
651 2559 729 2620 setis
752 2559 859 2641 inepte
878 2556 928 2619 bie
946 2555 1032 2619 idem
1052 2562 1197 2641 rogatur,
1218 2561 1256 2619 ut
1275 2562 1398 2620 taceam
1411 2556 1508 2620 verba
1528 2552 1548 2617 ὦ
1566 2556 1727 2633 βέλτιστε,

533 2662 591 2724 ubi
631 2661 712 2725 duae
746 2660 894 2745 deinceps
924 2663 1125 2744 quaestiones
1158 2668 1331 2746 ponuntur,
1363 2663 1461 2747 priori
1493 2663 1597 2747 magis
1629 2682 1726 2744 quam

534 2769 704 2851 posteriori
728 2769 908 2831 convenire.

582 2970 664 3035 lbid.
689 2968 742 3035 28.
757 2969 788 3034 2.
823 2969 935 3034 οὐδὲν
972 2970 1178 3049 χαλεπόν,
1214 2966 1235 3033 ὦ
1272 2971 1427 3046 Τειρεσία,
1464 2969 1500 3033 εἴ
1532 2994 1578 3033 σοι
1615 2969 1723 3051 ῥοίδιον.

533 3077 669 3141 Prorsus
692 3079 924 3141 necessarium:
951 3076 1049 3140 ἐπεί.
1076 3076 1110 3140 In
1137 3097 1203 3161 sqq.
1231 3079 1284 3140 vix
1309 3096 1422 3141 eanum
1447 3075 1590 3140 videtur:
1615 3079 1647 3139 οὐ
1667 3079 1727 3154 χρὴ

534 3185 599 3261 γὰρ
631 3183 774 3245 οὶπιοτεῖν
805 3190 866 3250 τοῖς
898 3182 1062 3258 τοιούτοις,
1094 3182 1170 3245 ἀλλ’
1202 3179 1300 3260 ὥσπερ
1324 3184 1393 3246 τινα
1417 3182 1529 3258 βλᾶκα
1554 3183 1598 3256 μὴ
1624 3180 1728 3256 ἑξετεῖ·

535 3289 629 3369 ζοντα
662 3287 724 3352 εἴτε
755 3288 872 3352 δυνατοὶ
905 3289 986 3351 εὀτιν
1021 3289 1082 3351 εἴτε
1115 3289 1166 3351 καὶ
1200 3290 1262 3365 μή,
1287 3288 1548 3367 παραδέχεσθαι
1559 3309 1567 3365 ;
1592 3308 1649 3372 pro
1673 3309 1725 3365 θο,

534 3395 620 3480 quod
646 3395 793 3460 omnibus
816 3393 875 3458 tali
899 3414 993 3458 sensu
1016 3396 1048 3457 in
1073 3414 1135 3457 usu
1158 3401 1222 3458 est:
1249 3393 1490 3474 ἀποδέχεσθαι.

581 3614 734 3700 Necyom.
755 3611 791 3679 C.
815 3613 866 3677 11.
888 3613 1004 3678 Narrat
1024 3613 1197 3698 Menippus
1218 3614 1337 3675 umbras
1356 3620 1556 3677 mortuorum
1578 3614 1662 3697 apud
1681 3616 1728 3678 in·

530 3720 615 3783 feros
649 3717 791 3783 tribunal
815 3719 935 3782 Minois
959 3721 1166 3783 circumstare
1190 3719 1228 3782 ad
1253 3720 1474 3783 testimouium
1499 3718 1670 3782 dicendum
1692 3722 1727 3783 in

531 3847 604 3901 eos,
638 3846 734 3908 quos,
769 3825 857 3888 'dum
883 3827 949 3889 vita
974 3825 1146 3900 manebat,
1170 3827 1318 3889 comitari
1343 3822 1501 3887 solebant:
1527 3826 1578 3886 καῖ
1603 3825 1725 3901 σφόδρα

530 3932 640 4000 τινὲς
665 3933 794 3994 αὐτῶν
818 3930 987 4006 ἀξιόπιστοι
1012 3932 1146 3993 δοκοῦσιν
1171 3928 1228 3994 οἵτε
1253 3932 1300 3992 ciri
1325 3929 1467 4005 ξυνοῦσαν
1493 3932 1543 3991 καὶ
1570 3931 1725 4004 μηδέποτε

528 4038 749 4114 ἀφιστάμεναι
783 4043 840 4099 τῶν
871 4039 1033 4111 σωμάτιον.
1067 4036 1137 4100 Non
1170 4057 1279 4100 omnes
1310 4038 1414 4120 igitur
1437 4035 1498 4099 fide
1521 4035 1612 4121 digni
1636 4045 1725 4100 eraut

531 4139 649 4206 testes!
684 4141 786 4220 Quam
819 4142 857 4205 ob
889 4138 1039 4206 causam?
1071 4144 1118 4205 An
1150 4148 1226 4205 eunt
1257 4143 1355 4204 etiam
1389 4142 1539 4218 umbrae,
1564 4163 1645 4226 quae
1669 4142 1726 4206 ali-

530 4246 658 4331 quando
693 4267 711 4311 a
741 4248 926 4330 corporibus
956 4246 1123 4310 discedunt
1155 4252 1187 4309 et
1216 4266 1327 4309 rursus
1358 4249 1609 4331 coniunguntur,
1642 4250 1726 4312 sicut

530 4356 624 4438 pueri
654 4351 759 4438 legere
791 4352 970 4416 solebamus
1001 4354 1033 4414 iu
1063 4351 1170 4434 lepida
1202 4350 1316 4415 sabella
1346 4352 1384 4415 dc
1409 4352 1503 4417 Peter
1526 4350 1725 4417 Schlemihl?

529 4458 759 4522 scribendum:
794 4460 900 4527 τινὲς
931 4453 1067 4520 αὗται.
1094 4457 1130 4520 In
1154 4460 1272 4521 vicinia
1297 4464 1481 4542 transpone:
1507 4459 1520 4521 1
1545 4457 1569 4519 δ’
1595 4453 1643 4520 οὖν
1665 4460 1723 4520 Μῖ-

530 4588 587 4633 νονς
613 4562 813 4644 ἐξετάζων
837 4561 1012 4626 ἕκαστον
1038 4562 1178 4638 ἔπεμπεν
1200 4564 1230 4633 ἐς
1251 4561 1301 4623 τὸν
1321 4564 1443 4640 ἀσεβῶν
1464 4569 1569 4643 χῶρον.
1590 4562 1722 4630 Editur:

528 4667 926 4745 ἓπεμπενὲκαττοκ
