4525 5950
649 679 691 746 74
1174 697 1316 746 raorros.

646 863 816 929 lectionem
847 865 893 927 sio
924 867 1032 928 natam
1063 863 1217 927 arbitror:
1249 865 1282 926 in
1314 860 1462 948 exemplo
1495 861 1681 948 legebatur:
1707 871 1842 928 morra

751 976 779 1033 et
809 971 1025 1054 suprascripto
1054 968 1186 1033 lacunae
1210 967 1430 1054 supplemento
1452 969 1559 1045 vacet,
1583 968 1668 1054 quod
1691 968 1843 1034 librarius

646 1079 694 1141 ita
721 1078 755 1140 in
780 1082 906 1141 textum
930 1077 1049 1160 recepit
1071 1083 1110 1140 ut
1131 1075 1220 1140 istud
1243 1083 1273 1139 et
1295 1078 1457 1140 retineret.
1481 1071 1529 1140 cf.
1554 1074 1597 1139 H.
1620 1073 1679 1152 111,
1706 1075 1761 1154 20,
1786 1077 1843 1140 ubi

645 1184 680 1247 in
710 1182 817 1247 codice
847 1184 1046 1267 ineptissime
1076 1181 1215 1268 legitur:
1243 1189 1295 1257 „at
1320 1183 1439 1257 vineis,
1464 1182 1717 1247 machinamenti
1738 1203 1843 1269 genus

645 1288 685 1353 ad
705 1288 931 1375 expugnandos
951 1310 1062 1354 muros
1081 1291 1115 1352 in
1136 1288 1270 1354 modum
1289 1291 1430 1352 turrium
1449 1288 1571 1353 factum
1583 1291 1611 1354 is
1623 1288 1843 1376 aggredienda

643 1396 752 1461 urbs.''
774 1392 912 1480 Recepto
933 1398 1019 1460 enim
1034 1396 1068 1459 in
1081 1401 1208 1460 textum
1220 1401 1294 1480 post
1306 1394 1448 1482 syllabae
1459 1394 1529 1459 rire
1538 1398 1842 1480 interpretamento,

644 1502 730 1588 quod
753 1505 787 1566 in
811 1501 957 1587 exemplo
981 1505 1066 1567 inter
1088 1501 1190 1568 lineas
1209 1502 1387 1589 legebatur,
1407 1500 1559 1568 librarius
1578 1510 1689 1588 postea
1709 1525 1841 1580 vocem,

644 1629 663 1673 a
694 1615 867 1674 correctore
891 1611 1049 1686 monitus,
1074 1608 1256 1695 supplevit,
1282 1609 1336 1675 sad
1360 1629 1478 1696 vagam
1501 1608 1659 1697 syllabam
1683 1610 1713 1674 ia
1736 1609 1843 1676 delere

643 1713 796 1801 neglexit.
830 1715 948 1780 Nostro
979 1736 1054 1781 vero
1085 1713 1155 1781 loco
1184 1715 1262 1781 olim
1294 1718 1450 1801 scriptum
1480 1715 1579 1781 fnisse
1608 1719 1754 1801 suspicor
1779 1739 1841 1783 non

643 1822 878 1899 mtretoriaaet,
903 1821 986 1908 quod
1009 1822 1085 1887 huic
1108 1824 1282 1888 narrationi
1306 1843 1420 1908 parum
1444 1828 1567 1908 aptum,
1591 1843 1708 1888 verum
1728 1832 1843 1888 rum·

646 1935 711 1992 tore
728 1928 886 2011 potuisset.

690 2033 792 2100 Paulo
815 2039 907 2100 autea
929 2036 961 2098 in
987 2035 1100 2100 eodem
1123 2038 1227 2121 capite
1250 2036 1328 2100 haec
1351 2034 1523 2100 habemus:

691 2140 893 2219 „Adventare
924 2140 1119 2228 Vologaesen
1152 2163 1270 2228 magno
1302 2149 1334 2207 et
1364 2142 1486 2208 infenso
1517 2144 1647 2229 agmine
1678 2142 1841 2209 auditum

643 2249 775 2312 Accitur
795 2246 882 2333 legio
906 2247 1111 2325 duodecima,
1136 2254 1170 2312 et
1192 2248 1275 2314 unde
1299 2249 1419 2313 samam
1443 2251 1530 2313 aucti
1553 2251 1714 2314 exercitus
1738 2271 1843 2336 spera·

644 2359 752 2430 verat,
783 2353 910 2439 prodita
940 2355 1163 2440 infrequentia.
1193 2354 1263 2435 Qua
1285 2362 1393 2419 tamen
1417 2357 1545 2420 retineri
1570 2362 1673 2420 castra
1697 2363 1730 2420 et
1754 2356 1842 2422 eludi

645 2460 785 2525 Parthus
808 2467 914 2526 tractu
937 2459 1014 2526 belli
1037 2468 1180 2546 poterat,
1206 2464 1234 2526 si
1257 2461 1356 2526 Paeto
1379 2464 1489 2526 autin
1510 2460 1842 2530 suisautinalienis

645 2565 787 2632 consiliis
810 2569 989 2632 constantia
1013 2566 1159 2632 fuisset.’'

689 2671 790 2750 Mire,
814 2694 853 2738 ns
876 2672 1011 2738 absurde
1032 2672 1155 2750 dicam,
1176 2675 1246 2758 ipsa
1266 2673 1477 2758 infrequentia
1493 2671 1586 2738 utilis
1607 2694 1675 2739 essa
1695 2678 1840 2760 potuisse

646 2774 765 2845 dicitur
794 2780 834 2843 ad
866 2780 1080 2844 resistendum
1111 2780 1266 2845 hostibus.
1299 2779 1383 2844 Nam
1413 2782 1585 2865 quominus
1607 2781 1692 2845 mihi
1716 2802 1840 2868 respon·

645 2886 758 2952 deutur
787 2884 844 2950 illa
873 2907 951 2951 voce
982 2888 1113 2950 cohortes
1144 2887 1352 2972 infrequenter
1378 2885 1539 2974 designari
1563 2907 1653 2971 posse
1677 2889 1751 2974 ipsa
1775 2910 1839 2954 sen·

645 2996 747 3058 tentia
765 2993 885 3057 obstat:
905 2995 940 3056 in
962 2992 1109 3078 „prodita
1128 2993 1364 3077 infrequentia’'
1386 2993 1627 3058 substantivum
1639 2995 1838 3059 conditiones

645 3103 808 3185 copiarum
840 3098 1018 3185 significat,
1052 3120 1154 3184 nequa
1185 3120 1262 3184 ergo
1285 3100 1381 3165 adiici
1404 3107 1509 3184 potest
1532 3120 1709 3185 pronomen
1733 3100 1838 3166 relati·

644 3227 739 3284 vum,
773 3206 857 3291 quod
888 3205 986 3271 aliam
1017 3206 1285 3293 significationem
1309 3206 1452 3271 eiusdem
1475 3207 1671 3271 substantivi
1695 3210 1837 3292 requirit

645 3311 769 3392 Quanto
788 3311 905 3377 melius
925 3315 1042 3377 omisso
1061 3311 1291 3398 qaolcgemus:
1315 3319 1443 3388 „tamen
1456 3314 1586 3377 retineri
1598 3318 1704 3377 castra
1715 3333 1742 3377 e.
1754 3335 1783 3399 q.
1793 3313 1836 3378 s.”

644 3422 666 3484 i.
687 3440 714 3483 e.
745 3426 870 3495 tamen,
903 3417 956 3483 vel
989 3421 1052 3496 sic,
1083 3420 1263 3503 quicunque
1294 3423 1361 3483 erat
1392 3424 1495 3482 status
1527 3439 1652 3495 rerum,
1685 3419 1768 3485 bene
1791 3440 1836 3484 res

645 3527 715 3611 geri
739 3530 879 3610 poterat,
905 3524 1028 3590 simodo
1052 3526 1114 3589 sibi
1137 3527 1333 3590 constitisset
1357 3525 1483 3589 Paetus.

689 3742 727 3804 A.
749 3737 818 3817 XV,
843 3739 893 3805 16.
915 3738 1036 3806 Castris
1049 3739 1266 3805 Romanorum
1280 3740 1335 3805 diu
1347 3729 1480 3806 ob'sessis
1493 3737 1685 3825 Vologaesee
1697 3744 1834 3826 potitur:

690 3844 861 3924 „Ceterum
886 3847 1021 3912 obsessis
1042 3846 1119 3912 adeo
1139 3848 1393 3933 suppeditavisse
1413 3867 1481 3911 rem
1500 3846 1748 3911 frumentariam
1768 3869 1834 3913 oon-

643 3955 747 4030 stitit,
772 3958 809 4017 ut
831 3954 953 4018 horreis
977 3957 1086 4040 ignem
1110 3956 1280 4030 inicerent,
1305 3959 1476 4038 contraque
1499 3951 1672 4037 prodiderit
1697 3951 1834 4019 Corbulo

643 4060 779 4125 Parthos
810 4061 921 4145 inopes
952 4062 1116 4145 copiarum
1148 4066 1180 4126 et
1203 4059 1320 4145 pabulo
1344 4062 1455 4125 attrito
1478 4059 1646 4125 relicturos
1671 4081 1835 4148 oppugna·

644 4166 798 4230 tionem.”

689 4270 751 4335 Vix
787 4292 982 4357 quemquam
1018 4292 1085 4337 esse
1120 4274 1241 4356 opinor,
1274 4274 1326 4336 cui
1357 4272 1444 4336 istud
1476 4278 1635 4355 contraque
1660 4274 1837 4353 prodiderit

643 4399 758 4443 sanum
793 4376 941 4443 videatur
948 4399 956 4458 ;
1000 4380 1243 4443 coniunctivum
1277 4378 1329 4442 hio
1365 4378 1440 4442 ferri
1475 4398 1536 4442 non
1571 4398 1665 4462 posse
1701 4386 1835 4445 constat.

645 4483 762 4564 Quidni
791 4484 939 4572 legamus
971 4490 1102 4561 „contra
1132 4505 1229 4568 quam
1253 4483 1393 4569 prodidit
1417 4481 1590 4551 Corbulo.’'
1622 4482 1660 4547 In
1683 4497 1836 4573 promptu

645 4591 728 4655 mihi
758 4611 842 4655 nunc
870 4590 925 4655 alii
947 4589 1010 4654 loci
1032 4588 1153 4654 Tacitei
1176 4610 1239 4654 non
1263 4595 1355 4666 sunt,
1380 4590 1436 4655 ubi
1459 4597 1561 4653 contro
1585 4612 1673 4674 quom
1696 4589 1834 4678 legatur,

644 4717 745 4781 neque
780 4696 870 4762 lubet
901 4699 970 4762 eius
1000 4698 1047 4760 rei
1079 4716 1173 4760 causa
1203 4695 1304 4760 lexica
1325 4702 1367 4760 'et
1399 4695 1519 4760 indices
1551 4694 1751 4780 pervolvere.
1776 4700 1835 4765 Fac

643 4806 730 4868 enim
760 4823 918 4888 nusquam
950 4800 1027 4867 alibi
1057 4800 1140 4866 illud
1170 4804 1327 4880 inveniri,
1351 4822 1427 4867 eane
1450 4801 1565 4866 idonea
1587 4822 1685 4867 causa
1708 4811 1758 4870 ast
1781 4828 1835 4871 cur
