4525 5950
628 631 693 699 372
1156 654 1293 703 ovrnrne.

499 824 501 829 ’
626 815 729 881 bellus
750 838 858 882 eorum
881 816 988 895 alicui,
1009 821 1064 903 qui
1084 817 1165 884 olim
1184 822 1317 905 gravius
1338 822 1418 886 mihi
1437 824 1694 901 succensuerint,
1713 822 1830 889 allatus

627 924 741 1001 fuerit,
773 924 858 988 hunc
889 946 968 1010 ego,
999 933 1035 989 ut
1058 931 1130 1011 post
1153 924 1245 991 illam
1269 925 1443 1012 procellam
1467 930 1548 994 bone
1573 933 1686 995 omine
1710 932 1829 995 instau-

626 1036 715 1094 retur
736 1033 798 1096 iter
821 1036 986 1109 nostrum,
1011 1035 1056 1097 sic
1080 1032 1240 1117 alloquor:

807 1144 899 1216 χαῖρε
923 1138 1015 1216 Φίλος
1040 1138 1184 1204 resolvis·
1209 1140 1293 1211 flacc
1317 1139 1333 1204 δ
1358 1139 1386 1205 εἴ
1408 1142 1463 1219 πέρ
1487 1165 1515 1204 τι
1539 1141 1713 1220 βέβακται

808 1242 924 1321 traete,
948 1241 1038 1323 ἄφαρ
1062 1246 1095 1307 τὸ
1118 1246 1235 1324 <cipeto
1261 1244 1483 1324 ἀναρπάξασαι
1510 1244 1641 1312 ἄελλαι.

1132 1492 1274 1559 CAPUT
1297 1494 1322 1560 1.

840 1692 882 1738 1111
906 1692 1207 1741 uersuomosuou
1228 1693 1381 1743 VERSIBUS
1404 1695 1610 1745 PONDRBOSIS.

674 1888 834 1955 Varenum
871 1889 1113 1976 pangendorum
1148 1889 1346 1975 praeclarum
1382 1913 1450 1956 esse
1482 1890 1641 1957 artificem
1674 1893 1832 1959 Ovidium

629 1995 779 2061 dixerunt
809 1995 908 2061 multi
939 2005 1034 2081 atque
1066 1996 1143 2062 adeo
1174 2018 1250 2061 eum
1282 1997 1437 2061 imitando
1461 2003 1537 2062 sunt
1561 1997 1754 2076 testificati,
1780 1999 1831 2064 sed

629 2123 723 2167 nemo
754 2104 859 2188 magis
889 2101 923 2166 id
954 2105 1119 2187 experitur
1150 2123 1247 2187 quam
1278 2106 1334 2188 qui
1358 2102 1532 2190 diligenter
1557 2104 1832 2170 animadverterit

628 2229 726 2294 quam
749 2207 912 2293 eleganter
934 2209 987 2273 bic
1009 2208 1078 2274 illic
1101 2229 1213 2274 versus
1237 2209 1419 2274 adhibuerit
1438 2212 1552 2275 ceteris
1573 2210 1830 2295 ponderosiores.

629 2315 733 2393 Quam
763 2335 832 2379 rem
864 2316 920 2399 qui
950 2312 1044 2399 paulo
1075 2317 1255 2380 accuratius
1287 2317 1520 2380 examinaverit
1543 2315 1576 2379 et
1601 2336 1687 2400 quae
1712 2321 1749 2381 in
1775 2318 1831 2382 boe

628 2441 745 2507 genere
776 2418 950 2504 singularis
982 2419 1091 2485 Ovidii
1122 2419 1193 2485 laus
1224 2423 1266 2484 sit
1289 2424 1415 2486 noverit
1439 2420 1472 2485 et
1495 2420 1534 2486 de
1557 2427 1630 2487 toto
1656 2423 1833 2489 Metamor-

631 2527 769 2611 phoseon
802 2547 895 2611 opere
925 2529 1060 2604 rectius,
1092 2532 1129 2591 ut
1156 2547 1217 2611 ego
1243 2529 1365 2612 opinor,
1389 2526 1530 2592 iudicare
1554 2533 1688 2612 peterit.
1716 2529 1831 2596 Totam

630 2653 707 2717 ergo
731 2633 777 2696 rei
801 2634 959 2697 rationem
983 2631 1091 2696 ordine
1114 2632 1167 2696 hio
1186 2653 1363 2718 proponam
1381 2635 1415 2696 in
1435 2653 1508 2697 suas
1525 2640 1636 2718 partes
1657 2635 1831 2722 digestam.

633 2736 828 2802 Ponderosos
853 2743 963 2802 autem
988 2758 1040 2802 eos
1064 2737 1134 2803 dico
1159 2758 1272 2802 versus
1296 2739 1352 2822 qui
1375 2743 1432 2802 aut
1456 2741 1653 2823 aqacteraie
1672 2743 1831 2827 incipiant

629 2843 793 2928 spondeis,
812 2847 886 2919 aut,
907 2864 982 2908 cum
999 2845 1033 2907 in
1045 2844 1140 2907 initio
1152 2849 1258 2908 ternos
1270 2843 1494 2908 tantummodo
1506 2844 1666 2929 spondeos
1679 2846 1830 2922 habeant,

630 2956 738 3015 tamen
762 2948 834 3014 eliis
858 2949 951 3014 rebus
975 2948 1197 3015 accedentibus
1220 2953 1271 3028 (ut
1291 2955 1370 3035 put-a
1389 2949 1526 3034 spondeo
1545 2952 1578 3014 in
1599 2953 1720 3036 quinto
1742 2953 1830 3039 pede)

631 3054 789 3141 peculiare
820 3054 947 3141 aliquod
979 3061 1091 3139 poetae
1122 3076 1197 3140 prae
1230 3076 1262 3120 se
1293 3055 1397 3120 ferant
1427 3054 1611 3120 consilium.
1646 3056 1698 3123 Ne
1726 3065 1830 3124 tamen

629 3161 711 3226 mihi
730 3167 899 3227 moveatur
917 3163 1149 3238 controversia,
1169 3163 1342 3246 separatim
1363 3166 1537 3247 utrumque
1558 3164 1706 3229 tractabo
1719 3186 1829 3250 ganne.

629 3267 826 3333 Ponderosos
846 3274 954 3332 autem
975 3272 1010 3331 nt
1022 3287 1134 3332 versus
1146 3267 1263 3331 faceret
1274 3272 1337 3331 tres
1350 3265 1505 3333 Ovidium
1517 3277 1698 3334 moverunt
1710 3291 1829 3335 caueae.

675 3372 785 3438 Primo
817 3372 973 3457 quidquid
996 3371 1081 3437 lente
1105 3372 1142 3435 fit
1166 3372 1316 3457 tardeque
1340 3394 1416 3437 cum
1440 3393 1559 3457 magno
1582 3372 1761 3440 molimine
1783 3374 1831 3440 rel

630 3480 795 3557 molestia,
820 3479 974 3565 quidquid
998 3484 1064 3544 stat
1087 3481 1312 3543 inconcussum
1337 3499 1394 3543 nec
1418 3476 1488 3544 loco
1511 3499 1569 3543 suo
1593 3488 1755 3546 moretur
1777 3482 1830 3546 boc

629 3607 785 3653 versuum
803 3606 919 3671 genere
940 3588 1069 3671 egregie
1089 3585 1285 3668 depingitur.
1310 3582 1449 3649 Omnino
1468 3586 1501 3648 in
1514 3582 1831 3673 Metamorphosesin

631 3691 672 3757 77
697 3691 851 3776 leguntur
872 3712 983 3757 versus
1007 3711 1086 3775 quos
1109 3711 1146 3754 eo
1168 3688 1299 3754 consilio
1319 3692 1365 3754 sio
1384 3710 1402 3754 a
1421 3696 1514 3775 poeta
1533 3696 1678 3756 structos
1699 3700 1830 3758 constet.

630 3797 772 3877 Quorum
807 3795 848 3860 53
881 3817 899 3860 a
922 3798 1085 3881 quaternis
1109 3794 1257 3879 spondeis
1280 3797 1449 3880 incipiunt.
1474 3795 1544 3859 Hos
1568 3815 1687 3861 omnes
1713 3799 1768 3864 hic
1790 3803 1832 3863 sic

629 3904 821 3968 enumerabo
852 3910 889 3966 ut
919 3905 988 3987 ipso
1019 3901 1176 3966 scribendi
1205 3922 1323 3988 genere
1347 3922 1365 3965 a
1388 3904 1502 3966 ceteris
1525 3901 1738 3988 distinguam
1763 3904 1833 3970 illos

630 4010 686 4093 qui
710 4007 918 4071 disertissime
942 4013 1053 4092 poetae
1077 4005 1247 4071 consilium
1272 4006 1416 4091 prodant.

692 4113 718 4189 1,
766 4112 810 4178 22
846 4113 929 4177 Nam
953 4111 1039 4178 caelo
1065 4118 1165 4176 terras
1187 4117 1219 4175 et
1243 4114 1336 4176 terris
1359 4110 1493 4177 abscidit
1515 4112 1629 4178 nudas.

767 4217 810 4282 24
847 4217 933 4297 Quae
957 4224 1125 4303 postquam
1150 4215 1274 4281 evolvit
1297 4237 1451 4302 caecoque
1475 4219 1597 4282 exemit
1622 4239 1758 4289 acervo.

746 4323 811 4387 119
847 4323 932 4389 Tum
955 4326 1098 4408 primum
1121 4325 1212 4387 siccis
1235 4328 1289 4388 adr
1312 4323 1488 4389 fervoribus
1512 4329 1617 4389 ustus.

749 4428 811 4494 157
847 4430 1015 4494 Perfueam
1038 4428 1143 4494 multo
1167 4434 1316 4493 natarum
1340 4432 1494 4515 sanguine
1519 4428 1670 4496 Terram.

748 4535 814 4600 550
849 4536 888 4599 [ιι
903 4538 1051 4621 frondem
1075 4534 1172 4598 mineo
1194 4535 1227 4598 ie
1251 4557 1347 4599 ramea
1371 4536 1509 4599 bracchio
1532 4546 1686 4603 crescunt.

746 4641 812 4707 570
848 4641 975 4706 Effusus
999 4641 1102 4705 Pindo
1125 4644 1285 4725 spumosis
1308 4640 1453 4707 volvitur
1475 4641 1581 4706 undis.

677 4746 718 4825 ΙΙ,
744 4746 810 4812 264
845 4747 998 4812 Existunt
1022 4753 1145 4812 montes
1168 4752 1200 4812 et
1223 4768 1347 4831 sparsas
1371 4746 1526 4833 Cycladas
1549 4757 1690 4833 augent.
