4525 5950
536 663 600 729 134
1058 688 1198 737 rhemos.

540 850 702 935 periodos:
736 855 950 928 „centurionis
981 875 1017 918 ac
1046 855 1166 919 tribuni
1191 857 1241 920 sui
1264 858 1416 942 sanguine
1440 876 1560 921 manns
1582 856 1731 931 imbuat,

532 961 733 1042 imperatoris
766 962 940 1024 tentorium
971 961 1162 1046 irrumpet.’'
1193 960 1302 1046 Ipsum
1332 962 1412 1026 illud
1445 961 1535 1047 quod
1567 962 1732 1026 traditum

533 1072 582 1128 est
606 1065 685 1130 hanc
708 1067 798 1130 nobis
822 1070 1098 1151 transpositionem
1123 1068 1323 1133 commendat
1331 1090 1339 1147 ;
1364 1072 1398 1132 in
1422 1068 1532 1133 codice
1552 1056 1648 1133 enim
1669 1090 1732 1134 non

534 1171 647 1235 triboci
668 1170 790 1258 legitur
812 1173 867 1237 scd
890 1174 1027 1238 tribunis.

578 1384 621 1449 Η.
653 1384 694 1461 ll,
727 1383 758 1448 2.
794 1383 887 1450 Titus
918 1384 1144 1471 Vespasianus,
1175 1409 1194 1453 a
1224 1394 1313 1473 patre
1344 1387 1477 1452 Romam
1511 1386 1553 1450 ad
1587 1383 1732 1452 Galbam

535 1494 654 1556 missus
677 1490 728 1556 vel
752 1491 846 1557 officii
870 1513 964 1557 causa
986 1493 1039 1559 vel
1061 1515 1115 1578 spe
1139 1494 1332 1578 adoptionis,
1356 1491 1503 1559 Corinthi
1529 1492 1569 1558 de
1592 1497 1733 1559 interitu

534 1601 735 1683 imperatoris
765 1602 879 1664 certior
907 1599 1009 1664 factus
1032 1621 1140 1665 secum
1165 1599 1318 1666 deliberat
1341 1607 1493 1686 pergatne
1519 1599 1670 1666 Romam
1696 1622 1733 1666 an

533 1705 572 1771 ad
603 1715 727 1790 patrem
758 1704 882 1783 redeat;
915 1705 1042 1771 tandem
1073 1707 1175 1772 redire
1206 1707 1360 1782 decernit,
1390 1705 1486 1790 idque
1511 1706 1605 1770 haud
1635 1729 1733 1773 unam

534 1812 573 1877 ob
597 1831 743 1876 causam:
1118 1822 1124 1831 “

579 1918 761 1996 „Fuerunt,
793 1922 848 2005 qui
876 1939 1044 1985 accensum
1068 1918 1221 1984 desiderio
1245 1919 1407 1983 Berenices
1430 1921 1565 2004 reginae
1594 1922 1733 1985 vertisse

534 2029 595 2090 iter
624 2024 803 2102 crederent;
836 2046 937 2111 neque
968 2026 1156 2091 abhorrebat
1186 2025 1374 2090 chranice
1397 2023 1553 2089 iuvenilis
1578 2029 1732 2102 animus,

534 2132 587 2196 sed
618 2131 766 2219 gerendis
797 2133 890 2197 rebus
920 2131 1048 2197 nullum
1080 2156 1115 2196 cc
1146 2154 1177 2196 co
1207 2131 1490 2218 impedimentum:
1526 2131 1660 2197 laetam
1685 2155 1736 2198 vo·

532 2238 712 2324 luptatibus
725 2231 971 2303 adulescentiam
985 2241 1067 2324 egit,
1079 2259 1136 2303 suo
1149 2259 1243 2322 quam
1256 2241 1355 2322 patris
1367 2240 1501 2322 imperio
1515 2237 1734 2304 modestior.'’

579 2346 683 2410 Immo
714 2366 788 2410 vero
819 2369 855 2409 co
886 2365 937 2408 eo:
975 2353 1045 2410 tum
1076 2348 1162 2410 enirn
1194 2344 1324 2409 demum
1354 2347 1400 2408 ita
1428 2343 1522 2407 nobis
1556 2344 1735 2410 Berenices

533 2451 663 2536 Titiquc
695 2471 817 2515 amores
849 2450 1072 2515 describuntur
1104 2456 1142 2514 ut
1170 2453 1321 2515 innocuos
1351 2470 1403 2514 cos
1426 2448 1528 2512 fuisse
1553 2459 1733 2536 appareat:

534 2557 662 2624 nullum
686 2557 837 2623 Berenice
860 2557 953 2621 rebus
976 2557 1123 2643 gerendis
1147 2555 1294 2621 afferebat
1316 2555 1604 2640 impedimentum.

580 2770 620 2835 Η.
646 2770 687 2846 ΙΙ,
710 2769 740 2834 3.
764 2771 938 2855 Postquam
959 2770 1034 2856 quid
1054 2770 1141 2835 fama
1160 2769 1320 2854 proditum
1340 2771 1383 2833 sit
1401 2767 1440 2831 de
1460 2767 1582 2853 templi
1597 2769 1736 2837 Veneris

533 2877 672 2962 Paphiae
696 2875 856 2941 conditore
880 2879 1050 2953 enarravit,
1075 2879 1120 2941 sic
1144 2879 1250 2960 pergit
1273 2874 1417 2939 Tacitus:

579 2984 662 3061 „Sed
691 2987 856 3048 scientiam
887 2991 1051 3068 artemque
1081 2985 1286 3068 haruspicum
1310 2984 1442 3046 accitam
1465 2987 1497 3045 et
1522 2980 1651 3049 cilicen
1678 2984 1735 3049 Ta·

534 3096 651 3158 miram
675 3091 856 3156 intulisse.’'

579 3198 629 3263 lta
651 3206 699 3262 est
716 3201 751 3262 in
771 3198 885 3262 codice.
910 3197 972 3277 Qui
991 3197 1214 3262 tantummodo
1233 3195 1338 3258 οἱίἑεεη
1357 3196 1390 3258 in
1411 3192 1534 3256 Oiliccm
1554 3202 1736 3263 mutarunt

533 3305 634 3370 Taciti
660 3325 791 3369 manum
816 3325 876 3368 non
901 3307 1126 3369 restituerunt:
1153 3304 1227 3367 ferri
1250 3303 1334 3366 enim
1358 3298 1567 3366 nullomodo
1591 3305 1692 3370 istud
1711 3314 1737 3368 et

531 3417 644 3496 potest.
670 3410 730 3475 Sed
755 3432 792 3476 ne
816 3409 866 3474 illi
891 3410 1031 3495 quidem,
1053 3414 1108 3495 qui
1130 3430 1201 3474 eam
1220 3406 1367 3473 voculam
1388 3405 1504 3481 delent,
1527 3408 1620 3473 mibi
1643 3415 1736 3476 satis

533 3519 668 3583 faciunt:
703 3539 785 3581 nunc
817 3520 902 3581 enim
926 3538 989 3580 una
1012 3517 1101 3581 nobis
1126 3537 1175 3580 res
1198 3514 1320 3579 duabus
1344 3510 1545 3577 sententiolis
1573 3517 1736 3593 traditur,

531 3647 632 3710 neque
656 3624 731 3709 quid
757 3624 816 3687 sibi
839 3625 900 3687 ista
926 3622 1005 3688 velit
1029 3622 1163 3687 divisio:
1190 3621 1264 3697 „sed
1287 3623 1450 3684 scientiam
1474 3625 1659 3706 artemque
1685 3625 1737 3688 ha-

532 3734 694 3816 ruspicum
720 3734 870 3795 accitam:
896 3727 1029 3795 Cilicem
1054 3728 1217 3792 Tamiram
1237 3724 1404 3789 intulisse'’
1425 3726 1607 3809 quisquam
1634 3731 1736 3795 videt.

531 3838 620 3903 ldsm
652 3837 689 3902 de
721 3836 891 3901 Puteolani
922 3839 1103 3900 coniectura
1135 3858 1150 3896 c
1184 3833 1290 3897 Oilicio
1318 3852 1373 3916 pro
1397 3836 1426 3893 et
1448 3828 1558 3893 ciliaco
1584 3832 1736 3920 legentis

532 3944 739 4009 statuendum
768 3951 825 4007 est.
857 3941 928 4006 Non
960 3944 1044 4006 enirn
1078 3943 1185 4004 minus
1208 3942 1332 4024 ingrate
1356 3937 1511 4001 sententia
1537 3940 1586 4002 sic
1615 3941 1738 4008 discer-

532 4055 636 4137 pitur:
670 4050 745 4127 „sed
777 4051 942 4114 scientiam
967 4057 1133 4131 artemque
1157 4047 1362 4129 haruspicum
1387 4044 1521 4108 accitam
1546 4065 1564 4107 e
1592 4044 1735 4113 Cilicia:

445 4216 450 4224 .
534 4158 695 4222 Tamiram
719 4154 897 4221 intulisse.''
928 4153 987 4219 Illa
1012 4163 1116 4218 tamen
1141 4152 1312 4217 adversm
1337 4170 1393 4213 uos
1417 4147 1503 4211 ducit
1529 4147 1737 4232 lectionem,

533 4264 572 4329 ad
608 4285 704 4348 quam
740 4260 970 4327 restituendam
1000 4259 1165 4325 levissima
1195 4257 1348 4343 quaedam
1379 4253 1494 4319 sufficit
1527 4260 1737 4326 emendatio.

534 4369 720 4456 Legeudum
752 4371 838 4433 enim
867 4376 932 4432 est:
959 4366 1040 4443 „sed
1065 4367 1231 4430 scientiam
1254 4372 1416 4446 artemque
1439 4360 1664 4446 haruspicum
1690 4393 1738 4431 oc

534 4477 622 4540 citum
653 4498 669 4539 o
701 4473 815 4540 Cilicia
845 4474 1006 4538 Tamiram
1038 4471 1218 4536 intulisse.''
1250 4468 1345 4533 Haud
1376 4465 1524 4532 dissimili
1558 4473 1665 4539 modo
1691 4475 1736 4540 Η,

533 4582 586 4658 IV,
612 4582 655 4647 83
680 4604 698 4646 a
718 4580 901 4645 Ptolemaeo
921 4584 1062 4665 primum
1084 4582 1133 4641 vir
1152 4577 1281 4663 quidam
1300 4581 1499 4640 externarum
1520 4574 1737 4662 religionum

535 4692 655 4773 peritus
687 4690 870 4761 arcessitur;
904 4689 973 4750 eius
1002 4686 1113 4751 deinde
1146 4686 1274 4748 monitis
1305 4703 1341 4746 eo
1373 4702 1421 4744 res
1445 4678 1625 4749 deducitur
1653 4698 1736 4756 uta

535 4795 636 4860 Ponto
662 4814 743 4859 nova
767 4792 881 4882 religio
905 4797 938 4858 in
961 4797 1148 4881 Aegyptum
1174 4788 1390 4855 transferatur.
