4525 5950
1047 694 1189 743 1101000.
1643 677 1708 744 aet

564 860 721 947 Figurae,
743 880 823 946 quae
843 880 978 946 zeugma
997 859 1125 939 dicitur,
1146 860 1197 925 hic
1217 881 1273 924 nos
1294 859 1465 925 admonent
1488 861 1710 945 grammatici,

515 988 623 1053 neque
654 988 714 1054 ego
738 987 820 1052 nego
844 987 862 1031 e
886 965 1038 1029 minuendi
1062 967 1158 1031 verbo
1182 965 1271 1031 aliud
1294 966 1419 1030 extrahi
1442 986 1532 1051 posse
1558 966 1710 1042 verbum,

514 1073 606 1160 quod
625 1072 847 1158 aliquomodo
868 1072 1087 1150 „exercitum”
1108 1073 1269 1138 obiectum
1289 1073 1403 1137 habere
1424 1075 1535 1157 possit.
1560 1071 1621 1137 Sed
1634 1071 1711 1157 quid

515 1183 704 1247 accusativo
732 1180 848 1263 plebem
884 1175 1062 1244 faciamus?
1094 1175 1187 1246 Certe
1211 1179 1326 1260 plebem
1358 1179 1488 1242 minnere
1519 1177 1612 1243 nihili
1644 1185 1710 1255 est,

516 1289 671 1372 quamvis
689 1286 825 1351 verbum
845 1284 927 1350 iilud
946 1288 979 1350 in
999 1283 1100 1350 alium
1120 1306 1268 1360 sensum,
1289 1287 1346 1371 qui
1366 1292 1474 1350 tamen
1492 1283 1709 1370 aliquomodo

516 1397 649 1459 innatae
678 1392 905 1479 significationi
935 1399 1089 1478 cognatus
1121 1393 1181 1468 011,
1213 1391 1467 1477 detorqueamus.
1500 1390 1620 1457 Deinde
1644 1398 1711 1457 tota

515 1499 584 1565 loci
607 1501 787 1564 enuntiatio
812 1497 969 1563 eiusmodi
994 1503 1042 1563 est
1067 1505 1104 1562 ut
1120 1498 1209 1580 plebe
1231 1503 1263 1563 et
1285 1498 1431 1561 eeereitur
1454 1519 1517 1563 non
1541 1498 1710 1562 videantur

515 1604 632 1692 popuh'
651 1605 787 1671 Romani
807 1610 929 1690 partes:
950 1607 1069 1669 etenim
1088 1625 1289 1689 quocumque
1306 1604 1434 1669 tandem
1449 1603 1543 1670 modo
1556 1605 1709 1667 minuendi

517 1713 657 1777 verbum
688 1710 848 1776 flectimus
878 1713 1116 1796 vertimusque,
1141 1711 1200 1776 hoc
1222 1717 1400 1796 spectantes
1423 1719 1460 1774 ut
1483 1718 1549 1775 tam
1566 1710 1654 1792 ptem
1676 1717 1708 1774 et

517 1818 667 1881 merrtem
686 1838 783 1903 quam
804 1817 943 1880 meiertor
966 1822 1050 1881 recte
1073 1817 1169 1880 mmai
1191 1816 1346 1893 dicautur,
1371 1816 1560 1881 adverbium
1583 1817 1709 1902 deniqne

516 1932 605 1989 certe
636 1946 700 1988 non
731 1930 837 2009 potest
867 1922 960 1988 aliter
985 1926 1087 2009 accipi
1110 1944 1208 2010 quam
1232 1926 1277 1988 sic
1300 1929 1423 1989 utnon
1446 1924 1710 2005 comprehendendi

515 2029 731 2109 (‚,hortom”),
763 2029 818 2094 sed
850 2029 1012 2093 claudendi
1041 2028 1266 2116 („eindelijh'')
1290 2032 1356 2094 vim
1380 2029 1503 2095 habeat.
1528 2030 1614 2095 Mihi
1637 2030 1709 2095 luce

514 2134 636 2200 clarius
666 2134 795 2200 ridetur
825 2136 857 2201 et
887 2137 1047 2199 ecereitmn
1077 2135 1709 2217 61ρί0100010101000000010110000

517 2242 678 2320 hominis,
710 2245 766 2327 qui
797 2264 837 2307 ne
869 2241 1099 2308 vocabulorum
1132 2242 1279 2328 quidem,
1312 2262 1392 2326 quae
1422 2251 1497 2308 suut
1519 2244 1654 2326 proditio
1676 2252 1710 2309 et

516 2349 647 2426 seditio,
672 2352 864 2414 sententiam
888 2356 1033 2414 accurate
1057 2353 1220 2436 cognitam
1243 2349 1390 2427 haberet,
1411 2350 1470 2415 hoc
1489 2349 1598 2415 docere
1618 2352 1709 2416 unice

517 2454 679 2520 studentis
703 2455 906 2538 proditionem
929 2476 998 2520 rem
1023 2476 1107 2528 esse,
1131 2476 1213 2541 quae
1236 2455 1275 2520 ad
1299 2459 1493 2533 exercitum,
1517 2458 1707 2535 occidionem,

517 2582 601 2647 quae
632 2561 672 2626 ad
702 2561 828 2647 plebem
852 2563 1036 2646 pertineret.
1060 2560 1198 2627 Retectis
1220 2583 1238 2627 e
1262 2567 1353 2626 textu
1376 2564 1633 2628 annotationibus
1656 2585 1707 2649 op

516 2669 639 2732 timum
671 2671 941 2751 verissimumque
970 2669 1098 2732 restitui
1122 2688 1251 2733 sensum
1274 2668 1306 2733 et
1329 2666 1391 2732 alia
1414 2668 1518 2734 multa
1540 2668 1653 2734 docent
1675 2676 1708 2734 et

517 2774 555 2839 hi
579 2772 739 2841 Ciceronis
762 2773 840 2840 loci:
865 2775 903 2839 de
927 2773 979 2840 Or.
1004 2774 1045 2852 ΙΙ,
1073 2774 1137 2840 164
1146 2796 1154 2853 ;
1180 2775 1267 2839 Ρο11.
1290 2774 1343 2839 Or.
1368 2774 1475 2853 XXX,
1503 2775 1577 2841 105.

565 2882 605 2945 A.
636 2879 678 2957 ll,
704 2879 756 2945 52.
790 2881 878 2961 Quae
901 2881 953 2945 hic
976 2880 1014 2945 de
1038 2880 1175 2966 proelio,
1199 2902 1262 2966 quo
1286 2880 1465 2948 Tacfarinas
1488 2903 1507 2947 0
1529 2881 1627 2947 Furio
1651 2881 1709 2949 Oa-

513 2987 610 3054 millo
629 2989 720 3053 fusus
739 2988 992 3075 profligatusque
1013 2994 1077 3065 est,
1099 2995 1269 3053 narrantur
1287 3010 1304 3053 e
1323 3009 1378 3053 0011
1390 2991 1705 3076 coustautpartibua:

567 3094 596 3158 1.
621 3092 777 3161 Camillus
797 3098 831 3158 in
851 3095 976 3160 hostem
995 3094 1104 3159 duxit:
1130 3096 1312 3172 „modicam
1335 3116 1483 3173 manum,
1508 3100 1535 3161 si
1557 3095 1707 3161 multitu·

513 3201 626 3266 dinem
651 3200 867 3266 Numidarum
891 3209 986 3287 atque
1008 3200 1197 3267 Maurorum
1223 3202 1414 3287 spectares.”

563 3306 595 3372 2.
617 3306 701 3384 „Sed
713 3306 795 3373 nihil
807 3328 905 3392 aeque
918 3308 1100 3386 cavebatur,
1111 3329 1208 3393 quam
1221 3330 1259 3373 ue
1271 3308 1394 3374 bellum
1406 3317 1497 3374 metu
1509 3308 1707 3375 eluderent.”

565 3413 596 3477 3.
624 3413 706 3499 „Spe
729 3417 882 3480 uictoriae
905 3415 1029 3479 inducti
1052 3423 1127 3479 sunt
1152 3421 1188 3479 ut
1212 3415 1446 3481 vincerentur.''

566 3520 596 3585 4.
623 3520 749 3607 „Igitur
771 3520 857 3606 legio
880 3520 1003 3598 medio,
1027 3520 1115 3586 leves
1139 3522 1282 3587 cohortes
1302 3521 1445 3608 duaeque
1465 3520 1534 3590 alae
1553 3524 1585 3586 in
1605 3525 1705 3587 corui·

513 3628 577 3692 bus
601 3626 778 3692 locantur.''

564 3734 595 3796 5.
622 3733 708 3809 ,Nec
732 3733 913 3798 Tacfarinas
936 3754 1079 3820 pugnam
1103 3733 1324 3799 detrectavit.”

565 3839 596 3904 6.
623 3838 719 3917 „Fosi
744 3839 936 3907 Numidae.”

563 3945 684 4010 Parum
715 3967 791 4033 ergo
823 3953 896 4033 apte
925 3951 992 4012 tota
1015 3953 1063 4010 001
1086 3946 1241 4031 disposita
1264 3949 1412 4012 narratio.
1436 3946 1537 4025 Nam,
1561 3955 1598 4012 ut
1620 3970 1704 4014 nunc

512 4074 565 4118 res
597 4074 631 4117 se
654 4053 768 4130 hahet,
791 4052 825 4117 id
850 4052 934 4136 quod
958 4055 1054 4117 tertio
1079 4058 1126 4117 est
1149 4055 1291 4140 positum
1314 4052 1383 4119 loco
1406 4060 1470 4135 (spe
1492 4054 1635 4119 victorine
1657 4056 1703 4119 in-

512 4159 600 4223 cincti
622 4166 691 4222 enni
713 4166 747 4223 nt
773 4158 972 4238 vincerentur)
994 4157 1087 4223 illam
1110 4162 1144 4222 in
1166 4160 1262 4225 breve
1285 4162 1426 4244 spatium
1448 4161 1702 4246 comprehendit,

514 4264 570 4331 vel
600 4269 706 4352 potius
737 4266 813 4351 quid
841 4264 968 4342 „fabula
991 4265 1121 4331 doceat''
1146 4288 1203 4331 nos
1225 4266 1390 4344 admonet,
1414 4271 1509 4351 atque
1533 4273 1570 4330 ut
1594 4271 1706 4360 quinta

515 4393 592 4457 pars
623 4372 700 4449 (Nee
733 4372 763 4436 P.
790 4395 924 4454 pnpnom
952 4373 1142 4451 detrectavit)
1169 4370 1262 4457 plane
1293 4372 1348 4437 fiat
1378 4392 1576 4459 supervacua
1597 4373 1703 4439 efficit.

514 4478 601 4558 Quid
628 4499 703 4542 vero
726 4480 755 4542 si
777 4477 859 4542 illud
882 4501 933 4561 rpe
956 4478 1100 4541 victorine
1121 4479 1240 4542 indocti
1260 4486 1330 4542 eant
1352 4486 1386 4542 nt
1408 4479 1597 4543 vincerentur
1620 4483 1704 4545 eiici-

512 4580 608 4648 mus?
639 4583 771 4661 Omnia,
804 4593 842 4648 ut
873 4587 996 4669 opinor,
1024 4583 1105 4648 fiunt
1128 4584 1384 4669 expeditissima,
1409 4592 1441 4649 et
1462 4585 1701 4672 elegantissime

512 4690 697 4755 decurrunt.
723 4690 765 4755 111
788 4709 985 4775 quamquam
1008 4693 1085 4754 satis
1110 4699 1242 4756 venuste
1266 4691 1389 4756 dictum
1411 4690 1445 4755 id
1468 4693 1622 4778 estquod
1646 4716 1703 4760 nos

512 4798 761 4882 proscribimus,
786 4796 938 4882 putidum
962 4805 1068 4861 tamen
1092 4799 1176 4881 sapit
1199 4800 1402 4882 magistrum.
