4525 5950
657 685 723 751 170
1220 702 1340 750 ursus.

655 866 738 930 mihi
769 865 898 950 quidem
931 867 1097 930 sanissime
1127 870 1185 930 est.
1211 867 1418 930 Accusatores
1442 886 1551 942 reum,
1577 867 1767 950 gregarium
1790 867 1841 928 mi-

654 973 764 1048 litem,
793 978 1021 1050 contemnum
1052 994 1146 1055 raeque
1168 971 1276 1034 mirari
1297 993 1329 1034 ee
1352 971 1430 1035 dicit
1452 973 1479 1035 ai
1503 970 1626 1036 iudices
1657 970 1695 1032 δι’
1720 970 1840 1045 ἄγνοιαν

655 1078 824 1143 calumniis
856 1076 951 1141 fidem
981 1077 1134 1141 hebentes
1164 1098 1197 1141 se
1218 1077 1438 1142 condemnent.
1463 1076 1571 1141 Nimis
1594 1078 1748 1161 pressisse
1769 1075 1842 1140 mihi

655 1184 806 1249 videntur
838 1183 976 1247 editores
1006 1183 1242 1248 adversativam
1274 1186 1343 1248 vim
1374 1182 1505 1248 voculae
1537 1185 1659 1259 μέντοι,
1685 1202 1767 1267 quae
1789 1181 1842 1245 hoc

655 1288 724 1353 loeo
746 1290 854 1373 potius
877 1287 986 1373 paullo
1010 1291 1144 1373 gravius
1167 1289 1197 1352 et
1222 1288 1329 1353 velere
1352 1287 1565 1353 existimanda
1588 1290 1659 1352 erit.
1685 1286 1844 1371 Hocque

656 1416 717 1478 que
748 1397 781 1457 in
812 1395 916 1458 causis
947 1400 1014 1458 erat
1045 1415 1101 1458 cur
1132 1397 1166 1457 in
1191 1397 1294 1479 primo
1318 1397 1526 1479 oppositionis
1549 1396 1697 1459 membro
1722 1394 1778 1470 μὲν
1801 1389 1843 1456 οὖν

656 1502 862 1585 requirerem.

701 1711 753 1777 Or.
779 1711 826 1776 lx
849 1713 866 1795 ξ
883 1710 934 1775 14.
958 1709 1117 1795 Sostrato,
1143 1714 1264 1796 potenti
1285 1717 1361 1777 tuno
1382 1715 1536 1798 temporis
1554 1715 1634 1791 civi,
1654 1711 1842 1778 familiarem

656 1839 689 1885 se
719 1819 817 1884 fumeo
846 1839 919 1883 reus
953 1825 1078 1895 narret,
1111 1817 1166 1882 sed
1191 1818 1248 1884 hec
1272 1840 1305 1883 se
1328 1821 1472 1884 amicitia
1495 1818 1618 1884 modice
1641 1839 1712 1884 esse
1734 1839 1843 1883 usum:

657 1920 764 2004 ζῶντος
784 1925 841 1999 μὲν
861 1924 925 2001 γὰρ
948 1923 1013 1986 δια
1037 1926 1104 1995 τὴν
1131 1923 1318 2000 οὶνοὶγκνν
1344 1923 1410 1987 διὰ
1434 1928 1504 1996 τὴν
1529 1926 1696 2000 ἡλικίαν
1718 1925 1844 2003 ἐσχόλα-

657 2027 717 2108 ζον,
749 2029 926 2097 ἐκλιπόντος
959 2029 990 2092 δὲ
1022 2030 1071 2091 τὸν
1095 2029 1163 2103 βίον
1187 2030 1256 2094 οὔτε
1280 2032 1363 2109 λόγῳ
1388 2029 1457 2094 οὔτε
1482 2028 1559 2110 ἔργῳ
1583 2028 1721 2109 ἔβλαψα
1746 2032 1843 2095 οὐδένα

657 2137 715 2198 τῶν
739 2136 997 2211 κατηγορούντων.
1022 2132 1111 2198 Malo
1135 2156 1208 2198 oum
1232 2138 1372 2219 antiquis
1394 2136 1587 2201 editionibus
1607 2139 1640 2201 in
1660 2137 1714 2201 his
1733 2137 1843 2209 <ιιαὶ>

657 2240 770 2305 addere
799 2242 884 2304 inter
915 2241 1055 2316 ἀνάγκην
1087 2249 1119 2304 et
1150 2245 1281 2320 ἡλικίαν,
1314 2243 1399 2328 quod
1423 2250 1496 2328 post
1517 2245 1675 2321 οὶνοέγκνν
1699 2242 1844 2308 facillima

655 2348 689 2411 iu
721 2345 893 2432 archetypo
924 2345 1005 2410 elabi
1036 2349 1161 2431 potuit,
1191 2369 1286 2432 quam
1311 2356 1368 2414 aut
1391 2371 1466 2414 cum
1491 2349 1699 2415 Helbertsma
1721 2352 1772 2413 διὰ
1796 2352 1844 2420 τὴν

657 2454 797 2527 ἀνάγκην
818 2472 1018 2537 expungere,
1039 2473 1102 2536 que
1121 2454 1249 2517 notione
1269 2460 1434 2539 („propter
1454 2455 1535 2520 banc
1554 2453 1844 2531 familiaritatem'’)

656 2579 762 2623 carere
789 2561 844 2622 vix
874 2578 1060 2642 possumus,
1093 2566 1151 2622 aut
1181 2580 1255 2622 cum
1280 2559 1430 2644 Emperio
1454 2560 1589 2646 aliisque
1612 2564 1775 2648 corrigere
1797 2560 1843 2623 eal

656 2662 781 2744 dudm
804 2665 935 2741 ἡλικίαν,
961 2663 1045 2747 quod
1068 2666 1123 2728 vix
1147 2663 1309 2752 intellege.

702 2878 754 2943 Or.
779 2877 827 2942 lx
851 2876 934 2962 §17⁸
960 2876 1007 2942 De
1029 2881 1171 2942 inimicis
1195 2881 1261 2943 suis
1284 2878 1483 2966 Polyaenus:
1506 2878 1594 2944 ἀλλὰ
1614 2881 1680 2958 γὰρ
1701 2882 1757 2964 [el]
1776 2904 1844 2943 κατ-

658 2986 828 3065 εφρόνησαν
852 2989 905 3048 τοῦ
931 2985 1075 3064 ὑμετέρου
1100 2989 1250 3061 πλήθους,
1275 2986 1339 3050 οὐδὲ
1365 2987 1537 3065 φοβηθῆναι
1563 2987 1633 3058 τοὺς
1659 2989 1743 3059 θεοὺς
1768 2989 1844 3064 ἠξίο-

655 3116 724 3157 σιιν.
754 3090 930 3155 Molestum
962 3093 986 3154 εἰ
1019 3090 1207 3156 deleverunt
1238 3093 1374 3157 editores
1406 3092 1610 3172 Turicenses‚
1634 3093 1845 3179 adstipulante

654 3197 888 3283 quodammodo
919 3196 1139 3275 Thalheimio;
1173 3198 1227 3261 sed
1251 3198 1335 3263 unde
1360 3205 1473 3263 natum
1497 3198 1663 3264 dicamus?
1687 3200 1756 3265 Alii
1779 3222 1844 3265 con·

654 3303 798 3371 iectendo
819 3302 973 3367 damnum
992 3306 1107 3367 sarcire
1128 3307 1233 3368 conati
1253 3310 1345 3368 sunt:
1370 3308 1420 3367 καὶ
1441 3305 1598 3391 Taylorus
1618 3311 1650 3370 et
1670 3305 1844 3380 Scheibius,

655 3402 682 3474 ol
714 3408 940 3486 Marklandus,
973 3411 1094 3473 maiore
1124 3412 1196 3472 nisu
1228 3408 1451 3475 'Phalheimius
1487 3408 1556 3484 ἅμα
1589 3412 1653 3486 γὰρ
1684 3410 1719 3482 et
1754 3435 1846 3474 κατα-

655 3518 862 3595 praetexam
887 3530 957 3577 era.
992 3513 1165 3597 Aliquanto
1190 3514 1369 3598 simplicius
1392 3518 1628 3602 rescripserim:
1653 3517 1745 3581 ἀλλὰ
1769 3517 1845 3593 γάρ,

655 3625 699 3689 ὣς
726 3622 956 3698 κατεφρόνησαν
982 3644 1010 3681 τ.
1036 3621 1088 3696 ὑμ.
1113 3621 1218 3694 ataid„
1243 3619 1310 3683 οὐδὲ
1335 3620 1509 3697 Φοβνθῆναι
1533 3645 1562 3684 τ.
1584 3623 1610 3684 θ.
1636 3619 1782 3695 ἠξίωσαν.
1812 3620 1847 3684 Iu

655 3725 799 3792 eiusdem
830 3727 979 3789 sectionis
1009 3724 1071 3789 fine
1103 3724 1277 3789 admodum
1310 3724 1446 3791 molesta
1470 3731 1545 3789 sunt
1567 3725 1663 3790 haec:
1688 3726 1723 3788 τὸ
1748 3725 1781 3790 δὲ
1804 3750 1847 3789 τι·

656 3840 807 3909 λευταῒον,
834 3828 1002 3909 νομίζοντες
1028 3831 1087 3909 οὐχ
1111 3831 1219 3899 ἱκανῶς
1241 3855 1281 3904 με
1303 3833 1545 3908 τετιμωρῆσθαι,
1567 3833 1601 3895 τὸ
1621 3831 1716 3909 τέρας
1741 3833 1775 3895 ἐκ
1795 3839 1846 3903 τῆς

656 3940 774 4008 πόλεως
806 3934 974 4011 ἐξήλασαν.
1006 3932 1088 4001 (lum
1120 3935 1158 3999 de
1193 3934 1287 4000 exilio
1318 3957 1447 4021 prorsus
1479 3939 1616 4022 cogitari
1652 3959 1712 4003 non
1751 3941 1849 4023 possit

655 4062 757 4127 neque
789 4042 866 4106 haec
897 4042 994 4105 huius
1025 4040 1151 4115 delicti,
1183 4043 1275 4105 euius
1308 4062 1392 4106 nunc
1423 4049 1530 4106 noster
1560 4044 1720 4128 arguitur,
1751 4064 1849 4129 poena

655 4148 814 4227 videatur,
846 4144 1003 4221 ἐξήλασαν
1034 4151 1090 4210 aut
1121 4146 1348 4231 corrigendum
1380 4150 1459 4223 erit,
1491 4147 1574 4232 quod
1599 4170 1662 4213 non
1686 4150 1735 4214 ita
1760 4148 1849 4215 facile

656 4274 723 4316 esse
747 4256 889 4336 arguunt
912 4250 1110 4315 diversorum
1135 4253 1319 4315 criticorum
1345 4255 1527 4328 conamina,
1551 4258 1608 4317 aut
1632 4273 1708 4317 oum
1728 4255 1849 4319 editore

657 4357 881 4441 explicandum
906 4362 943 4420 ut
966 4359 1025 4420 sit:
1051 4355 1213 4432 „militem
1237 4359 1451 4441 expeditionis
1475 4357 1612 4422 alicuius
1634 4359 1847 4445 participem”

656 4486 694 4529 ex
726 4464 832 4527 Attica
863 4464 1049 4526 emiserunt.
1073 4460 1136 4524 Sed
1159 4460 1211 4526 vel
1234 4463 1411 4527 difficiliora
1434 4471 1508 4528 sunt
1534 4485 1615 4548 quae
1638 4466 1848 4549 praecedunt:

657 4569 690 4632 τὸ
716 4569 746 4632 δὲ
771 4566 1078 4630 τεκεοταῑον--τὸ
1105 4565 1219 4642 πέρας,
1244 4570 1361 4652 quibus
1385 4589 1513 4653 prorsus
1535 4568 1622 4633 idom
1646 4570 1697 4634 bis
1721 4571 1850 4645 dicitur,

656 4681 694 4737 ut
718 4676 866 4746 mittam,
892 4670 976 4755 quod
999 4669 1096 4734 multi
1120 4681 1332 4749 monuerunt,
1358 4676 1392 4734 τὸ
1418 4673 1510 4746 atrae
1532 4675 1679 4739 Atticum
1701 4697 1766 4740 non
1787 4698 1852 4740 esse

657 4800 715 4864 pro
747 4780 853 4855 τέρας.
885 4775 1016 4839 Nullam
1041 4775 1138 4839 habet
1160 4776 1416 4860 probabilitatem
1442 4778 1584 4863 llmperii
1607 4783 1795 4846 coniectura
1817 4782 1850 4843 τὸ
