4525 5950
397 1368 404 1378 ,
529 1263 1079 1353 OBSERVATIUNOULAE
1108 1265 1177 1352 Du
1207 1265 1335 1353 IURE
1363 1263 1595 1352 ROMANO.

998 1496 1122 1537 soulpslu

839 1679 868 1745 J.
893 1677 928 1746 O.
954 1678 1099 1744 NABER
1121 1679 1154 1744 S.
1168 1681 1206 1743 A.
1220 1697 1281 1744 rm.

807 1831 1047 1911 (Continuantwr
1077 1853 1113 1893 ee
1139 1853 1212 1912 pop.
1246 1829 1313 1909 94).

966 2120 1151 2154 *404*-

1017 2371 1100 2440 XOI.

904 2604 946 2652 AD
969 2603 1099 2652 sexum
1121 2602 1215 2651 lsffl.

509 2807 607 2874 Sexte
625 2806 706 2871 Iseei
725 2803 919 2891 impeditum
939 2805 1036 2869 hebet
1054 2802 1257 2869 intellectum
1278 2825 1379 2888 quum
1398 2804 1438 2869 ob
1456 2803 1519 2868 elie
1538 2803 1653 2882 multe,

461 2922 535 2981 tnm
554 2934 630 2980 vero
649 2914 835 2999 preeoipue,
856 2913 932 2996 quie
952 2913 997 2976 sio
1016 2911 1145 2977 ridetur
1167 2931 1262 2977 oense
1284 2913 1339 2998 egi
1363 2911 1415 2992 (of.
1440 2909 1539 2995 sil),
1563 2913 1655 2996 quasi

461 3022 605 3107 potuerit
635 3018 810 3095 Euctemo,
835 3038 936 3101 quum
959 3023 1043 3082 esset
1065 3020 1095 3081 ei
1118 3025 1220 3102 nupto
1242 3016 1397 3082 Mixiodis
1419 3015 1504 3094 filie,
1529 3037 1568 3081 ex
1592 3016 1656 3082 elie

459 3146 561 3191 uxore
590 3127 694 3189 iustos
725 3122 807 3188 filios
836 3142 1011 3207 procreare.
1043 3122 1172 3187 Etenim
1203 3143 1305 3208 quum
1329 3123 1462 3188 dooeent
1484 3121 1656 3188 Androcles

460 3238 494 3297 et
525 3229 720 3305 Antidorus‚
756 3227 964 3293 Euctemonis
996 3229 1126 3313 cognati
1141 3228 1175 3307 ¹),
1212 3228 1404 3293 Euctemoni
1436 3230 1538 3292 iustos
1573 3225 1656 3292 filios

460 3338 589 3424 genitos
612 3356 651 3400 ex
672 3332 835 3420 Collippo,
860 3335 963 3418 ipsius
986 3331 1110 3418 pupille
1122 3332 1160 3413 ²),
1180 3355 1243 3398 nen
1263 3335 1324 3398 hoe
1344 3334 1513 3418 respondet
1532 3340 1654 3398 oretor:

459 3445 565 3507 iustos
594 3439 678 3505 filios
709 3441 868 3524 procreari
898 3460 961 3504 non
991 3441 1152 3523 potuisse,
1184 3442 1246 3504 nisi
1278 3460 1317 3504 ex
1350 3460 1386 3504 ee
1414 3460 1494 3526 qnee
1517 3442 1656 3525 genitori

459 3567 573 3612 sorum
608 3548 678 3610 iure
712 3547 890 3629 nupsisset,
925 3565 982 3609 nee
1016 3565 1108 3628 posse
1140 3565 1236 3629 quem
1267 3547 1337 3609 iure
1367 3547 1487 3610 nubere
1521 3566 1655 3609 uxorem

461 3652 609 3729 hebenti;
646 3650 700 3715 sed
735 3648 921 3735 respondet:
953 3648 1053 3728 filios,
1085 3653 1142 3734 qui
1172 3651 1320 3715 ditentur
1351 3653 1447 3726 iusti,
1477 3671 1534 3715 neo
1565 3656 1656 3736 petre

460 3757 659 3822 Euctemone
682 3777 739 3821 neo
763 3753 909 3841 Oullippe
933 3762 1052 3833 matre,
1077 3754 1131 3819 sed
1155 3776 1195 3820 ex
1219 3754 1320 3820 Dione
1343 3756 1482 3840 quodem
1505 3753 1655 3821 libertino

459 3869 493 3928 et
523 3883 563 3927 ex
594 3860 672 3926 Aloe
702 3863 804 3927 veteri
828 3859 1006 3944 prostibulo
1029 3862 1063 3922 in
1087 3858 1235 3943 lupanari
1260 3868 1351 3925 netes
1375 3882 1452 3926 esse.
1476 3860 1563 3947 Ergo
1587 3883 1657 3925 con·

459 3966 570 4033 cedere
593 3966 732 4043 videtur,
758 3969 901 4050 potuisse
924 3963 1092 4049 Gellippen
1111 3968 1213 4029 iustos
1232 3964 1317 4030 filios
1337 3987 1446 4051 perere
1465 3966 1657 4031 Euetemoni

458 4074 595 4138 durante
625 4070 729 4136 adhue
760 4074 865 4157 priore
880 4071 905 4150 ³)
936 4092 1010 4135 oum
1034 4070 1189 4135 Miriedis
1212 4070 1279 4136 filie
1302 4073 1518 4137 matrimonio.
1542 4070 1657 4157 Super·

458 4180 580 4244 vixisse
603 4180 689 4241 enim
713 4179 830 4242 merito
853 4176 1006 4241 Miriedis
1029 4175 1130 4262 filiam
1149 4182 1288 4253 constet,
1308 4197 1526 4262 perseverasse
1545 4186 1655 4243 eutem

497 4434 524 4496 l)
543 4435 578 4481 Ds
597 4432 715 4481 Andronis
733 4436 852 4481 certares
870 4437 906 4481 eet
922 4434 1003 4493 (555).

493 4515 523 4577 Β)
538 4514 606 4575 §1³2
624 4512 651 4579 ἔξ
670 4511 898 4575 ἒπιτροπινσμίνης.

491 4598 521 4660 8)
539 4595 649 4645 Priorem
667 4596 774 4661 nupsisse
791 4596 906 4645 Mirisdis
923 4595 998 4645 fllisrn
1016 4593 1170 4654 Enstsmoni,
1184 4595 1239 4643 inde
1252 4594 1385 4658 colligitur,
1399 4596 1462 4660 qnod
1476 4612 1505 4645 ex
1519 4596 1571 4662 ipss
1586 4599 1656 4646 notus

457 4677 608 4727 Philostsmo
631 4692 701 4742 sssps
723 4677 772 4726 ism
796 4673 976 4739 ἱτριηράρχησι
993 4680 1013 4739 (5
1023 4680 1048 4739 t)
1064 4680 1089 4726 st
1107 4677 1132 4725 in
1150 4677 1202 4742 ipss
1219 4677 1362 4726 triersrohis
1380 4681 1482 4728 mortem
1499 4678 1560 4728 obiit
1575 4679 1655 4741 (527).

458 4775 534 4824 quum
552 4758 672 4824 Collippss
690 4758 777 4808 sireis
795 4759 842 4808 ruis
859 4758 927 4808 Aleos
943 4759 1007 4808 iilius
1025 4763 1084 4808 netu
1102 4760 1179 4807 metor
1195 4759 1292 4807 virduni
1310 4757 1427 4823 pnbnerst
1443 4761 1523 4822 (514).
