4525 5950
532 686 598 754 378
1056 708 1197 758 neuros.

578 870 618 935 H.
643 871 700 947 ΙΙΙ,
726 871 778 936 49.
806 872 914 950 „Dum
937 874 997 939 hac
1021 876 1122 940 totius
1146 876 1230 939 orbis
1251 878 1418 941 nutatione
1440 876 1570 941 fortuna
1588 877 1717 960 imperii

532 979 662 1053 transit,
693 977 823 1043 Primus
840 981 1011 1044 ¹Antonius
1041 1001 1242 1066 nequaquam
1272 985 1340 1066 pari
1371 984 1552 1048 innocentia
1584 981 1716 1067 agebat,

532 1083 732 1149 satisfactum
756 1083 839 1149 bello
862 1092 950 1150 ratus
973 1091 1006 1150 et
1028 1092 1131 1151 cetera
1155 1107 1193 1150 ex
1216 1085 1305 1152 facili
1328 1108 1354 1152 e.
1368 1108 1398 1172 q.
1412 1087 1460 1152 s.”

576 1188 779 1269 Sermonem,
817 1199 854 1255 ut
883 1194 1003 1276 opinor,
1039 1213 1133 1256 nemo
1165 1193 1230 1257 hic·
1246 1194 1458 1278 improbabit,
1490 1192 1528 1258 de
1561 1195 1719 1258 sententia

530 1316 624 1361 nemo
655 1297 830 1375 dubitabit;
864 1296 1052 1383 planissima
1082 1302 1169 1364 enim
1201 1307 1275 1364 sunt
1306 1302 1422 1366 omnia.
1449 1299 1560 1365 Verbis
1584 1320 1721 1385 „nequa-

531 1423 629 1488 quam
661 1405 729 1488 pari
758 1406 937 1468 innocentia
960 1404 1096 1491 agebat’'
1120 1405 1299 1471 Antonium
1322 1408 1476 1471 rictorem
1500 1409 1567 1470 iam
1591 1411 1624 1471 et
1649 1405 1720 1470 urbi

531 1511 839 1595 appropinquantem
870 1532 944 1575 curn
975 1531 1011 1575 eo
1035 1513 1174 1575 Antonio
1198 1515 1389 1597 comparari,
1413 1515 1468 1598 qui
1491 1511 1588 1576 modo
1612 1533 1630 1577 e
1655 1533 1723 1597 pro

533 1617 640 1680 vincia
671 1637 728 1681 sua
759 1621 861 1680 castra
891 1619 1047 1693 moverit,
1072 1619 1180 1703 quivis
1204 1620 1315 1682 statim
1338 1616 1505 1705 intelligit.
1530 1617 1595 1683 Sed
1618 1619 1724 1682 omnia

534 1723 676 1805 corrupit
695 1720 859 1799 librarius,
880 1724 935 1806 qui
955 1725 989 1785 in
1008 1729 1134 1787 textum
1147 1722 1312 1788 transtulit
1322 1722 1471 1788 inutilem
1483 1725 1723 1789 annotationem

527 1835 598 1910 poet
631 1829 811 1905 Cremonam,
845 1849 941 1914 quam
972 1827 1181 1913 adscripserat
1212 1827 1327 1914 aliquis
1349 1829 1388 1894 ad
1410 1828 1604 1894 illustranda
1628 1829 1724 1894 verba

533 1934 725 2018 eotiefaetcm
748 1934 824 1997 dello
848 1942 941 1998 rotae.
966 1934 1053 2014 Quae
1076 1956 1160 2000 nnnc
1183 1941 1255 2001 ante
1278 1937 1382 2018 afflabat
1401 1935 1533 2022 legitur,
1555 1936 1612 2001 ubi
1633 1933 1723 1999 nullo

535 2040 628 2105 modo
651 2041 728 2106 ferri
751 2043 860 2125 possit.
889 2043 976 2126 Age,
1001 2039 1085 2106 clara
1109 2062 1185 2107 voce
1209 2040 1325 2126 aliquis
1348 2045 1457 2107 recitet
1480 2044 1561 2106 ista:
1588 2061 1725 2126 „nequa-

535 2166 630 2231 qnam
663 2148 732 2231 pari
763 2148 943 2211 innocentia
972 2152 1044 2231 post
1074 2143 1265 2213 Cremonam
1290 2147 1444 2232 agebat'':
1468 2148 1580 2212 statim
1604 2148 1725 2212 vitium

534 2254 661 2318 sentiet.

541 2377 542 2380 ’
579 2358 622 2423 Η.
647 2357 704 2435 ΙΠ,
731 2358 782 2423 72.
808 2357 1004 2443 Capitolium
1028 2358 1292 2445 aggredientibus
1316 2357 1513 2435 Vitellianis,
1538 2358 1619 2423 dnm
1641 2359 1726 2425 Sabi·

535 2485 596 2529 nus
619 2464 696 2550 qnid
718 2467 752 2528 in
776 2471 864 2529 tanto
887 2485 996 2529 rerum
1029 2464 1212 2529 discrimine
1242 2471 1318 2552 agat
1349 2463 1465 2530 dubius
1496 2465 1626 2530 haeret:
1663 2469 1726 2543 „in-

535 2575 691 2657 rumpunt
716 2569 878 2636 Vitelliani
901 2577 934 2636 et
957 2578 1071 2636 cuncta
1094 2571 1175 2636 ferro
1199 2571 1389 2658 flammaque
1413 2571 1584 2637 miscent.”

581 2677 628 2743 De
651 2679 721 2762 ipso
744 2675 901 2762 Capitolio
924 2698 1027 2743 sermo
1052 2678 1105 2742 hio
1127 2684 1193 2754 est,
1218 2677 1255 2744 de
1278 2678 1477 2754 bominibus,
1501 2680 1558 2763 qui
1581 2685 1662 2744 tunc
1682 2700 1727 2744 oo

535 2786 592 2849 cisi
628 2790 720 2860 sunt,
756 2786 789 2847 in
825 2785 1031 2869 sequentibus
1065 2787 1183 2870 agitur.
1220 2782 1373 2851 Confudit
1406 2805 1482 2871 ergo
1517 2788 1726 2871 corrupitque

536 2893 658 2967 omnia,
690 2892 746 2976 qui
778 2893 912 2955 inseruit
941 2891 1095 2972 sanquine.
1127 2890 1198 2956 Non
1221 2894 1306 2956 enim
1330 2890 1520 2978 languidum
1544 2889 1658 2956 solum
1681 2900 1727 2957 est

533 2999 679 3081 sanquine
700 2999 792 3082 ferro
807 2995 1100 3082 ,tommoqcessed
1127 3000 1264 3063 nisime
1288 2996 1405 3063 fallunt
1427 3000 1550 3075 omnia,
1577 3020 1616 3063 ne
1643 2999 1727 3065 Lati·

536 3125 614 3169 nnm
639 3104 779 3189 quidem.

581 3210 623 3274 H.
656 3209 713 3287 III,
739 3207 791 3275 73.
823 3207 1078 3294 irrumpentibus
1107 3211 1140 3272 in
1173 3207 1369 3293 Capitolium
1393 3207 1596 3286 Vitellianis,
1620 3209 1727 3275 Flavii

534 3316 644 3381 Sabini
667 3314 787 3380 milites
810 3317 909 3380 variis
933 3316 1055 3379 artibus
1076 3314 1220 3400 dolisque
1243 3315 1379 3380 salutern
1403 3317 1652 3401 quaesiverunt:

581 3423 707 3500 „fuere,
750 3424 806 3506 qui
849 3428 979 3506 excepto
1015 3420 1261 3487 Vitellianomm
1296 3424 1388 3508 signo
1424 3421 1507 3486 ultro
1543 3425 1726 3507 rogitantes

535 3528 700 3594 audaciam
724 3550 780 3613 pro
803 3526 924 3593 latebra
949 3527 1133 3593 baberent.''

581 3634 772 3699 Plenissime
802 3634 895 3712 haec;
928 3655 1021 3698 nemo
1053 3636 1139 3699 enim
1170 3633 1221 3699 vel
1248 3632 1451 3699 mediocriter
1472 3633 1588 3699 Latine
1612 3634 1727 3701 doctus

533 3743 571 3806 de
603 3762 665 3826 qno
697 3740 748 3804 bic
778 3741 862 3821 eiquo
894 3743 937 3804 sit
960 3761 1064 3805 sermo
1088 3740 1257 3805 dubitabit.
1282 3739 1402 3805 Tamen
1424 3739 1620 3826 Nipperdeio
1647 3764 1725 3828 opus

533 3849 614 3925 fuit,
646 3850 702 3932 qui
733 3849 857 3932 primus
885 3845 1045 3911 insulsum
1068 3846 1193 3912 tolleret
1217 3850 1538 3933 interpretamentum
1562 3869 1621 3931 quo
1647 3848 1726 3911 inter

533 3980 564 4021 ce
587 3956 788 4030 noscebantur,
812 3953 895 4038 quod
919 3954 958 4017 ad
980 3952 1069 4018 illius
1093 3974 1194 4039 usque
1214 3959 1352 4019 aetatem
1372 3956 1442 4018 voci
1460 3951 1511 4017 illi
1531 3953 1726 4020 adiunctum

536 4065 608 4128 suit.
634 4062 677 4126 lit
700 4082 737 4125 ne
761 4062 821 4125 hoc
844 4060 974 4145 quidem
999 4059 1215 4125 additamento
1239 4066 1404 4125 contentus
1428 4059 1491 4124 fuit
1510 4057 1650 4137 sciolus,
1672 4060 1725 4126 sed

537 4175 698 4256 praeterea
728 4166 896 4250 adscripsit
926 4164 1067 4251 aliquid,
1100 4166 1200 4251 quod,
1225 4169 1305 4231 item
1329 4168 1361 4230 in
1386 4171 1512 4230 textum
1535 4172 1725 4251 receptum,

536 4278 690 4340 maiorem
725 4275 823 4337 etiam
858 4275 887 4337 ei
920 4271 1027 4338 labem
1058 4272 1187 4337 attulit:
1219 4272 1366 4338 Flaviani
1395 4271 1444 4336 illi
1476 4270 1616 4350 milites,
1651 4295 1726 4339 cum

533 4379 632 4447 semel
664 4378 910 4444 Vitellianorum
942 4381 1070 4464 signum
1103 4381 1316 4464 excepissent,
1349 4381 1376 4442 si
1407 4380 1441 4441 in
1471 4378 1637 4457 hostium,
1672 4382 1726 4465 qui

535 4492 600 4553 iam
635 4493 897 4571 expugnaverant
920 4482 1146 4571 Capitolium,
1183 4485 1358 4550 inciderent
1387 4482 1544 4569 aliquem,
1579 4506 1644 4549 non
1677 4507 1728 4550 ex-

536 4593 718 4679 spectabant
739 4591 836 4656 donec
856 4592 894 4656 ab
914 4590 979 4655 illis
1000 4593 1131 4677 signum
1152 4597 1350 4677 rogarentur,
1370 4589 1424 4655 sed
1443 4590 1524 4653 altre
1536 4591 1724 4670 rogitabant:

535 4706 780 4766 consentaneum
814 4696 896 4762 illud
927 4706 976 4762 est
1006 4704 1039 4762 et
1071 4702 1163 4763 unice
1193 4701 1225 4763 in
1257 4699 1341 4763 hunc
1363 4718 1471 4763 casum
1495 4700 1660 4763 convenit.
1684 4701 1727 4764 At

535 4806 760 4875 absurdissime
784 4808 815 4871 in
839 4804 943 4874 codice
962 4803 1098 4894 legitur:
1122 4805 1229 4887 „ultro
1251 4808 1423 4896 rogitantes
1445 4807 1724 4892 respeadentavoe.’¹
