4525 5950
535 706 601 773 356
916 725 960 773 an
982 725 1117 774 uaecou
1141 726 1337 776 irroremur.

564 891 715 956 ¹Initium
739 891 893 956 faciamus
915 911 933 955 a
953 889 1040 968 loco,
1060 893 1116 976 qui
1135 891 1256 978 legitur
1274 891 1297 956 1.
1318 890 1375 956 IX.
1400 891 1458 956 10:
1480 892 1586 973 ,,φὲρει
1608 895 1721 971 καρτὸν

535 999 587 1064 καί
620 997 787 1077 οἰνίρυτος,
823 998 875 1061 καί
908 997 989 1074 dade,
1027 998 1078 1061 καί
1110 998 1123 1061 ί
1159 998 1289 1074 κόσμος·
1322 999 1352 1061 ἕν
1381 1007 1452 1071 ταῖς
1486 999 1612 1070 οἰκείαις
1635 998 1720 1079 ὥραις

534 1101 655 1168 ἕκαστοι
686 1105 782 1182 Φίριι.
814 1105 841 1167 εἰ
866 1102 896 1168 δὲ
923 1106 939 1177 ri
964 1105 1104 1178 συνιίίεια
1129 1104 1234 1184 κυρίως
1258 1106 1401 1184 τέτροφεν
1424 1106 1475 1169 εἀί
1500 1106 1647 1181 ἀμπέλου
1670 1107 1721 1169 καί

534 1217 593 1275 τῶν
622 1211 740 1287 ἰμοίυν,
773 1210 855 1274 οὐδὲν
885 1215 985 1274 τοῦτο.
1018 1210 1031 1273 ί
1064 1209 1158 1287 λόγος
1182 1212 1214 1275 δὲ
1238 1212 1289 1275 καί
1316 1211 1407 1275 κοινίν
1431 1212 1483 1274 καί
1507 1209 1579 1276 ἰδιον
1606 1211 1721 1289 καρτὸν

535 1317 623 1397 ἔχει”
649 1317 711 1381 κτὲ.
736 1315 839 1381 Verba
861 1316 967 1382 media
990 1317 1015 1381 εἰ
1036 1315 1122 1380 at-
1137 1318 1218 1380 οὐδὲν
1237 1323 1325 1381 τοῦτο
1345 1323 1512 1403 tamquam
1530 1318 1723 1403 interpolata

534 1422 696 1489 abicienda
726 1425 851 1488 censuit
879 1422 1001 1488 Nauck.
1037 1422 1150 1507 Neque
1180 1422 1272 1489 facile
1301 1424 1500 1490 contenderis
1530 1427 1724 1511 gravissima

535 1551 602 1595 esse
622 1536 679 1594 aut
703 1531 874 1615 quicquam
898 1531 1076 1605 continere,
1100 1529 1184 1615 quod
1207 1529 1260 1595 vel
1282 1530 1451 1595 mediocris
1473 1533 1599 1617 ingenii
1624 1530 1724 1596 lector

534 1658 596 1701 non
627 1643 739 1722 sponte
768 1656 825 1700 eua
855 1634 1061 1701 intellexerit.
1093 1635 1155 1701 Sed
1186 1657 1260 1701 cum
1293 1657 1346 1717 ea,
1380 1656 1461 1722 quae
1484 1658 1582 1723 supra
1605 1638 1724 1702 nimiae

533 1741 636 1807 Marci
667 1740 854 1827 diligentiae
881 1741 1028 1828 exempla
1050 1741 1184 1829 collegi,
1208 1743 1385 1829 perpendo,
1411 1764 1508 1828 quae,
1532 1745 1595 1808 etsi
1618 1746 1724 1808 minus

534 1847 712 1926 offendunt,
744 1855 852 1913 tamen
882 1846 976 1934 plane
1006 1848 1147 1914 eiusdem
1180 1857 1255 1914 sunt
1278 1852 1422 1937 generis,
1446 1850 1548 1915 facere
1570 1871 1634 1915 non
1657 1869 1724 1935 pos·

534 1977 623 2033 sum,
644 1957 721 2040 quin
744 1955 842 2019 verba
864 1953 921 2019 illa
944 1975 962 2019 a
982 1954 1127 2021 Nauckio
1145 1958 1308 2021 immerito
1327 1956 1437 2022 Marco
1456 1955 1641 2021 abiudicata
1658 1974 1724 2020 esse

533 2064 682 2147 suspicer,
716 2066 749 2126 et
780 2063 891 2127 anxiae
922 2063 1029 2146 potius
1065 2065 1205 2128 auctoris
1235 2064 1413 2128 curiositati
1443 2083 1481 2128 ea
1512 2064 1639 2139 tribuo,
1663 2081 1724 2146 qua

533 2172 640 2235 omnia
662 2167 773 2233 lectori
799 2170 964 2254 perspicua
987 2168 1116 2234 reddere
1141 2169 1268 2234 studeat
1284 2170 1317 2248 ¹).

580 2276 676 2342 Hand
706 2269 850 2342 multum
880 2275 984 2340 differt
1013 2274 1117 2354 locus,
1151 2278 1206 2362 qui
1233 2276 1356 2363 legitur
1378 2275 1400 2340 l.
1425 2276 1482 2341 XI.
1509 2276 1545 2340 l:
1573 2277 1638 2352 „rat
1661 2274 1723 2339 ἰδια

533 2391 588 2456 τῆς
619 2390 746 2460 λογικῆς
779 2386 904 2463 ψυχῆς·
933 2382 1043 2456 ίαυτίρν
1068 2384 1140 2466 ίρᾷ,
1164 2383 1276 2456 ἕαυτίρν
1299 2383 1446 2460 διαρίροί,
1470 2382 1593 2460 ἑαυτήν,
1618 2382 1723 2446 ίτοίαν

534 2490 572 2556 ἂν
605 2489 777 2568 βούληται,
806 2496 901 2566 ποιεῖ,
926 2490 977 2552 τὸν
1002 2488 1128 2567 καρτίν,
1153 2485 1184 2552 ἰν
1207 2490 1312 2568 Φέρει,
1337 2490 1417 2563 adria
1440 2494 1615 2567 καρποῦται
1639 2489 1722 2569 (τοὺς

534 2599 596 2676 γοίρ
630 2602 688 2661 τῶν
719 2600 824 2676 Φυτῶν
857 2595 1008 2674 καρπούς,
1041 2596 1090 2659 καί
1123 2595 1158 2660 τὸ
1190 2596 1342 2673 οἰνοίλογον
1374 2597 1422 2659 ἔτί
1447 2602 1505 2660 τῶν
1528 2594 1609 2676 ζῴων
1633 2592 1724 2658 ἄλλοι

534 2707 746 2784 καρποῦνται),
772 2706 825 2765 τοῦ
849 2701 921 2766 ἰδίου
945 2703 1050 2773 τέλους
1072 2703 1239 2783 τυρχοίνει,
1258 2699 1332 2766 ὅπου
1352 2702 1390 2767 οἰν
1409 2701 1444 2766 τί
1465 2706 1518 2767 τοῦ
1537 2701 1609 2776 βίον
1630 2700 1723 2780 τέρας

533 2811 677 2892 ἓτιοτῇ.”
699 2809 800 2875 Verba
818 2811 942 2874 uncinis
960 2809 1083 2874 inclusa
1101 2811 1211 2874 reiecit
1229 2808 1342 2874 Nauck
1364 2830 1447 2886 „non
1465 2810 1551 2874 enim
1567 2808 1725 2873 attinebat

533 2918 716 3005 plantarum
748 2916 858 3002 fruges
887 2917 1149 2994 commemorari,
1181 2937 1249 2982 rem
1281 2917 1320 2981 ab
1351 2916 1412 2981 hoc
1435 2920 1629 3002 argumento
1653 2913 1725 2981 alic·

533 3023 733 3091 nissimam.”
759 3023 861 3088 Nemo
885 3044 947 3088 non
969 3023 1106 3089 libenter
1129 3024 1206 3088 haec
1224 3026 1294 3087 viro
1313 3025 1498 3088 acutissimo
1517 3025 1723 3099 assentietur;

533 3152 634 3217 neque
665 3135 772 3195 tamen
804 3133 993 3195 seutentiam
1022 3130 1131 3195 Marco
1163 3130 1330 3216 indignam
1354 3130 1457 3194 dicere
1481 3131 1597 3193 ausim.
1623 3127 1725 3193 Verba

531 3237 590 3303 illa
619 3237 658 3301 ab
690 3244 818 3301 auctore
849 3258 910 3301 non
935 3236 975 3301 ad
997 3243 1225 3323 argumentum
1249 3235 1500 3301 confirmandum
1523 3234 1576 3300 vel
1601 3256 1725 3320 promo

533 3343 674 3410 vandum
694 3344 813 3407 inserta
833 3343 952 3408 abitror
971 3342 1024 3407 sed
1044 3364 1080 3407 eo
1099 3342 1232 3408 coneilio
1253 3342 1375 3420 addita,
1398 3349 1449 3419 ut,
1470 3341 1557 3427 quod
1568 3344 1723 3426 proximis

533 3450 639 3516 verbis
671 3451 750 3520 αὑτὴ
783 3454 954 3528 καρποῦται
988 3453 1072 3515 inest
1101 3448 1223 3515 insoliti
1255 3455 1287 3514 et
1312 3470 1425 3534 parum
1448 3450 1587 3533 proprii,
1612 3448 1723 3514 lectori

532 3557 721 3642 expediatur
750 3562 782 3621 et
809 3555 1065 3634 commendatum
1090 3559 1199 3641 itaque
1221 3559 1320 3621 etiam
1343 3555 1396 3620 hic
1419 3554 1508 3620 locus
1530 3557 1617 3620 inter
1639 3554 1724 3621 locos

531 3662 605 3728 illos
628 3662 854 3749 explicativos,
880 3662 918 3726 de
943 3664 1059 3747 quibus
1083 3684 1196 3748 supra,
1220 3661 1401 3728 referendus
1424 3682 1491 3726 esse
1514 3660 1657 3725 ridetur.

579 3767 703 3835 Ultima
733 3775 841 3833 autem
872 3768 934 3833 loci
965 3767 1088 3834 laudati
1112 3769 1209 3834 verba
1233 3768 1377 3833 Nanckio
1402 3770 1521 3845 „otiam
1543 3767 1722 3852 ineptiora”

533 3880 603 3942 visa
633 3883 723 3940 sunt:
759 3876 836 3951 „ubi
860 3878 966 3940 anima
989 3877 1111 3940 ratione
1134 3874 1277 3960 praedita
1300 3874 1419 3938 dicitur
1442 3877 1494 3937 τοῦ
1520 3873 1593 3937 ἰδίου
1617 3874 1723 3944 τέλους

533 3983 715 4061 τυγχάνειν,
748 3980 839 4046 facile
862 3988 951 4066 patet
975 3982 1062 4051 τέλος
1088 4002 1156 4046 esse
1179 3981 1230 4058 id,
1256 3980 1340 4064 quod
1364 3982 1436 4065 quis
1459 3986 1606 4064 appetat:
1630 3982 1726 4044 inter·

533 4088 660 4174 polator
690 4088 820 4152 videtur
850 4087 888 4152 de
920 4090 1005 4152 vitae
1036 4086 1097 4152 fine
1120 4090 1279 4174 cogitasse
1302 4092 1334 4151 et
1358 4084 1485 4150 dicendi
1507 4105 1625 4171 genere
1649 4106 1726 4150 usus

534 4216 600 4260 esse
633 4196 888 4279 perversissime,
920 4214 994 4258 cum
1027 4193 1165 4258 voluerit
1188 4192 1291 4258 dicere
1315 4188 1388 4254 irae
1412 4195 1510 4263 αὐτὴν
1533 4194 1725 4266 ἀπολυθῆναι

535 4300 584 4378 tle
614 4306 667 4365 τοῦ
700 4300 876 4375 οοίματος.”
908 4299 946 4364 In
969 4299 1059 4364 libris
1083 4301 1252 4375 Antonini,
1278 4300 1442 4383 scriptoris
1464 4300 1542 4362 satis
1565 4297 1725 4375 difficilis,

534 4408 707 4473 tractandis
730 4408 815 4472 haud
839 4408 941 4492 pudor
963 4416 1011 4472 eet
1035 4406 1195 4485 confiteri,
1219 4408 1247 4471 si
1270 4427 1365 4491 quem
1386 4405 1438 4471 vel
1457 4407 1491 4469 in
1507 4407 1725 4490 interpretum

536 4545 730 4556 *nn——

568 4625 592 4682 1)
615 4624 684 4688 Quae
707 4612 806 4670 adnotat
832 4620 914 4669 Nauck
937 4620 965 4667 de
990 4636 1032 4669 usu
1054 4619 1121 4669 verbi
1144 4618 1234 4683 φέρειν,
1255 4621 1318 4684 qnod
1336 4621 1418 4668 eodem
1435 4635 1504 4669 ιουου
1522 4619 1659 4671 adhibitum
1678 4638 1727 4672 eam

533 4704 657 4753 contendit
680 4709 751 4766 atque
773 4703 797 4751 in
822 4702 892 4759 locis,
914 4701 991 4763 qualia
1014 4706 1049 4750 eet
1066 4703 1099 4751 ΙΙ.
1119 4704 1147 4751 8:
1169 4701 1260 4750 ,ταυτί
1276 4700 1374 4765 odoror
1391 4700 1458 4762 μέριι
1476 4700 1577 4763 ἇγαίὸν,
1594 4702 1608 4750 ὃ
1626 4703 1727 4766 φέρειιὶ

534 4789 580 4835 τοῦ
597 4785 655 4835 liaeo
673 4784 777 4847 φύσις,”
796 4786 863 4834 valde
880 4784 976 4842 dubito,
995 4801 1051 4833 num
1070 4789 1131 4834 recte
1149 4785 1302 4834 affirmaverit
1318 4786 1356 4834 rir
1373 4785 1551 4849 sagrciuimne,
1568 4786 1606 4835 rel
1626 4795 1728 4853 propter

533 4868 605 4918 rerba
620 4869 734 4918 continuo
750 4868 873 4932 sequentia
890 4867 980 4928 καρπον
997 4865 1080 4930 'lxta
