4525 5950
1062 692 1199 740 ommes,

759 855 793 918 σύ
816 855 880 931 γὰρ
903 854 952 929 μὰ
975 854 1029 928 τὴν
1053 854 1214 920 δέσποιναν
1237 854 1273 931 ἣν
1296 859 1357 934 ἐγὼ
1381 859 1466 934 σέβω

759 959 905 1035 μάλιστα
929 961 1052 1025 πάντων
1076 963 1129 1026 καὶ
1154 962 1296 1041 ξυνεργὸν
1319 965 1459 1042 εἱλόμην,

762 1067 896 1141 Ἑκάτην
919 1075 1035 1148 μυχοῖς
1059 1067 1202 1132 νσίσυσσιν
1227 1070 1335 1142 ἑστίας
1359 1071 1453 1148 ἐμῆς,

760 1175 876 1253 χαίρων
900 1198 944 1244 τις
970 1175 1071 1238 αὐτῶν
1095 1175 1208 1251 τούμὸν
1231 1179 1366 1252 darnart
1388 1176 1472 1256 κε’σρ.

532 1279 594 1345 Sed
624 1285 758 1365 possunt
780 1280 819 1343 ad
843 1279 923 1344 hano
947 1300 1015 1344 rem
1039 1280 1321 1346 demonstrandam
1344 1289 1492 1348 sexcenta
1516 1305 1534 1347 e
1557 1283 1732 1351 Metamor-

533 1385 682 1470 phosesin
717 1385 820 1452 afferri
854 1385 1018 1471 exempla,
1054 1407 1136 1471 quas
1171 1390 1279 1473 quiris
1310 1387 1409 1454 semel
1440 1392 1588 1455 monitus
1621 1394 1730 1456 statim

534 1491 759 1577 deprehendat.
793 1492 881 1578 Ergo
915 1496 954 1556 ut
988 1498 1138 1578 appareat
1173 1514 1271 1578 quam
1307 1495 1427 1560 fuerint
1456 1498 1593 1560 omnino
1625 1495 1732 1561 Ovidii

535 1597 700 1683 aequales,
731 1601 787 1683 qui
817 1598 947 1683 quidem
978 1601 1011 1663 in
1042 1599 1145 1664 literis
1168 1622 1230 1665 nou
1253 1606 1357 1666 essent
1381 1602 1543 1687 hospites,
1569 1605 1607 1666 in
1635 1601 1732 1687 quali·

534 1724 659 1788 cunque
692 1703 829 1790 legendo
863 1707 1003 1770 earmina
1037 1705 1077 1769 ad
1110 1706 1320 1792 rogitandum
1356 1708 1394 1772 de
1425 1706 1534 1793 aliqua
1566 1708 1731 1795 tragoedia

534 1813 701 1896 propensi,
732 1808 823 1875 lubet
852 1810 904 1875 bio
934 1831 951 1875 e
974 1810 1141 1895 Propertio
1163 1810 1273 1876 afferre
1297 1812 1501 1897 exemplum,
1529 1813 1620 1898 quod
1642 1813 1729 1879 illam

532 1938 601 1982 rem
624 1915 820 1982 luculentius
844 1917 953 1981 dooeat
976 1937 1072 2001 quam
1096 1916 1187 1982 ullus
1209 1920 1311 2002 ipsius
1337 1917 1442 1982 Ovidii
1465 1917 1576 1995 loeus,
1597 1919 1730 2004 ideoque

534 2044 552 2089 a
583 2025 744 2109 proposito
774 2027 882 2087 nostro
912 2025 1047 2088 minime
1078 2025 1121 2087 sit
1153 2022 1305 2089 alienum.
1338 2023 1381 2089 lit
1404 2045 1566 2108 nusquam
1591 2024 1677 2090 illud
1698 2028 1729 2088 in

533 2130 666 2194 huiusne
697 2131 825 2216 generis
855 2129 1127 2214 disputat-ionibus
1157 2128 1294 2194 allatum
1327 2130 1406 2195 vidi.
1438 2130 1635 2215 Propertius
1657 2153 1729 2217 ergo

535 2242 704 2322 postquam
727 2234 798 2314 (ΙΙΙ,
825 2234 881 2314 15)
908 2234 1078 2320 praeclaris
1102 2237 1247 2300 versibus
1270 2237 1442 2321 Antiopam
1466 2240 1647 2302 miseratus
1669 2246 1729 2314 est,

534 2364 633 2430 quae,
665 2363 728 2407 non
759 2341 1004 2428 agnoscentibus
1034 2362 1106 2406 eam
1138 2341 1231 2419 filiis,
1262 2340 1434 2407 crudeliter
1463 2363 1483 2406 a
1514 2343 1648 2409 stabulo
1670 2364 1729 2428 quo

535 2449 719 2536 perfugerat
743 2445 927 2532 repellatur,
951 2447 1057 2512 subito
1080 2447 1184 2513 laetus
1207 2447 1366 2513 exclamat
1390 2455 1451 2528 (vs.
1477 2447 1619 2534 36sq.):

760 2554 866 2640 Digne
890 2554 975 2619 lovis
998 2560 1089 2618 natos
1112 2556 1169 2638 qui
1193 2559 1303 2619 tueare
1326 2575 1422 2619 senex

716 2659 765 2724 'Pu
788 2660 893 2725 reddis
916 2662 1025 2744 pueris
1048 2665 1186 2724 matrem
1209 2681 1235 2724 a.
1249 2682 1279 2745 q.
1293 2681 1318 2725 s.

533 2767 597 2847 Qui
618 2788 702 2831 nuno
725 2766 931 2850 Propertium
950 2764 1031 2851 legit
1051 2786 1114 2830 nou
1135 2771 1240 2850 potest
1259 2764 1598 2830 nonadmirabundus
1619 2786 1728 2852 rogare

533 2871 617 2937 unde
647 2879 716 2937 tam
751 2872 856 2935 subito
890 2891 985 2936 senex
1019 2868 1076 2934 ille
1109 2871 1206 2955 pedes
1236 2869 1393 2935 intulerit.
1426 2871 1470 2934 At
1501 2892 1566 2935 non
1599 2874 1727 2936 miratos

497 3015 499 3021 2
532 2983 644 3064 opinor
675 2978 834 3062 Propertii
865 2976 1037 3061 Ovidiique
1068 2976 1225 3062 aequales.
1256 2976 1385 3042 Horum
1415 2980 1504 3041 enim
1526 2999 1626 3044 nemo
1650 2979 1726 3054 fuit,

533 3088 589 3169 qui
613 3105 719 3148 senem
744 3081 841 3147 illum
865 3104 927 3148 non
951 3085 1073 3168 optime
1095 3090 1210 3147 notum
1230 3082 1369 3148 haberet.
1394 3081 1456 3147 Sed
1477 3089 1637 3148 noverant
1657 3104 1726 3149 eum

533 3210 642 3256 omnes
673 3210 713 3253 ex
742 3187 849 3272 aliqua
879 3188 1052 3275 tragoedia.
1085 3188 1171 3253 Suus
1195 3191 1282 3254 enim
1306 3191 1339 3253 in
1364 3188 1539 3273 tragoediis
1566 3188 1659 3255 loeus
1683 3197 1727 3254 est

532 3295 660 3360 senibus
691 3293 775 3371 illis,
808 3297 881 3379 qui,
913 3296 941 3358 si
972 3315 1034 3358 non
1065 3296 1175 3357 nutrix
1207 3293 1314 3380 aliqua
1344 3314 1381 3359 eo
1410 3293 1563 3379 fungitur
1589 3315 1726 3369 munere,

532 3422 620 3477 sero,
651 3420 726 3464 oum
756 3402 822 3464 iam
852 3405 956 3464 mater
984 3402 1018 3463 in
1048 3420 1085 3464 eo
1116 3406 1165 3464 est
1196 3405 1233 3463 ut
1264 3402 1368 3464 seouri
1391 3398 1496 3463 filium
1521 3399 1655 3475 caedat,
1679 3398 1727 3463 vel

532 3507 620 3572 filius
651 3513 688 3570 ut
719 3513 856 3570 matrem
887 3506 983 3570 ducat
1013 3526 1164 3582 uxorem,
1189 3503 1313 3590 prolato
1338 3503 1444 3589 aliquo
1468 3507 1565 3590 signo
1590 3506 1727 3571 efficiunt

535 3619 572 3678 ut
595 3620 741 3698 parentes
765 3611 920 3697 liberique
942 3614 1026 3676 inter
1049 3633 1082 3676 se
1105 3618 1288 3697 agnoscant.

579 3719 701 3784 Deinde
736 3720 927 3782 immensam
959 3717 1095 3783 Ovidius
1126 3723 1183 3782 aut
1213 3715 1352 3803 perlegit
1382 3722 1438 3781 aut
1469 3721 1558 3781 certe
1589 3719 1725 3802 inspexit

532 3823 729 3912 epylliorum
764 3829 796 3888 et
828 3824 933 3889 αἰσίων
964 3822 1255 3889 Alexandrinorum
1286 3825 1421 3908 copiam.
1463 3823 1586 3888 Utrum
1617 3830 1723 3888 autem

534 3931 659 3995 diversa
689 3932 773 3993 inter
803 3951 836 3994 se
867 3930 987 3994 fuerint
1018 3930 1154 3993 ἐπύλλια
1178 3937 1210 3993 et
1233 3930 1322 3991 alus
1345 3948 1402 4003 an,
1427 3927 1461 3992 id
1484 3928 1571 4012 quod
1596 3929 1635 3994 de
1659 3927 1723 3995 cal·

532 4035 671 4100 limaoho
701 4035 846 4120 perhibet
876 4034 1065 4121 Diltheyus,
1099 4033 1185 4098 atrro
1221 4055 1336 4099 nomen
1371 4034 1469 4097 fuerit
1504 4038 1619 4120 magui
1654 4033 1725 4099 libri

534 4139 640 4205 multa
662 4139 821 4225 complexi
845 4140 981 4205 ἐπύλλια
1006 4160 1120 4226 parum
1145 4140 1198 4204 hio
1221 4140 1327 4204 refert.
1498 4155 1503 4164 ·

579 4246 748 4311 Praeterea
771 4245 945 4331 Virgilium
968 4245 1047 4310 bene
1070 4247 1238 4331 cognitum
1259 4245 1411 4320 habebat,
1431 4250 1464 4308 et
1483 4246 1619 4309 omnino
1640 4250 1726 4329 quot·

534 4359 613 4439 quot
636 4353 754 4417 Romae
778 4351 932 4417 florebant
955 4358 1066 4437 poetas
1089 4373 1143 4416 oos
1165 4372 1274 4417 omues
1297 4350 1463 4416 audiverat
1482 4353 1658 4415 renitantes
1676 4349 1724 4416 vel

532 4460 666 4545 legerat.
699 4458 867 4543 „Quotque
900 4457 1031 4522 aderant
1061 4462 1150 4522 vates
1181 4457 1272 4521 rebar
1300 4456 1409 4521 adesse
1438 4454 1533 4520 deos''
1567 4459 1638 4541 ipse
1668 4459 1722 4532 ait;

534 4567 631 4631 bonos
653 4567 705 4629 sui
728 4566 881 4649 temporis
903 4570 1013 4649 poetas
1035 4566 1087 4650 pie
1111 4562 1249 4639 colebat,
1273 4560 1506 4648 pulcherrimos
1527 4583 1644 4628 eorum
1663 4582 1724 4627 rer

533 4692 587 4736 sus
612 4670 739 4735 tenebat
762 4672 932 4745 momoria,
956 4678 988 4733 et
1009 4670 1128 4733 insoius
1146 4670 1333 4752 inritusque
1351 4687 1443 4751 saepe
1463 4688 1515 4731 eos
1535 4668 1723 4733 imitabatur

531 4777 584 4857 (of.
608 4797 689 4861 quae
712 4777 824 4860 scripsi
847 4778 880 4838 in
903 4775 985 4839 libro
1009 4775 1047 4839 de
1070 4774 1205 4840 Horatio
1228 4780 1322 4859 poeta
1344 4795 1376 4858 p.
1403 4770 1466 4836 193
1479 4778 1553 4856 sq.).
