4525 5950
641 661 683 729 74
1159 683 1302 732 rimrus.

645 845 761 911 Vereor
793 853 898 910 tamen
932 854 969 911 ut
1000 850 1106 912 omnia
1136 856 1219 912 recte
1250 870 1283 913 se
1314 851 1366 913 hic
1395 850 1549 927 habeant,
1575 872 1648 917 narn
1672 853 1758 937 quod
1777 877 1832 936 prr

639 952 792 1017 Flavium
816 951 973 1017 Sabinum
997 974 1051 1018 eae
1077 957 1185 1038 copiae
1205 956 1380 1020 concedunt
1401 956 1592 1022 documento
1611 966 1660 1022 est
1679 957 1775 1022 illum
1795 962 1832 1023 iis

639 1062 824 1123 etiamnunc
854 1082 1004 1140 praeesse.
1048 1059 1211 1124 Excidisse
1246 1082 1362 1125 nomen
1399 1063 1504 1125 Macer
1539 1066 1684 1148 suspicor
1720 1065 1833 1148 (quibus

641 1166 747 1228 Macer
771 1166 979 1249 praefuerat),
1005 1171 1042 1229 ut
1065 1166 1117 1230 hic
1141 1166 1178 1230 de
1202 1167 1319 1231 iisdem
1344 1166 1505 1231 militibus
1529 1190 1658 1253 prorsus
1681 1169 1768 1234 idem
1792 1169 1833 1234 di·

638 1277 730 1336 catur
753 1271 836 1356 quod
860 1293 886 1336 c.
912 1270 965 1336 36.

686 1378 728 1442 H.
754 1376 795 1453 ll,
822 1377 875 1441 56.
902 1374 1073 1453 „Oetemm
1093 1377 1186 1443 ltalia
1205 1381 1338 1464 gravius
1358 1386 1453 1464 atque
1479 1384 1619 1445 atrocius
1639 1402 1738 1466 qnam
1751 1381 1832 1446 bello

639 1480 882 1547 afflictabatur”.
902 1483 980 1548 Post
999 1485 1129 1547 atrociae
1150 1484 1288 1549 Haasins
1306 1488 1418 1550 inserit
1438 1487 1581 1564 victoria;
1603 1487 1657 1551 sed
1675 1491 1720 1552 sic
1733 1492 1832 1573 perire

638 1590 767 1654 videtur
797 1610 931 1654 acumen
963 1590 1122 1673 quoddam
1155 1590 1265 1656 Tacito
1296 1599 1496 1678 pergratum.
1530 1592 1658 1657 Bellum
1681 1597 1750 1657 iam
1775 1615 1832 1658 non

638 1703 706 1760 erat
733 1698 766 1759 io
799 1694 909 1771 ltalia,
934 1695 1085 1779 dispersis
1108 1718 1164 1780 per
1188 1699 1365 1783 municipia
1389 1699 1581 1773 victoribus,
1606 1706 1640 1762 at
1662 1698 1728 1763 alie
1753 1720 1832 1763 nunc

636 1823 687 1866 res
718 1805 868 1866 miseram
893 1804 1056 1887 regionem
1081 1801 1269 1879 afflictabat,
1294 1803 1390 1887 idque
1415 1806 1553 1868 atrocius
1577 1824 1674 1889 qnam
1699 1803 1831 1868 bellum.

684 1908 726 1971 H.
748 1906 789 1984 ll,
805 1905 857 1972 78.
879 1906 923 1971 Ut
943 1910 1118 1992 imperium
1131 1915 1273 1993 capessat
1286 1908 1516 1993 Vespasianum
1529 1909 1679 1973 hortatur
1693 1913 1832 1974 oratione

639 2014 827 2089 Mucianus,
852 2014 1021 2078 hortantur
1044 2013 1166 2078 milites
1190 2036 1338 2099 responsa
1362 2022 1475 2079 vatum
1499 2016 1686 2091 relerentes,
1712 2022 1746 2079 et
1770 2019 1832 2100 ipse

641 2141 767 2205 quoque
797 2122 904 2184 animo
929 2119 1088 2184 recolebat
1110 2123 1235 2197 omina,
1261 2121 1376 2204 quibus
1400 2120 1502 2185 multo
1524 2128 1597 2186 ante
1620 2143 1752 2186 summa
1776 2123 1832 2186 sibi

642 2232 724 2290 esset
747 2223 903 2289 claritudo
926 2229 1099 2310 promissa:

688 2330 763 2407 „sed
795 2334 899 2415 primo
932 2330 1142 2415 triumphalia
1165 2339 1197 2395 et
1221 2331 1366 2396 Iudaicae
1390 2334 1543 2397 victoriae
1566 2332 1662 2397 decus
1686 2332 1833 2418 implesse

642 2437 738 2501 fidem
768 2439 885 2501 ominis
916 2437 1124 2501 videbantur:
1157 2445 1194 2500 ut
1224 2437 1301 2502 haec
1333 2438 1468 2522 adeptus
1498 2446 1564 2515 est,
1595 2439 1746 2523 portendi
1778 2440 1834 2503 sibi

642 2545 815 2627 imperium
840 2542 1018 2607 credebat'’.

688 2647 765 2727 Quis
789 2669 850 2712 non
873 2651 936 2712 ista
958 2646 1069 2735 legens
1089 2652 1193 2733 primo
1214 2657 1343 2734 aspectu
1363 2652 1551 2732 pronomine
1571 2651 1643 2713 laer
1662 2651 1834 2737 significari

641 2759 734 2837 putet
766 2755 985 2838 praecedentia
1016 2755 1215 2837 triumphalia
1246 2763 1277 2819 et
1313 2755 1456 2818 victoriae
1488 2754 1597 2819 decue?
1628 2755 1751 2821 Tamen
1775 2779 1835 2820 non

641 2859 723 2923 illud
756 2858 897 2924 voluisse
927 2859 1075 2925 Tacitum
1108 2883 1181 2925 mox
1213 2870 1363 2946 apparet,
1396 2882 1470 2924 nam
1502 2861 1560 2924 illa
1582 2883 1657 2926 eum
1683 2862 1834 2947 adeptum

642 2988 709 3030 esse
732 2969 797 3030 iam
820 2966 911 3031 dixit.
936 2965 1093 3053 Cogimur
1116 2990 1193 3052 ergo
1218 2969 1391 3052 (cogimur,
1411 2989 1484 3032 nam
1505 2970 1583 3031 satis
1603 2970 1685 3032 mira
1705 2990 1758 3033 res
1778 2975 1835 3048 est)

641 3071 724 3136 illud
747 3074 819 3135 laec
842 3095 903 3137 non
928 3073 965 3137 de
989 3077 1029 3137 iis
1050 3075 1143 3138 rebus
1163 3076 1320 3158 accipere,
1342 3094 1419 3158 quas
1440 3077 1509 3157 ipsa
1529 3077 1745 3159 grammatica
1765 3097 1836 3160 sug·

641 3182 744 3263 gerit,
769 3179 822 3242 sed
847 3182 891 3243 sio
916 3178 981 3243 fere
1004 3181 1207 3263 interpretari
1228 3179 1354 3243 locum:
1377 3185 1435 3255 „ut
1451 3186 1638 3261 praesentem
1658 3180 1835 3244 arcasium

642 3291 754 3349 nactus
778 3284 858 3348 est”.

688 3390 730 3454 H.
757 3390 797 3467 ll,
822 3390 875 3455 80.
907 3389 990 3457 Cum
1014 3390 1245 3475 Vespasianum
1271 3390 1418 3455 cubiculo
1442 3412 1607 3477 egressum
1632 3392 1758 3458 milites
1781 3396 1836 3457 im·

643 3503 823 3580 peratorem
848 3495 1039 3561 salutarent:

689 3605 742 3676 „in
767 3605 837 3686 ipso
860 3602 942 3665 nihil
968 3604 1150 3678 tumidum,
1174 3623 1324 3689 arrogans
1349 3606 1461 3667 autin
1487 3604 1579 3667 rebus
1603 3606 1695 3668 novis
1715 3626 1834 3669 novum

640 3708 718 3770 fuit:
754 3717 790 3771 ut
823 3711 965 3792 primum
996 3716 1103 3772 tantae
1134 3706 1315 3772 altitudinis
1333 3708 1355 3787 ¹)
1379 3709 1509 3772 offusam
1535 3708 1635 3772 oeulis
1660 3707 1833 3795 caliginem

641 3814 783 3889 disiecit,
816 3811 1002 3878 militariter
1031 3813 1158 3878 locutus
1189 3813 1273 3878 laeta
1306 3817 1412 3878 omnia
1443 3822 1475 3878 et
1505 3814 1667 3879 effluentia
1699 3820 1833 3900 excepit.

641 3921 787 4004 Namque
811 3919 844 3982 id
864 3922 971 4003 ipsum
990 3924 1156 4005 opperiens
1176 3920 1347 3985 Mucianus
1367 3920 1504 3985 alacrem
1524 3919 1664 3986 militem
1685 3924 1720 3985 in
1740 3923 1833 3987 verba

641 4025 825 4109 Vespasiani
849 4025 956 4112 adegit
979 4048 1006 4091 e.
1021 4048 1050 4110 q.
1065 4027 1123 4091 s.’'.

686 4130 774 4194 Haec
805 4134 912 4196 omnia
941 4140 979 4195 nt
1010 4134 1088 4197 bene
1116 4132 1344 4217 intelligantur
1366 4153 1441 4216 prae
1466 4134 1578 4196 ceteris
1603 4140 1751 4197 accurate
1775 4155 1836 4198 vox

641 4260 766 4321 caraque
797 4244 845 4300 est
876 4238 1109 4302 consideranda.
1142 4238 1271 4301 Etenim
1296 4260 1376 4323 quae
1400 4238 1584 4322 postillam
1609 4236 1767 4322 leguntur
1792 4263 1836 4302 rr-

637 4343 845 4425 plaaatioaenr
865 4347 1028 4407 continent
1052 4345 1223 4408 verborum
1252 4346 1332 4407 loeta
1359 4345 1455 4407 ornain
1475 4351 1503 4406 et
1527 4345 1682 4425 affluentia
1706 4345 1835 4428 excepit:

644 4471 706 4513 non
731 4470 823 4534 ergo:
847 4449 949 4511 rtatim
967 4457 1125 4534 postquam
1151 4449 1356 4525 „militariter
1379 4449 1527 4513 locutus”
1552 4454 1600 4513 est
1625 4447 1837 4533 Vespasianus

676 4632 702 4689 l)
729 4632 793 4679 llaec
819 4630 915 4678 'l'rilleri
934 4630 1070 4678 coniectura
1087 4630 1194 4678 omnium
1213 4632 1314 4679 maxime
1334 4630 1392 4678 mihi
1411 4631 1514 4686 arridel;
1532 4631 1556 4679 iu
1576 4631 1655 4679 codice
1673 4633 1838 4681 multitudinis

643 4713 740 4770 legitur.
760 4715 819 4761 Cum
837 4713 978 4760 altitudinis
994 4716 1073 4760 entem
1092 4712 1184 4775 egregie
1201 4714 1277 4773 caliao
1295 4714 1417 4774 iungitur:
1436 4718 1590 4777 comparetur
1609 4714 1769 4777 Vespasianus
1785 4731 1837 4765 oum

641 4797 722 4859 aliquo
740 4797 792 4860 qui,
811 4795 889 4844 subito
909 4796 934 4844 in
954 4795 1004 4843 loco
1022 4795 1086 4843 edito
1103 4795 1206 4860 positus,
1225 4796 1279 4844 iude
1296 4796 1426 4861 despiciens
1444 4796 1586 4862 vertiginem
1603 4796 1685 4849 scutit.
