4525 5950
532 688 599 756 380
1055 708 1197 757 neuros.

531 872 667 938 eundem
699 874 874 939 scribarum
906 895 1054 940 errorem.
1087 875 1170 940 Nam
1201 875 1364 941 vocabulis
1396 874 1537 941 delendis
1572 874 1719 958 scriptori

531 1000 624 1065 opem
656 980 736 1046 ferre
767 1001 954 1066 perversum
985 987 1050 1058 est,
1081 984 1142 1045 nisi
1173 980 1387 1048 demonstrare
1415 983 1517 1067 possis
1540 977 1720 1045 verisimile

532 1107 598 1151 esse
629 1109 665 1151 ea
695 1085 863 1172 aliquando
893 1091 928 1152 in
958 1090 1104 1179 margine
1135 1087 1187 1152 vel
1217 1091 1301 1154 inter
1331 1088 1430 1153 lineas
1452 1088 1551 1152 fnisse
1575 1088 1719 1172 appicta;

530 1193 590 1258 boc
622 1213 698 1257 vero
727 1193 783 1257 ubi
806 1199 945 1271 constat,
970 1192 1059 1258 nulla
1081 1201 1129 1260 est
1153 1193 1205 1259 vel
1227 1194 1380 1259 efficacior
1403 1193 1454 1260 vel
1476 1197 1585 1281 magis
1610 1193 1721 1278 proba·

531 1298 606 1364 bilis
639 1299 826 1364 emendandi
856 1304 946 1365 ratio.
980 1300 1043 1366 Hic
1073 1322 1198 1387 quoque
1228 1302 1415 1368 aMediceo
1437 1305 1541 1387 priore
1566 1301 1722 1366 faciemus

531 1408 681 1484 initium,
705 1408 858 1491 quicum
882 1410 1010 1471 omnino
1033 1408 1235 1493 paucioribus
1258 1406 1379 1472 laboret
1403 1410 1501 1484 vitiis,
1526 1414 1602 1472 tum
1625 1406 1722 1470 hnins

534 1534 660 1598 quoque
685 1513 789 1578 morbi
812 1534 874 1577 non
896 1516 943 1578 ita
966 1513 1071 1578 multa
1093 1515 1224 1599 praebet
1247 1513 1402 1600 exempla.

581 1621 618 1685 A.
643 1619 668 1697 I,
695 1619 724 1684 5.
750 1619 851 1685 Panlo
875 1619 1002 1707 longior
1025 1621 1106 1684 mibi
1128 1622 1180 1686 bic
1202 1619 1291 1685 locus
1313 1620 1537 1686 exscribendus
1561 1627 1629 1684 eat:

581 1725 690 1803 „Haec
722 1732 817 1811 atque
848 1725 925 1790 talia
955 1728 1155 1812 agitantibus
1182 1748 1366 1814 gravescere
1389 1727 1534 1792 valitudo
1562 1729 1724 1814 Augusti;

534 1831 718 1917 etquidem
742 1831 844 1897 scelus
869 1836 976 1898 uxoris
999 1834 1232 1920 suspectabant.
1257 1833 1380 1920 Quippe
1403 1855 1515 1898 rumor
1532 1836 1723 1907 incesserat,

533 1960 651 2025 paucos
674 1944 748 2004 ante
771 1960 895 2004 menses
915 1940 1101 2026 Augustum
1120 1940 1229 2005 electis
1248 1943 1339 2006 sociis
1358 1947 1390 2006 et
1408 1943 1526 2006 comite
1549 1961 1613 2004 uno
1626 1939 1725 2004 Fabio

534 2045 678 2110 Maximo
696 2045 880 2111 Planasiam
901 2054 1029 2111 vectum
1049 2047 1088 2112 ad
1108 2047 1278 2112 visendum
1298 2048 1492 2135 Agrippam
1513 2046 1640 2111 multas
1660 2044 1725 2110 illic

535 2155 698 2238 utrimque
728 2151 876 2217 lacrimas
907 2158 939 2217 et
961 2156 1054 2240 signa
1077 2157 1233 2231 caritatis,
1258 2175 1410 2239 spemque
1433 2175 1471 2220 ex
1495 2175 1550 2230 eo,
1577 2153 1666 2230 scre,
1691 2160 1726 2216 ut

534 2261 660 2323 iuvenis
679 2259 848 2343 penatibus
868 2263 921 2324 avi
940 2259 1132 2325 redderetur.
1158 2260 1248 2340 Quod
1268 2260 1450 2325 Maximum
1470 2263 1565 2325 uxori
1584 2259 1727 2324 Marciae

536 2367 713 2451 aperuisse,
745 2363 836 2430 illam
860 2365 981 2431 Liviae.
1006 2365 1152 2432 Gnarum
1173 2367 1208 2431 id
1231 2366 1358 2434 Caesari
1365 2389 1373 2445 ;
1399 2387 1500 2452 neque
1524 2365 1633 2431 multo
1658 2370 1729 2451 post

535 2475 676 2537 extincto
696 2472 856 2550 Maximo,
877 2472 1012 2537 dubium
1034 2494 1074 2538 an
1094 2477 1238 2559 quaesita
1257 2479 1360 2538 morte
1374 2474 1409 2552 ¹),
1428 2472 1555 2538 auditos
1568 2475 1603 2536 in
1615 2473 1728 2537 sunere

535 2581 604 2643 eius
624 2578 763 2644 Marciae
783 2581 927 2666 gemitus
948 2586 1050 2644 semet
1066 2582 1256 2654 incusantis,
1277 2579 1362 2664 quod
1381 2599 1476 2644 cansa
1495 2581 1590 2644 exitii
1608 2581 1728 2643 marito

537 2685 682 2750 fuisset.''

581 2788 771 2867 Videamus,
807 2793 863 2876 qui
897 2812 1008 2856 rumor
1042 2790 1097 2855 ille
1131 2793 1227 2856 fuerit
1260 2812 1322 2876 quo
1357 2790 1517 2854 nitebatur
1548 2792 1663 2876 opinio
1694 2789 1729 2854 de

537 2917 657 2961 veneno
690 2895 824 2960 aLiria
848 2897 996 2983 Augusto
1021 2896 1109 2974 data,
1134 2905 1228 2982 atque
1250 2897 1437 2961 inducamus
1462 2895 1652 2980 loquentem
1677 2894 1731 2961 ali

537 3026 633 3089 quem
663 3004 701 3069 de
732 3004 832 3089 vulgo
864 3004 1051 3080 hominum,
1082 3025 1219 3089 quorum
1251 3025 1288 3069 ea
1311 3005 1409 3069 fuerit
1432 3005 1557 3088 opinio:
1586 3023 1730 3088 „pancos

537 3117 609 3176 ante
628 3131 753 3175 menses
772 3113 940 3196 Augustus
960 3110 1140 3175 Planasiam
1160 3119 1270 3175 vectus
1291 3121 1339 3175 est
1358 3110 1396 3174 ad
1421 3111 1602 3196 Agrippam
1628 3112 1732 3174 visen·

537 3216 632 3293 dum,
657 3217 752 3301 idque
777 3237 873 3301 quam
897 3220 1037 3280 maxime
1061 3223 1199 3292 secreto,
1225 3236 1361 3301 namque
1386 3237 1459 3281 cum
1483 3236 1560 3279 cura
1583 3213 1731 3301 elegerat

537 3345 663 3399 omnes,
688 3326 743 3407 qui
766 3327 799 3386 in
823 3326 897 3388 navi
922 3320 1058 3401 erant²t,
1085 3331 1180 3408 atque
1203 3326 1236 3386 in
1260 3326 1328 3408 ipsa
1349 3321 1454 3387 insula
1473 3343 1577 3386 unum
1598 3330 1731 3387 tantum

537 3432 686 3494 comitem
719 3429 854 3493 habebat
888 3428 1023 3493 Fabium
1055 3428 1258 3503 Maximum,
1293 3431 1349 3512 qni
1382 3449 1458 3514 ergo
1492 3427 1616 3504 adfuit,
1657 3449 1731 3492 cum

537 3538 705 3622 Augustus
728 3556 802 3599 eum
827 3537 968 3620 Agrippa
991 3534 1197 3619 loquebatur:
1218 3534 1376 3598 eiusmodi
1396 3541 1504 3598 autem
1524 3532 1731 3618 colloquium

537 3642 599 3705 fuit
622 3640 721 3716 illud,
746 3648 784 3705 ut
807 3644 937 3705 iamiam
962 3644 1046 3705 inter
1070 3661 1167 3704 avum
1193 3650 1402 3725 nepotemque
1424 3638 1674 3703 reconciliatum
1693 3642 1732 3704 iri

535 3752 675 3836 gratiam
706 3756 880 3833 appareret.
914 3747 1016 3827 Quam
1048 3768 1134 3824 rem,
1159 3750 1376 3831 maximopere
1399 3744 1583 3821 celandam,
1609 3745 1731 3811 Fabius

537 3858 630 3921 uxori
652 3854 791 3919 Marciae
815 3857 940 3938 aperuit
964 3860 1060 3938 atque
1083 3853 1140 3918 illa
1162 3852 1283 3917 Liviae.
1316 3852 1363 3916 lin
1388 3851 1494 3916 subito
1517 3850 1641 3916 Fabius
1666 3874 1732 3917 mo

537 3965 636 4026 ritur:
658 3981 818 4025 venenum
837 3962 992 4024 nimirum
1011 3963 1040 4023 ei
1061 3959 1201 4023 dandum
1221 3964 1387 4023 curaverat
1407 3958 1515 4034 bivia,
1536 3965 1576 4021 ut
1593 3962 1732 4024 unicum

539 4073 653 4132 testem
677 4070 723 4131 rei
747 4073 813 4131 tam
837 4065 988 4131 molestae
1008 4073 1040 4130 et
1059 4066 1121 4130 sibi
1140 4074 1173 4129 et
1192 4064 1318 4129 Tiberio
1337 4085 1394 4128 suo
1413 4062 1571 4128 demedio
1585 4063 1731 4142 tolleret;

539 4195 640 4259 nsque
672 4175 731 4237 boc
761 4176 828 4237 sine
847 4176 932 4237 iusta
955 4175 1096 4257 suspicor
1118 4192 1227 4236 causa:
1251 4170 1434 4235 audirimus
1457 4172 1543 4234 enim
1569 4170 1732 4236 Marciam

537 4281 786 4356 lamentantem,
808 4279 889 4364 quod
910 4300 1004 4345 causa
1024 4281 1141 4343 marito
1161 4281 1252 4343 exitii
1272 4279 1393 4342 fuisset.
1418 4276 1460 4340 ut
1479 4297 1564 4342 nunc
1586 4277 1734 4365 Augusti

544 4481 737 4489 -.---

576 4604 600 4662 l)
628 4600 716 4663 Utique
739 4600 867 4649 tenendum
889 4600 927 4647 bic
948 4599 1011 4661 quod
1036 4599 1064 4647 dc
1087 4597 1205 4662 particula
1227 4615 1258 4646 aa
1282 4597 1315 4645 aie
1338 4596 1414 4661 posita
1437 4594 1616 4645 obaemrimna
1640 4614 1665 4662 p.
1685 4599 1733 4647 888

541 4686 611 4733 buius
629 4682 763 4731 voluminis.
781 4683 810 4731 In
829 4682 872 4730 illo
889 4682 952 4730 cuim
969 4681 1062 4729 dubiam
1081 4699 1112 4729 aa
1131 4681 1170 4729 bic
1188 4685 1243 4729 sunt
1261 4679 1348 4728 omnia.

575 4766 599 4826 2)
622 4765 660 4813 Sic
683 4765 732 4812 iore
753 4764 888 4828 accipienda
911 4762 1015 4811 arbitror
1032 4761 1103 4810 verba
1120 4763 1202 4811 clectis
1219 4762 1329 4818 mariis,
1348 4766 1374 4809 nt
1392 4759 1482 4822 aliquid
1500 4759 1564 4808 inter
1581 4762 1693 4813 mite·
1711 4767 1735 4811 et

542 4848 644 4897 cancico
660 4846 762 4895 intersit.
782 4846 835 4894 Hoc
851 4849 943 4893 certum
959 4861 1070 4893 numam
1087 4845 1170 4894 secreti
1186 4861 1265 4894 mam
1283 4860 1297 4891 a
1313 4843 1396 4892 'l'aoito
1412 4841 1549 4905 significari.
