4525 5950
1078 713 1210 762 sunnon.
1692 694 1736 761 43

539 878 736 964 description
767 878 821 942 dee
848 898 939 963 repas
971 877 1009 942 de
1040 898 1097 941 son
1128 883 1234 962 temps
1259 883 1291 941 et
1315 881 1442 941 surtout
1466 897 1500 941 ce
1525 879 1603 941 trait
1626 876 1738 956 (l,6):

541 987 656 1064 „cibus
678 985 841 1050 rediturus
864 1005 927 1069 qua
948 982 1173 1063 intraverit”);
1195 983 1221 1047 il
1245 983 1327 1049 n’oet
1349 1003 1405 1068 pas
1428 987 1558 1068 exempt
1581 1003 1643 1047 non
1665 981 1740 1067 plus

539 1092 637 1156 d'nne
667 1093 806 1155 certaine
837 1090 987 1177 emphase
1012 1088 1132 1167 (1,10:
1167 1094 1226 1164 „ut
1249 1089 1398 1154 omnibus
1421 1087 1563 1165 civibus,
1588 1087 1738 1151 omnibns

539 1199 678 1283 denique
707 1194 897 1262 mortalibus
927 1195 1041 1260 utilior
1068 1197 1272 1280 paratiorque
1300 1195 1415 1275 eim”):
1440 1193 1518 1258 c’eet
1541 1198 1614 1258 tout
1637 1195 1656 1257 i
1677 1193 1737 1258 fait

539 1304 572 1369 la
604 1304 744 1368 maniire
775 1309 806 1368 et
837 1301 868 1367 le
897 1301 982 1388 style
1006 1301 1044 1366 de
1067 1300 1246 1385 Sinequc.''
1272 1337 1314 1349 -
1338 1300 1421 1366 Nam
1444 1321 1519 1365 oum
1543 1299 1680 1364 Serenus
1703 1301 1737 1363 in

539 1409 699 1475 scribendi
729 1409 833 1475 colore
866 1408 956 1486 alter,
988 1414 1024 1472 ut
1055 1410 1102 1472 ita
1133 1406 1258 1485 dicam,
1290 1406 1408 1472 Seneca
1439 1408 1544 1471 iactus
1574 1409 1632 1483 sit,
1657 1404 1740 1470 nulli

542 1520 666 1581 mirum
697 1515 801 1580 videri
833 1517 954 1600 poterit
985 1513 1166 1589 Lucilium,
1198 1516 1283 1578 inter
1314 1534 1410 1598 quem
1442 1519 1476 1578 et
1507 1512 1659 1577 Senecam
1684 1533 1740 1599 per

539 1621 660 1687 multoe
701 1642 800 1686 annos
834 1619 1018 1686 litterarum
1054 1622 1284 1685 commercium
1319 1622 1462 1696 exstitit,
1499 1619 1610 1684 eodem
1645 1618 1738 1703 plane

541 1728 637 1794 modo
662 1749 697 1793 ac
721 1727 874 1793 Senecam
899 1728 1035 1793 scribere
1057 1729 1206 1812 coepisse.

587 1835 650 1901 Sed
682 1837 854 1920 quominus
877 1854 934 1919 pro
957 1841 1043 1899 certo
1067 1833 1224 1898 affirmare
1249 1835 1354 1898 ausim
1376 1834 1457 1898 hanc
1480 1830 1654 1919 epistulam
1678 1830 1742 1896 Ln-

537 1942 614 2008 cilio
646 1940 885 2007 attribuendam
916 1961 1001 2016 esse,
1032 1941 1162 2004 obstant
1191 1959 1272 2024 quae
1296 1938 1347 2024 §4
1371 1938 1535 2026 leguntur.
1561 1938 1735 2023 Postquam

537 2051 584 2125 is,
609 2047 649 2112 ad
672 2068 768 2133 quom
793 2046 867 2111 data
885 2051 951 2123 est,
973 2046 1050 2110 haec
1069 2045 1177 2110 dicens
1196 2044 1346 2111 inductus
1367 2051 1430 2110 est:
1451 2046 1516 2125 Ilpa
1529 2045 1593 2108 oolo
1606 2044 1736 2122 (lineare,

537 2155 681 2239 qaoraodo
711 2152 808 2216 minna
831 2152 965 2234 cupiam,
990 2152 1086 2214 minna
1111 2152 1238 2215 limeam.
1263 2151 1502 2234 mperalitionem
1524 2150 1599 2214 milli
1622 2156 1734 2213 emente.

536 2262 610 2324 doce
634 2258 696 2321 leae
720 2280 783 2321 eoae
806 2259 1062 2342 annumerabor,
1086 2259 1167 2343 qaod
1180 2257 1327 2342 felicitae
1351 2257 1474 2334 dicitnr,
1499 2278 1586 2320 anam
1606 2256 1658 2319 illi
1677 2256 1736 2338 apl

537 2366 638 2428 larbam
663 2363 822 2447 facillime
845 2365 997 2440 accedere,
1022 2366 1066 2428 sic
1090 2366 1255 2449 pergitur:
1280 2365 1429 2427 (lenirlerio
1454 2371 1504 2427 lao
1526 2362 1736 2450 satisfaciam,

538 2478 568 2534 el
602 2471 729 2532 airlnlee
759 2469 936 2533 exhortabor
966 2478 994 2532 et
1022 2469 1100 2532 vitia
1131 2470 1351 2534 converberabo.
1384 2470 1454 2533 licet
1478 2468 1592 2553 aliquia
1613 2468 1736 2532 nimiam

536 2575 814 2659 inmoderatumque
848 2576 880 2637 ira
911 2575 967 2637 lae
989 2581 1082 2656 parte
1111 2597 1156 2638 me
1186 2575 1315 2653 iadieel3
1348 2598 1406 2639 aon
1437 2575 1578 2638 ciconiam
1596 2576 1739 2659 percoqui

536 2681 704 2766 nequitiam
725 2688 754 2744 el
777 2682 920 2767 adfectae
943 2680 1168 2766 efferaliecimoe
1190 2681 1325 2745 inhibere
1348 2689 1377 2745 et
1399 2681 1567 2763 voluptates
1586 2681 1684 2744 iturae
1703 2680 1737 2743 in

536 2788 671 2851 dolorem
702 2809 880 2869 compescere
911 2794 939 2850 et
969 2787 1047 2850 aolie
1077 2795 1257 2869 opetrepere.
1283 2786 1416 2871 quidni?
1440 2810 1503 2850 anm
1527 2786 1654 2849 marimo
1677 2810 1737 2849 ma·

536 2895 635 2958 lorum
663 2893 879 2976 optaverimus,
912 2899 940 2955 et
970 2916 1006 2955 ec
1033 2894 1241 2974 protelatione
1271 2901 1374 2957 nolam
1403 2893 1446 2956 cit
1475 2893 1624 2979 quidquid
1653 2893 1736 2956 aella

534 3001 665 3087 quimnr.
697 2999 818 3063 inierim
841 2999 985 3083 permitte
1008 3000 1082 3062 milri
1106 3023 1159 3077 ea,
1184 3023 1260 3085 qnae
1276 3000 1374 3082 paulo
1400 3000 1558 3064 remotiora
1581 3000 1731 3075 videntur,

532 3113 680 3171 excutere.
717 3102 863 3171 (loncedo
888 3105 966 3169 haec
989 3108 1097 3169 omnia
1119 3106 1238 3171 melius
1262 3126 1280 3170 a
1303 3104 1421 3171 Seneca
1445 3127 1542 3191 quam
1567 3126 1585 3170 a
1608 3104 1733 3170 Lucilio

533 3213 599 3277 dici
623 3214 781 3297 potuisse;
807 3213 996 3296 praesertim
1020 3209 1103 3275 illud
1126 3213 1202 3275 vatic
1226 3219 1396 3294 opelrepere
1418 3213 1509 3276 nobis
1532 3215 1566 3276 in
1590 3217 1731 3275 mentem

532 3327 664 3384 revocat
695 3315 867 3403 epistulam
899 3319 1151 3402 sexagesimam,
1184 3317 1301 3382 ubido
1325 3318 1523 3383 eademfere
1547 3338 1580 3381 re
1604 3318 1731 3401 agitur;

534 3447 562 3490 c.
582 3446 616 3510 g.
649 3424 726 3508 §lt
757 3446 775 3487 o
802 3446 889 3509 qnam
914 3423 1036 3487 inimico
1059 3424 1143 3487 malie
1166 3431 1236 3487 orent
1259 3430 1326 3486 oola
1351 3426 1539 3488 noatroram!
1563 3445 1595 3486 eo
1619 3423 1734 3507 quidem

534 3531 707 3594 inimiciora
738 3552 795 3614 qno
825 3553 935 3593 eernere
959 3530 1094 3616 feliciae
1125 3552 1152 3594 e.
1166 3552 1194 3615 q.
1209 3552 1233 3594 s.
1266 3529 1485 3595 Nihilominus
1507 3532 1541 3594 in
1565 3530 1625 3594 hao
1648 3550 1736 3616 para·

534 3636 660 3722 grapho
683 3638 788 3700 nescio
810 3635 887 3719 quid
910 3639 994 3700 inest
1018 3635 1101 3719 quod
1126 3635 1239 3700 dubito
1262 3656 1366 3700 annon
1390 3635 1509 3700 Seneca
1531 3638 1577 3699 ita
1600 3637 1735 3719 scriptu·

534 3763 592 3806 rus
622 3741 735 3805 fuerit:
767 3764 826 3804 non
850 3740 991 3804 deeielam
1016 3779 1059 3788 -
1080 3741 1272 3826 asseclae
1295 3740 1633 3828 efferatissimos
1656 3740 1735 3803 inhi-

533 3851 602 3912 lere
632 3854 661 3910 et
689 3848 924 3928 aolnplatee
955 3848 1091 3910 iturae
1122 3847 1164 3910 in
1197 3848 1371 3912 dolorem
1404 3870 1590 3929 earapracere.
1627 3845 1733 3911 Sicine

531 3954 652 4019 Seneca
682 3952 772 4037 loqui
801 3949 904 4016 solet?
936 3951 1007 4016 Vid.
1040 3954 1135 4017 modo
1168 3974 1247 4037 qnae
1279 3975 1328 4039 ep.
1357 3954 1419 4017 116
1444 3954 1600 4040 legimus:
1628 3952 1730 4016 lllrnm

529 4059 631 4123 eoliae
660 4058 702 4120 eil
732 4059 858 4121 modicos
888 4059 994 4121 holere
1017 4059 1159 4142 adseclae
1182 4082 1221 4122 an
1246 4059 1362 4136 malloo,
1386 4083 1474 4142 caepe
1498 4060 1662 4144 quaesitam
1686 4066 1730 4123 eal

534 4203 579 4215 -
604 4186 654 4246 eoo
685 4186 744 4227 noa
774 4164 859 4228 video
882 4166 1023 4249 qaornodo
1045 4165 1176 4228 calabrie
1200 4188 1262 4228 ecee
1284 4171 1338 4228 aal
1360 4166 1448 4229 acilia
1466 4167 1564 4247 poeni
1585 4166 1651 4229 olla
1674 4189 1730 4229 me-

531 4271 680 4336 diocrilaa
711 4269 803 4333 morbi
835 4271 865 4354 (ᾖ
881 4270 930 4350 1);
963 4270 1121 4335 inbecillae
1146 4279 1190 4334 eal
1208 4272 1309 4353 primo
1329 4274 1423 4336 amaria
1447 4274 1598 4358 adfaciem.
1622 4273 1730 4336 deinde

530 4379 597 4460 ipae
619 4400 652 4440 ae
675 4376 804 4439 eoncilal
827 4382 857 4439 el
879 4376 976 4453 vireo,
1001 4378 1070 4439 dnm
1088 4378 1246 4459 procedit,
1264 4385 1379 4459 paral:
1405 4379 1577 4442 recluditur
1594 4380 1730 4464 facilins

530 4507 620 4570 quam
650 4482 822 4564 expellitur.
848 4519 891 4529 -
915 4505 982 4563 erpo
1015 4483 1199 4546 irrlrantibaa
1222 4484 1404 4560 reciatamna
1430 4485 1502 4569 qaia
1516 4484 1672 4570 faciliora,
1697 4491 1731 4547 al

530 4590 617 4665 diri,
653 4611 713 4651 non
747 4588 935 4671 recipiantur
969 4611 1056 4674 quam
1088 4597 1194 4652 eacanl
1225 4591 1256 4674 (ξ
1269 4589 1320 4668 3);
1354 4591 1487 4673 capienti
1517 4614 1575 4654 non
1601 4590 1731 4655 sollicite

530 4693 683 4760 meriadire
713 4716 744 4756 ee
775 4702 871 4758 latam
895 4702 939 4757 eal
963 4733 1005 4742 -
1028 4695 1112 4758 roobia
1135 4696 1207 4779 qaia
1230 4719 1290 4760 non
1313 4704 1356 4760 eat
1379 4699 1497 4780 repredi
1510 4698 1632 4783 facile,
1657 4699 1732 4781 opti·

532 4823 610 4865 mam
635 4807 679 4862 eet
702 4799 818 4864 omnino
841 4822 900 4863 mora
916 4802 1064 4883 propredi
1087 4801 1177 4884 (Si).
1202 4798 1265 4867 cfr.
1291 4809 1452 4888 praeterea
1476 4804 1528 4889 §6
1549 4825 1615 4890 sqq.
