4525 5950
919 699 1168 749 amarornanra.
1571 682 1637 751 277

491 864 583 929 Locis
619 884 716 948 quam
752 863 903 949 plurimis
938 864 1019 927 mihi
1054 865 1224 928 convenire
1260 884 1334 927 cum
1369 866 1575 950 sagacissimo
1607 869 1639 928 et

441 968 629 1034 doctissimo
660 968 784 1055 collega
815 974 881 1033 tam
912 971 1121 1052 interpretem
1155 989 1250 1052 quam
1275 971 1423 1033 criticum
1450 972 1559 1055 agenti
1582 971 1638 1035 vix

442 1095 525 1158 opus
555 1079 603 1138 est
633 1073 746 1137 dicere.
779 1073 861 1153 Quia
892 1094 968 1139 voro
999 1094 1126 1137 merum
1158 1093 1323 1137 assensum
1354 1073 1534 1158 significare
1557 1073 1640 1138 nibil

440 1180 539 1244 babet
563 1179 733 1252 utilitatis,
759 1180 797 1243 de
820 1179 871 1243 his
891 1180 1021 1264 quidem
1043 1184 1175 1263 (paucos
1195 1199 1291 1264 supra
1312 1181 1420 1263 tetigi)
1441 1178 1533 1243 silere
1553 1200 1640 1263 prae

441 1288 573 1350 stiterit.
606 1283 795 1351 Coniunctis
824 1285 950 1350 viribus
980 1290 1017 1348 ut
1048 1286 1151 1348 maior
1171 1293 1308 1370 'semper
1330 1284 1448 1368 ubique
1472 1283 1529 1347 lux
1552 1284 1640 1349 afful-

439 1398 520 1478 geat
539 1392 776 1455 obscurioribus
796 1393 995 1475 corruptiore
1015 1397 1163 1455 veterum
1183 1392 1375 1474 scriptorum
1387 1388 1536 1455 looishoo
1548 1410 1639 1474 opus,

445 1497 501 1560 hic
524 1495 614 1562 labor
637 1494 722 1561 esto!

531 1783 617 1829 Duas
640 1782 752 1830 conari
775 1781 1010 1829 CORREO'PIONES
1032 1782 1183 1829 mumulo
1207 1782 1240 1828 m
1265 1780 1418 1829 aarum
1440 1781 1551 1830 omont.

489 1916 684 1982 Immortalis
708 1918 864 2002 magister
888 1938 979 1981 meus
1003 1923 1070 1980 tam
1094 1915 1258 2003 eleganter
1281 1915 1405 1980 litteras
1429 1913 1566 1982 Graecas
1588 1939 1640 1982 ex·

439 2023 570 2099 arabat,
595 2030 632 2086 ut
655 2044 694 2086 ne
719 2023 758 2086 ab
782 2025 913 2106 optimis
937 2022 1066 2107 quidem
1090 2021 1300 2109 calligrapbis
1323 2022 1413 2087 ltalia
1435 2023 1555 2088 saeculi
1579 2024 1639 2088 XV

439 2149 481 2193 ea
511 2131 543 2191 in
575 2150 608 2192 re
640 2135 854 2213 superaretur,
888 2149 944 2192 neo
975 2131 1146 2213 quisquam
1178 2131 1247 2193 eius
1280 2127 1514 2214 discipulorum
1546 2130 1638 2195 hodie

439 2237 529 2298 vivit
559 2254 655 2317 quem
690 2253 804 2297 manus
834 2229 947 2298 Oobeti
975 2233 1094 2298 alicubi
1119 2234 1202 2297 facta
1225 2235 1353 2298 obviam
1378 2241 1534 2318 puuctum
1559 2241 1639 2299 tem·

442 2342 533 2425 poris
559 2338 667 2403 fallere
691 2341 800 2423 possit.

491 2444 603 2527 Nuper
624 2449 734 2508 autem
756 2447 789 2507 in
815 2464 927 2508 manus
951 2443 1034 2507 mihi
1059 2445 1149 2508 vonit
1169 2446 1305 2508 eximiae
1326 2440 1460 2530 Scymni
1479 2444 1637 2523 editionis,

442 2570 544 2634 quam
565 2549 713 2613 Meineke
733 2552 858 2613 curavit
879 2548 1018 2613 Bcrolini
1038 2568 1065 2612 a.
1089 2547 1186 2625 1846,
1208 2549 1379 2634 exemplar,
1400 2550 1484 2634 quod
1504 2551 1640 2616 beorar-

440 2655 516 2719 diae
550 2661 732 2719 asservatur
766 2657 800 2718 in
837 2653 958 2718 Bumae
995 2674 1076 2738 quae
1111 2654 1230 2718 dicitur
1264 2653 1454 2719 bibliotheca
1486 2659 1529 2733 (A
1549 2656 1637 2736 107),

438 2760 557 2847 procul
578 2761 675 2825 dubio
699 2760 871 2825 oriundum
896 2782 933 2825 er
957 2762 1027 2844 ipsa
1049 2757 1163 2826 Oobeti
1187 2758 1344 2825 librorum
1368 2760 1562 2827 collectione.

492 2867 544 2930 Ad
566 2868 717 2931 carminis
739 2868 871 2930 initium

627 2975 749 3037 πάντων
773 2970 1024 3049 ἀναγκαιότατον
1050 2974 1067 3045 ἦ
1092 2970 1235 3050 κωμῳδία
1244 3019 1252 3047 ,

627 3078 764 3142 θειότατε
787 3077 924 3154 βασιλεῦ
949 3078 1140 3155 Νιαᾶμνιδες,
1166 3078 1249 3141 τοῦτ’
1276 3076 1343 3158 ἔχει

626 3184 659 3247 τὸ
685 3184 736 3247 καὶ
761 3183 909 3263 βραχέως
933 3179 1054 3246 ἕκαστα
1079 3183 1144 3244 καὶ
1171 3181 1343 3262 φράζειν
1367 3191 1477 3260 σαφῶς

626 3291 677 3352 καὶ
702 3296 915 3370 ψυχαγωγεῖν
939 3289 1045 3351 πάντα
1070 3288 1121 3351 τὸν
1147 3290 1218 3365 ὑγιῆ
1244 3291 1345 3366 κριτήν

439 3400 475 3462 in
500 3399 646 3483 margine
671 3396 782 3461 dextra
805 3393 916 3462 Cobeti
938 3416 1035 3458 manu
1055 3394 1218 3479 (plumbo,
1240 3399 1276 3458 ut
1295 3395 1429 3475 solebat)
1450 3397 1635 3463 adnotatum

440 3504 566 3586 reperio
590 3498 716 3581 Φινέζ”
741 3503 824 3577 καὶ,
849 3522 930 3586 quac
954 3499 1064 3585 procul
1088 3499 1185 3564 dubio
1210 3520 1285 3565 voro
1309 3509 1356 3565 est
1381 3503 1570 3568 emendatio.

490 3608 559 3672 Nou
590 3610 698 3671 minus
721 3606 915 3691 probandam
939 3607 1076 3671 arbitror
1099 3606 1244 3670 eiusdem
1269 3609 1496 3673 correctionem
1520 3613 1637 3695 margi-

440 3712 549 3777 nalem
580 3713 702 3777 ibidem
734 3712 773 3777 ad
799 3734 844 3776 vs.
871 3710 936 3775 343
961 3706 988 3781 ἧι
1014 3712 1048 3784 δὴ
1074 3732 1131 3795 pro
1156 3711 1271 3776 codicis
1294 3710 1430 3777 lectione
1454 3712 1527 3790 ἤδη,
1552 3714 1635 3779 unde

440 3812 469 3884 oi
501 3821 536 3891 il
559 3819 676 3884 fecerat
702 3817 910 3895 Boissonado,
936 3817 1019 3902 quod
1042 3820 1076 3881 in
1101 3822 1228 3882 textum
1252 3817 1493 3883 dubitabundus
1517 3824 1637 3905 recepit

441 3924 609 4000 Mainake,
642 3924 705 3989 alia
734 3927 803 4008 ipse
835 3925 1010 3999 coniciens,
1043 3930 1081 3988 ut
1103 3922 1186 3986 mibi
1210 3924 1342 4009 quidem
1366 3924 1504 4002 videtur,
1528 3928 1636 3991 miuus

442 4031 630 4117 probabilia.

488 4136 629 4201 'l'ertiam
652 4137 703 4200 his
726 4134 874 4200 adderem
898 4133 1010 4201 Cobeti
1034 4137 1251 4200 coniecturam
1273 4138 1307 4199 in
1332 4157 1380 4200 vs.
1405 4135 1468 4201 521

624 4244 658 4306 τὸ
683 4242 754 4319 πρὸς
779 4241 978 4319 μεσημβρίαν
1005 4240 1036 4304 δὲ
1060 4242 1128 4305 καὶ
1156 4242 1422 4316 stercorina

439 4350 499 4412 ubi
511 4351 545 4411 in
557 4350 702 4434 margine
715 4350 878 4431 superiore
891 4346 1056 4411 adnotavit
1077 4355 1205 4420 κλῖμα
1227 4348 1292 4409 καὶ
1314 4347 1435 4421 νότον,
1456 4351 1517 4413 nisi
1529 4352 1634 4416 invito

440 4455 599 4539 magistro
623 4473 676 4517 me
693 4452 754 4517 boc
777 4453 939 4517 facturum
958 4473 1025 4517 esse
1046 4473 1235 4538 persuasum
1256 4453 1422 4528 haberem,
1443 4457 1560 4540 quippo
1580 4460 1635 4541 qui

438 4561 563 4643 optime
593 4560 755 4633 novisset,
787 4557 873 4642 quod
903 4560 939 4622 in
969 4556 1086 4622 scholis
1118 4561 1185 4623 suis
1218 4558 1329 4623 docere
1361 4557 1499 4636 solebat,
1532 4567 1635 4626 aetate

439 4663 642 4728 hellenistica
665 4663 866 4728 substantiva
887 4666 921 4726 in
944 4676 991 4740 ιῐιῐ
1017 4663 1149 4728 brevem
1172 4664 1286 4729 habere
1308 4663 1551 4749 paenultimam.

1421 4770 1464 4835 Η.
1488 4789 1520 4836 ν.
1545 4771 1588 4838 Η.

1459 4907 1490 4955 ιιι

932 4863 1126 4870 -----—·—-
