4525 5950
966 729 1113 778 1111111.
1566 715 1634 781 203

430 899 590 961 recitatae
619 898 653 958 111
684 900 814 971 senatu,
846 894 958 978 quidni
989 915 1041 958 eas
1065 893 1195 958 Tacitus
1218 895 1440 961 enumeravit?
1466 897 1634 962 Praeterea

433 1007 496 1089 qui
529 1023 674 1068 rumores
705 1000 780 1066 illos
813 1008 988 1086 spargunt,
1020 1003 1140 1064 mirum
1163 1004 1197 1064 in
1221 1003 1353 1067 modum
1377 1006 1439 1088 ipsi
1462 1005 1522 1067 sibi
1547 1001 1635 1068 oblo-

432 1118 601 1194 quuntur:
634 1110 777 1192 primum
809 1109 896 1172 enim
928 1114 1166 1191 conqueruntur
1188 1107 1272 1190 quod
1297 1129 1380 1173 nunc
1403 1107 1521 1173 libellis
1544 1129 1634 1174 accu-

432 1222 584 1280 satorum
608 1220 701 1278 vacet
725 1212 890 1287 Tiberine,
916 1211 1028 1276 deiude
1048 1212 1187 1276 addunt:
1210 1235 1314 1289 „nunc
1333 1216 1457 1279 inventi
1477 1215 1633 1291 homines,

434 1325 496 1407 qui
519 1320 610 1399 (alias
630 1318 758 1384 Tiberio
778 1318 964 1404 praebentes
984 1321 1221 1403 occupationes)
1240 1321 1380 1384 cruentis
1399 1321 1470 1384 istis
1490 1320 1633 1404 epistolis

433 1431 610 1512 imponant
631 1426 761 1491 finem.¹'
785 1424 836 1489 Ita
859 1427 963 1502 enim,
988 1424 1066 1488 dum
1090 1445 1238 1490 accusare
1260 1424 1426 1491 Tiberium
1445 1427 1506 1490 sibi
1526 1426 1632 1491 viden·

436 1540 506 1611 tur,
538 1531 623 1597 ultro
654 1553 729 1597 eum
761 1530 910 1596 laudant:
942 1538 1119 1616 agnoscunt
1143 1533 1229 1596 enim
1254 1552 1345 1605 eum,
1370 1535 1397 1595 si
1420 1553 1530 1597 revera
1553 1534 1634 1617 peri·

434 1636 551 1703 culum
583 1640 731 1721 ingruat,
761 1634 954 1721 reipublicae
978 1657 1041 1700 non
1065 1635 1261 1700 defuturum.
1285 1637 1369 1702 Num
1393 1639 1564 1722 quominus
1588 1640 1633 1702 sic

435 1744 547 1809 locum
578 1745 773 1828 accipiemus
798 1748 835 1806 ut
858 1741 1027 1805 cohiberent
1049 1741 1135 1806 idem
1159 1745 1200 1805 sit
1224 1742 1307 1827 quod
1331 1743 1463 1806 cohibere
1486 1744 1632 1819 dederent,

437 1851 569 1915 obstant
601 1847 757 1914 vocabula
788 1849 903 1911 inventi
934 1849 1061 1912 mactem.
1094 1848 1240 1933 Denique
1272 1870 1321 1913 res
1350 1870 1386 1913 eo
1411 1849 1494 1913 redit
1519 1857 1553 1913 ut
1577 1871 1633 1933 pro

437 1965 527 2022 certo
557 1954 714 2019 affirmare
746 1954 835 2018 nobis
866 1951 961 2018 liceat
994 1953 1101 2018 nullos
1134 1953 1293 2019 eiusmodi
1318 1960 1394 2018 tunc
1417 1954 1516 2018 fuisse
1540 1953 1631 2039 vulgi

437 2063 477 2126 de
509 2061 636 2126 Tiberio
666 2080 830 2134 rumores,
863 2059 917 2123 sed
950 2058 1065 2144 cupide
1097 2058 1302 2145 maligneque
1336 2080 1388 2124 cos
1412 2079 1430 2123 a
1454 2058 1565 2123 Tacito
1589 2061 1635 2123 in-

436 2176 561 2233 ventos.
583 2166 757 2229 Domitiano
776 2167 954 2250 imperante
976 2165 1073 2228 luisse
1092 2167 1147 2249 qui
1169 2167 1230 2239 ite,
1250 2169 1380 2229 externo
1398 2166 1520 2229 oriente
1539 2164 1635 2241 bello,

436 2273 492 2338 vel
522 2271 731 2357 loquerentur
761 2268 813 2334 vel
844 2271 935 2333 taciti
963 2289 1072 2334 secum
1104 2275 1283 2345 censerent,
1316 2268 1465 2335 credibile
1490 2274 1548 2333 est.
1573 2268 1635 2333 Sed

437 2378 610 2443 videamus
632 2396 713 2461 quae
736 2375 774 2440 de
797 2376 866 2458 ipso
890 2372 1017 2438 Tiberio
1041 2374 1191 2438 subiiciat
1214 2372 1361 2438 Tacitus:

403 2539 406 2544 .
490 2482 612 2560 „Tanto
632 2483 808 2566 impensius
827 2483 860 2543 in
880 2481 1084 2544 securitatem
1105 2483 1314 2564 compositus,
1335 2500 1437 2563 neque
1449 2477 1519 2545 loco
1532 2500 1633 2565 neque

439 2587 539 2654 vultu
571 2594 712 2663 mutato,
745 2585 815 2662 sed,
846 2593 885 2649 ut
907 2585 1060 2662 solitum,
1085 2606 1142 2670 per
1164 2584 1238 2649 illos
1261 2585 1329 2650 dies
1352 2587 1439 2670 egit,
1463 2585 1635 2650 altitudine

441 2697 562 2771 animi,
586 2714 626 2757 an
651 2698 847 2776 compererat
869 2691 994 2755 modica
1017 2712 1084 2755 esse
1108 2698 1141 2754 et
1165 2689 1308 2775 vulgatis
1331 2689 1488 2756 leviora.'’

488 2801 552 2864 Ain
585 2796 681 2862 vero?
712 2794 778 2873 Tu,
810 2799 866 2881 qui
897 2803 944 2861 tot
974 2798 1065 2860 annis
1096 2802 1170 2880 post
1197 2795 1235 2860 de
1257 2795 1315 2861 illo
1339 2802 1482 2881 tempore
1505 2798 1633 2873 scribis,

439 2906 540 2992 probe
564 2906 648 2969 nosti
671 2910 777 2966 cuneta
796 2903 829 2965 tn
847 2902 944 2965 matres
963 2909 1052 2965 ancta
1071 2901 1186 2980 fuisse,
1205 2908 1237 2967 et
1257 2901 1385 2966 dubitas
1405 2905 1502 2966 etiam
1522 2907 1634 2966 utrum

439 3013 605 3086 Tiberius,
638 3012 694 3094 qui
725 3012 759 3072 in
790 3009 904 3073 mediis
934 3008 1001 3072 illis
1035 3011 1160 3073 viveret
1190 3010 1285 3074 rebus
1316 3016 1348 3074 et
1379 3015 1517 3075 aetatem
1552 3012 1635 3074 inter

438 3121 546 3183 varios
577 3118 706 3201 imperii
738 3115 844 3180 hostes
875 3117 1037 3191 trivisset,
1069 3114 1156 3180 idem
1189 3123 1301 3180 notum
1332 3117 1498 3192 habuerit,
1530 3137 1568 3180 111
1601 3138 1634 3181 11

438 3244 567 3309 quoque
587 3221 765 3286 sollicitum
786 3242 853 3286 esse
871 3219 1145 3285 dissimulaverit?
1165 3221 1344 3286 Domitiani
1366 3220 1448 3285 illud
1466 3228 1633 3298 secretum,

439 3329 525 3393 mibi
558 3328 666 3401 crede,
698 3327 757 3391 tibi
787 3328 951 3411 imposuit.
988 3324 1078 3390 Nibil
1109 3329 1196 3390 enim
1227 3326 1396 3392 absurdius
1426 3330 1459 3390 in
1492 3336 1631 3391 mentem

438 3435 500 3498 tibi
527 3435 634 3497 venire
659 3434 768 3517 potuit
792 3452 889 3516 quam
911 3432 963 3495 bic
987 3451 1112 3516 quoque
1137 3431 1175 3496 de
1199 3432 1364 3495 altitudine
1386 3432 1479 3495 enitet
1502 3436 1631 3498 iniicere

439 3540 669 3624 suspicionem.

486 3646 525 3708 A.
556 3642 610 3720 IV,
636 3642 666 3708 8.
699 3642 833 3707 Scitum
864 3641 1004 3706 necando
1027 3640 1149 3717 Druso,
1175 3640 1295 3707 Tiberii
1320 3642 1403 3721 filio,
1428 3643 1631 3709 1111111111-

437 3771 560 3816 nouum
584 3748 722 3834 delegit,
746 3750 793 3812 ita
815 3754 852 3812 ut
876 3748 988 3811 morbo
1011 3747 1137 3811 absumi
1161 3746 1218 3812 1111
1240 3748 1422 3813 videretur:

486 3853 655 3933 „Tiberius
677 3874 733 3938 per
756 3874 866 3918 omnes
890 3852 1078 3917 valitudinis
1101 3854 1171 3916 11111
1194 3853 1261 3918 dies
1361 3856 1460 3918 etiam
1483 3854 1632 3919 defuncto

434 3960 574 4026 necdum
599 3958 744 4045 sepulto,
769 3962 891 4023 curiam
916 3960 1079 4043 ingressus
1103 3956 1185 4022 est.'’

483 4066 521 4130 ln
546 4068 661 4152 quovis
680 4063 760 4139 alio,
782 4069 819 4128 ut
839 4065 961 4149 opinor,
982 4062 1034 4127 bic
1053 4066 1159 4127 virtus
1179 4056 1311 4149 antiqua
1331 4084 1468 4149 vereque
1487 4065 1631 4131 Romana

433 4172 631 4238 laudaretur.
656 4170 719 4235 Sed
742 4169 868 4234 Tiberio
893 4168 975 4233 nihil
998 4190 1054 4254 per
1077 4168 1225 4233 Tacitum
1249 4169 1349 4234 facere
1373 4170 1449 4235 licet
1466 4175 1543 4256 quin
1563 4193 1630 4258 spe-

432 4282 518 4343 ciem
554 4278 703 4362 praebeat
736 4281 794 4340 aut
824 4277 982 4339 virtutem
1012 4277 1201 4338 ostentantis
1233 4282 1290 4339 aut
1319 4277 1531 4362 cogitationes
1554 4299 1628 4342 suas

433 4382 683 4449 dissimulantis.
707 4380 754 4445 De
778 4402 867 4445 more
891 4400 967 4466 ergo
991 4379 1043 4443 hic
1067 4400 1193 4465 quoque
1215 4382 1426 4445 interiicitur:

484 4489 591 4566 „nullo
613 4495 708 4564 metu,
731 4510 772 4549 un
795 4493 828 4549 ut
842 4485 1063 4568 firmitudinem
1086 4486 1180 4548 enimi
1203 4486 1384 4549 ostentaret'

431 4600 478 4661 sic
509 4596 613 4670 enim,
647 4613 686 4657 ne
717 4594 744 4656 si
775 4591 814 4656 de
838 4593 1050 4656 ostentatione
1075 4590 1204 4674 quidem
1229 4590 1403 4676 quidquam
1427 4591 1552 4657 credere
1575 4615 1628 4658 no

430 4700 562 4774 lumus,
587 4698 675 4763 ullus
698 4699 806 4761 virtuti
829 4698 1023 4781 relinquitur
1045 4696 1151 4761 locus:
1176 4718 1238 4761 non
1262 4697 1326 4761 fuit
1348 4696 1460 4761 firmus
1480 4697 1628 4763 Tiberius

430 4814 463 4871 et
494 4804 608 4869 dilecti
638 4802 699 4867 tilii
728 4804 841 4867 morbo
863 4803 1071 4866 inconcussus
1084 4823 1091 4878 ;
1116 4802 1202 4887 quod
1224 4805 1258 4866 in
1281 4802 1478 4886 quotidianis
1501 4804 1626 4869 assidue
