4525 5950
644 698 732 764 250·
1131 714 1174 761 oa
1198 712 1343 761 onaums.

645 879 761 958 ἔξοδος,
787 878 856 942 καθ’
878 874 911 950 ἣν
936 877 1105 951 πεποίηταί
1128 885 1217 954 σΦισι
1244 880 1260 952 ἦ
1287 877 1462 953 καλουμένη
1484 877 1600 953 Σκιάς,
1622 875 1693 940 ἔνθά
1715 878 1768 941 nal
1790 883 1837 941 νῦν

644 985 688 1050 ἔτι
717 982 950 1063 ἐκκλησιάζουσι
973 982 1143 1068 (Spartae).
1167 982 1302 1048 Videtur
1325 983 1424 1047 fuisse
1447 985 1515 1052 νοιδς
1539 982 1707 1060 θολοειδής,
1733 983 1837 1068 qualis

644 1091 779 1156 Athenis
808 1091 870 1154 suit
901 1091 984 1159 θάλος
1016 1088 1090 1166 illa,
1123 1089 1181 1153 ubi
1204 1095 1356 1176 prytanea
1379 1091 1549 1165 conabant3
1573 1090 1677 1154 torma
1701 1090 1836 1155 aedilicii

644 1198 868 1281 antiquissima
891 1194 1027 1260 Homeri
1050 1197 1150 1260 etiam
1174 1201 1278 1260 aetate
1302 1198 1421 1260 usitata
1437 1195 1471 1275 ¹).

689 1302 803 1388 Magni
826 1322 952 1386 quoque
975 1303 1132 1365 momenti
1155 1299 1280 1386 glossae
1303 1307 1378 1365 sunt
1401 1301 1641 1386 Hesychianae:

688 1412 711 1473 i.
724 1430 755 1474 v.
781 1407 894 1478 Σκιάς;
920 1410 937 1481 ἦ
963 1406 1147 1485 άνοοδενδράς
1173 1407 1224 1469 κοιὶ
1247 1409 1340 1479 σκηνη
1360 1407 1542 1484 &pomerulos
1564 1407 1615 1470 καὶ
1635 1407 1671 1470 τὸ
1692 1407 1833 1479 άολυειδὲς

645 1513 795 1579 σκιάδειον
819 1513 848 1577 ἕν
871 1506 891 1593 ᾧ
917 1512 930 1576 ὂ
956 1513 1098 1582 Διάνυσυς
1123 1513 1255 1585 κάθηται
1280 1513 1332 1575 acl
1356 1511 1391 1575 τὸ
1415 1521 1608 1592 Πρυτοινεῖον.

689 1623 710 1684 i.
732 1641 763 1685 v.
796 1618 898 1690 θάλσςε
932 1614 1006 1681 ὅπου
1037 1618 1062 1681 οἱ
1096 1615 1263 1696 Πρυτάνεις
1297 1616 1348 1680 καὶ
1382 1618 1399 1690 ἦ
1425 1619 1525 1693 βουλὴ
1549 1625 1759 1683 συνειστιῶντο
1783 1618 1831 1681 κο)

645 1726 736 1796 τάτος
758 1726 788 1787 ἕν
812 1718 832 1803 ᾧ
856 1725 898 1786 τά
922 1723 1100 1796 συμποτικά
1126 1723 1219 1794 σκεύη
1243 1723 1416 1786 άιτάκειτοιι.

690 1829 738 1898 (tf.
769 1829 923 1916 Harpocr.
956 1831 978 1893 i.
998 1850 1030 1894 v.
1063 1830 1165 1898 θάλοςτ
1196 1828 1370 1903 ’Λμμάνιος
1403 1829 1433 1891 ἐν
1463 1829 1597 1907 τετάρτη
1626 1830 1694 1907 περὶ
1725 1835 1834 1903 Βωμῶν

644 1937 762 2016 γράφει
794 1938 904 1999 τουτί·
937 1938 951 1997 d
983 1934 1013 1998 δὲ
1044 1935 1135 2003 τάτος
1163 1930 1237 1997 ὅπου
1264 1935 1422 1998 ἓστιῶντοιι
1447 1935 1472 1997 οἷ
1497 1935 1664 2013 Πρυτάνεις
1690 1943 1833 1998 καλεῖται

645 2043 747 2120 θάλος,
773 2042 823 2105 ὑπ’
848 2042 929 2105 ἔνδον
954 2039 985 2103 δὲ
1010 2039 1145 2109 Σκιάς.

689 2149 834 2233 Denique
860 2145 1002 2232 Hesych.
1027 2148 1048 2209 i.
1062 2167 1093 2211 v.
1119 2145 1278 2210 σκιάδειοντ
1304 2146 1517 2222 σκηνοπηγία·
1542 2143 1607 2208 ἔστι
1631 2146 1664 2210 δὲ
1688 2147 1781 2217 adare
1807 2146 1835 2208 ἐν

646 2249 666 2336 ᾧ
690 2256 732 2318 τά
756 2253 902 2331 μειράκιον
927 2249 1094 2329 ἕκοιάέζετο.
1120 2251 1211 2331 Quod
1233 2251 1274 2317 ad
1298 2248 1418 2317 Carasa
1442 2252 1575 2316 fortasse
1600 2257 1735 2337 spectat.

689 2360 897 2425 Observarint
920 2378 1048 2422 mecum
1071 2356 1204 2422 lectores
1229 2357 1312 2421 θόλον
1336 2357 1389 2422 vel
1412 2357 1527 2420 σκιάδα
1553 2358 1636 2443 apud
1661 2356 1834 2443 lexicogra-

645 2467 724 2553 phos
746 2468 853 2531 vocari
876 2464 984 2529 locum
1007 2464 1064 2527 ubi
1087 2462 1139 2527 vel
1163 2462 1334 2548 epulantur
1357 2464 1502 2529 homines
1525 2462 1579 2529 vel
1602 2463 1749 2548 supellex
1768 2485 1835 2529 con-

643 2571 762 2639 vivalis
791 2576 981 2637 asservatur.
1014 2568 1135 2634 'Pholus
1165 2572 1268 2655 igitur
1299 2570 1493 2634 atheniensis
1524 2576 1556 2634 et
1586 2568 1675 2634 Scias
1697 2569 1834 2635 laconice

644 2701 706 2744 non
730 2677 825 2743 modo
848 2680 950 2762 ipsam
966 2677 1105 2760 formem
1128 2682 1296 2740 servarunt
1320 2674 1533 2740 casicularum
1551 2675 1609 2739 ubi
1628 2674 1835 2740 vindemiate

644 2806 694 2850 res
720 2784 885 2869 capiebant
916 2802 1042 2858 cenam,
1074 2781 1130 2845 sed
1159 2779 1296 2845 eundem
1320 2802 1446 2865 quoque
1471 2781 1510 2845 ad
1533 2803 1632 2857 mna,
1657 2802 1774 2865 nempe
1797 2779 1834 2844 ad

644 2888 854 2977 epulandum,
875 2892 942 2951 tam
960 2889 1074 2971 priscis
1094 2907 1191 2971 quam
1207 2887 1368 2951 historicis
1379 2887 1579 2971 temporibus
1591 2887 1832 2952 adhibebantur.

645 2996 736 3076 Quod
755 2997 853 3059 etiam
873 2991 991 3058 clarius
1010 2992 1048 3056 fit
1066 2992 1209 3079 glossam
1229 2993 1467 3079 Hesychianam
1488 2996 1594 3064 σκιάςε
1616 2992 1835 3070 ἧάνιιδονδράς

644 3103 774 3187 propius
797 3098 1083 3163 considerantibus.
1108 3097 1192 3176 Quid
1214 3101 1300 3163 enim
1324 3105 1371 3163 est
1395 3096 1600 3176 doabevipotel
1620 3098 1746 3183 Nempe
1767 3098 1835 3161 citis

644 3206 806 3270 orbaetioo.
838 3204 922 3283 Quid
945 3210 1054 3269 autem
1078 3207 1184 3289 magis
1209 3211 1456 3269 consentaneum
1479 3224 1577 3289 quam
1601 3205 1661 3268 sub
1685 3207 1766 3289 ipsis
1789 3206 1834 3268 vi-

642 3315 685 3376 tis
704 3313 872 3375 maritatae
892 3308 978 3373 foliis
999 3309 1212 3385 densissimis,
1232 3331 1308 3373 cum
1327 3308 1488 3374 laboribus
1508 3311 1701 3374 intermissis
1715 3310 1834 3374 famem

644 3420 759 3482 satiare
788 3414 925 3491 vellent,
960 3413 1035 3480 solis
1069 3415 1212 3480 ardorem
1245 3414 1394 3500 effugisse
1423 3418 1541 3501 priscos
1565 3411 1867 3509 vindemiatorest·

644 3521 696 3588 Sic
727 3523 766 3587 ab
789 3524 859 3607 ipso
883 3521 940 3586 deo
963 3523 1055 3585 cuius
1079 3521 1160 3586 dona
1183 3519 1377 3605 colligebant
1400 3541 1419 3585 a
1441 3523 1542 3586 nimio
1565 3519 1667 3586 calore
1691 3519 1837 3585 desende-

644 3630 770 3693 bantur.

690 3734 772 3815 Quid
796 3734 882 3819 quod
904 3733 982 3798 deus
1005 3736 1073 3819 ipse
1097 3732 1162 3798 tale
1182 3734 1244 3797 sibi
1268 3733 1433 3818 retugium
1458 3728 1646 3817 quaerebatl
1671 3730 1775 3808 Nam,
1800 3737 1838 3796 ut

644 3841 828 3927 Hesychius
853 3839 1002 3915 tradidit,
1028 3838 1118 3910 σκιάς
1143 3840 1316 3903 vocabatur
1338 3841 1437 3903 etiam
1462 3840 1495 3901 τδ
1520 3836 1669 3902 σκιάδειον
1691 3837 1837 3908 άολοειδές

644 3949 675 4012 ἓν
700 3942 720 4028 ᾧ
745 3947 758 4011 ὃ
784 3947 927 4016 Διόνυσος·
952 3945 1095 4019 κάθηται.

689 4053 778 4119 Haec
801 4058 876 4117 sunt
900 4072 979 4135 quae
1006 4052 1044 4116 de
1070 4051 1195 4116 umbris
1214 4055 1361 4116 veterum
1381 4051 1548 4115 ohservare
1567 4047 1677 4113 velim.
1701 4047 1838 4114 Praebet

644 4161 678 4224 ni
701 4158 794 4224 fallor
817 4157 891 4223 talis
914 4157 1046 4221 umbrae
1068 4159 1248 4243 imaginem
1273 4177 1329 4221 vas
1352 4158 1476 4241 pictum
1500 4153 1585 4240 quod
1603 4175 1621 4219 a
1640 4153 1672 4219 S.
1693 4153 1834 4219 Reinach

681 4414 706 4478 l)
724 4430 746 4476 χ
762 4414 819 4462 442.
838 4413 937 4461 Certmt
954 4428 976 4461 v.
987 4412 1008 4460 d.
1026 4412 1139 4476 quidnam
1158 4412 1231 4461 inerit
1248 4410 1318 4470 θάλος
1332 4412 1387 4470 ilia,
1402 4412 1470 4460 cuius
1484 4415 1529 4470 ter,
1544 4411 1643 4460 fortasse
1657 4414 1744 4475 quater
1752 4413 1779 4474 (η
1790 4411 1834 4460 lul

644 4512 738 4560 quoque
754 4496 882 4545 secundum
900 4496 976 4557 Nab.)
993 4495 1055 4559 apud
1072 4495 1205 4543 Homerum
1221 4494 1310 4543 mentio
1326 4496 1360 4543 st.
1376 4494 1433 4542 Fnit
1447 4494 1471 4542 ni
1485 4494 1557 4543 fallor
1573 4491 1646 4550 σκιάς
1655 4494 1666 4555 (
1669 4493 1761 4557 prieet)
1770 4493 1838 4541 uulua

644 4578 669 4627 in
684 4578 770 4641 angulo
784 4580 899 4627 extructa.
915 4577 1015 4630 Culmen
1029 4579 1109 4626 autern
1124 4577 1196 4626 huius
1210 4575 1307 4625 umbrae
1321 4574 1378 4639 pilei
1394 4575 1418 4623 in
1428 4574 1530 4624 formam
1539 4575 1675 4623 aedificatae
1684 4575 1726 4637 (et.
1737 4575 1838 4623 Theocr.

644 4658 687 4708 XV
705 4660 744 4708 89.
763 4675 784 4709 v.
804 4657 898 4721 δολίαν)
915 4658 1032 4723 optimum
1050 4656 1177 4723 praebebat
1194 4658 1273 4707 locum
1290 4658 1319 4705 ad
1337 4657 1440 4705 alterum
1457 4658 1504 4704 τοῦ
1522 4657 1665 4717 πείσματος
1682 4658 1769 4717 πεῖραρ
1787 4655 1840 4704 alli·

643 4742 757 4804 gaudum
783 4738 797 4794 al
820 4740 876 4788 κίων
898 4743 992 4798 autem,
1017 4756 1030 4787 e
1054 4755 1100 4802 qua
1124 4740 1194 4789 restis
1218 4739 1271 4795 finis
1293 4739 1356 4787 alter
1372 4738 1501 4804 pendebat,
1520 4744 1590 4788 extra
1608 4736 1653 4794 την
1672 4736 1742 4786 δόλον
1761 4766 1792 4775 -
1811 4740 1838 4785 nt

644 4837 681 4871 ree
698 4822 750 4886 ipae
767 4822 875 4886 loquitur
890 4847 924 4859 -
941 4825 976 4871 eet
993 4819 1126 4885 cogitanda.
