4525 5950
914 717 1155 770 11111111111.
1560 701 1622 767 421

443 879 676 950 Demosthenes
698 886 766 970 ipse
789 883 829 949 ad
852 904 966 950 manus
989 888 1056 963 est,
1080 883 1135 950 sed
1158 886 1286 950 etiamsi
1308 888 1458 968 tanquam
1481 883 1572 949 filum
1591 887 1626 949 in

442 985 500 1054 illo
523 987 708 1077 labyrintho
733 988 877 1056 tabulam
899 989 1202 1077 chronographicam
1223 989 1276 1055 rel
1294 988 1451 1068 adhibeas,
1471 988 1523 1056 ve]
1541 995 1627 1057 recte

444 1099 540 1180 atque
568 1095 677 1162 ordine
701 1098 808 1163 omnia
830 1098 984 1162 memoria
1008 1096 1193 1183 complexus
1212 1097 1310 1162 fueris
1334 1131 1376 1144 -
1399 1118 1457 1162 111
1476 1095 1626 1184 pleraque

442 1197 546 1266 latent
575 1201 630 1268 rel
658 1205 781 1269 incerta
810 1208 951 1267 sunt-
975 1208 1082 1268 tamen
1113 1205 1148 1266 in
1178 1200 1316 1289 singulis
1346 1201 1484 1288 pudendi
1507 1223 1625 1268 errores

443 1309 650 1392 pertinaciter
679 1309 897 1375 remanebunt.
930 1306 1037 1374 Veluti
1068 1308 1154 1395 quod
1184 1309 1311 1374 scribit:
1343 1308 1437 1380 αὐτὸς
1469 1309 1541 1390 ὑπὲρ
1572 1313 1625 1373 τοῦ

444 1410 541 1490 δήμου
571 1414 692 1490 θέμενος
722 1416 764 1480 τὰ
796 1410 898 1493 ὅπλου,
931 1413 976 1485 δίς
1006 1414 1062 1490 μὲν
1094 1414 1124 1477 ίν
1149 1415 1266 1494 Σιίμῳ,
1290 1414 1388 1494 τρίτον
1411 1412 1438 1476 δ’
1463 1415 1499 1478 ἕν
1525 1414 1625 1493 αὐτῇ

444 1529 490 1600 τῇ
523 1520 659 1599 πόλει,
691 1523 732 1601 τῷ
763 1522 885 1598 σώματι
916 1522 970 1595 τίςν
1002 1519 1117 1585 εὔνοιαν
1146 1517 1317 1597 ἐνεδείξατο
1341 1529 1378 1601 τῇ
1403 1519 1543 1600 πατρίδι·
1568 1519 1627 1586 hoc

444 1645 598 1710 quorsum
628 1629 804 1713 pertineat,
836 1647 928 1693 nemo
958 1625 1061 1692 dicere
1083 1629 1212 1713 poterit.
1237 1625 1326 1707 Quod
1350 1631 1457 1692 autem
1482 1625 1520 1691 ds
1542 1625 1627 1691 Alci·

442 1729 546 1797 biudis
575 1753 690 1819 genere
721 1734 885 1820 perhibet:
916 1731 1047 1810 λέγεται
1076 1734 1149 1813 πρὸς
1178 1732 1294 1812 πατρὸς
1319 1732 1374 1810 μὶν
1399 1732 1627 1808 Ἀλκμεωνιδῶν

443 1832 540 1916 εἶναι,
572 1838 644 1917 πρὸς
676 1840 707 1904 δὲ
739 1841 852 1920 μητρὸς
879 1839 1061 1917 Ἱππονίκου,
1085 1838 1406 1925 quamfalsumhoc
1430 1835 1627 1924 111118111-

442 1941 574 2031 dingius
604 1944 712 2012 docuit
740 1952 774 2012 et
803 1951 876 2031 poet
905 1944 1131 2033 Spaldingium
1162 1945 1389 2011 Buttmannus.
1414 1944 1451 2009 In
1473 1944 1627 2031 Leptinen

440 2048 546 2134 §115
577 2072 608 2138 p.
632 2051 697 2118 491
729 2051 914 2139 planissime
943 2054 1071 2140 ignorat
1101 2057 1207 2117 orator
1238 2073 1300 2138 quo
1328 2072 1444 2138 genere
1467 2058 1560 2117 natus
1583 2054 1626 2116 sit

440 2154 657 2244 Lysimachus
688 2153 732 2232 είς
763 2165 821 2224 τῶν
852 2159 921 2225 τίτε
945 2160 1116 2239 χρησίμων,
1140 2158 1263 2244 dequo
1288 2158 1380 2235 vide,
1404 2160 1431 2222 si
1454 2159 1537 2223 tanti
1560 2167 1624 2234 est,

440 2284 525 2348 quae
547 2263 711 2351 disputavi
733 2265 845 2332 Meam,
872 2264 958 2330 1899
982 2287 1013 2350 p.
1034 2263 1110 2331 478.
1135 2263 1198 2330 Sed
1216 2267 1250 2329 in
1268 2266 1378 2351 paucis
1397 2284 1519 2329 crassus
1539 2283 1627 2329 error

440 2375 492 2436 est
522 2371 674 2438 Aristocr.
698 2370 801 2456 §205
826 2394 857 2457 p.
882 2369 958 2448 688,
982 2370 1038 2436 ubi
1060 2370 1194 2437 Parium
1216 2369 1375 2436 Miltiadis
1397 2371 1517 2435 crimen
1540 2367 1626 2434 ultro

439 2478 477 2541 in
507 2475 613 2543 filium
644 2478 850 2544 transfertur:
875 2478 1017 2557 Κίμωνα,
1042 2472 1087 2542 ὅτι
1110 2480 1166 2553 τὴν
1189 2475 1314 2556 πάτριον
1337 2477 1517 2552 μετεκίνησε
1541 2490 1626 2540 πολι-

439 2581 530 2647 τείαν
562 2583 744 2662 1Φάὑτοῦ,
772 2583 857 2663 παρὰ
882 2591 961 2663 τρεῖς
985 2585 1042 2660 μὶν
1066 2585 1204 2664 ἀφεῖσαν
1227 2585 1351 2663 ψήφους
1376 2582 1410 2648 τὸ
1434 2585 1478 2658 μίι
1503 2582 1623 2661 θανοίτῳ

440 2687 611 2770 ζημιῶσαι,
642 2690 901 2763 πεντήκοντα
932 2690 1124 2755 τιίλιιντα
1155 2690 1181 2754 δ’
1206 2685 1447 2768 ἐξέπραξαν.
1482 2687 1544 2754 Sed
1580 2709 1626 2752 er·

437 2817 546 2862 rorem
567 2794 780 2864 excusabilem
800 2817 866 2861 esee
886 2795 984 2880 dices,
1004 2818 1104 2882 quum
1124 2796 1200 2862 haec
1220 2794 1298 2862 olim
1316 2795 1398 2861 facta
1418 2796 1625 2880 sintipseque

437 2903 561 2968 scribat
590 2901 821 2969 Demosthenes
849 2901 992 2968 floruisse
1022 2901 1221 2969 Alcibiadem
1252 2900 1624 2976 austrimentis

438 3010 555 3084 ἐκείνην
579 3008 782 3083 εὐδαιμονίαι.
813 3008 863 3075 Ita
885 3015 949 3076 est:
974 3009 1012 3074 ab
1036 3008 1212 3075 Alcibiadis
1235 3010 1402 3094 postremis
1426 3008 1624 3092 temporibus

436 3136 543 3201 usque
575 3114 615 3181 ad
647 3114 767 3181 Midiae
801 3119 1031 3200 accusationem
1063 3117 1204 3201 spatium
1234 3121 1283 3181 est
1310 3135 1469 3180 annorum
1499 3116 1625 3179 circiter

436 3223 624 3308 sexaginta:
656 3241 753 3307 quam
784 3221 881 3287 multi
911 3228 987 3287 sunt
1016 3220 1126 3297 hodie,
1159 3242 1216 3286 nec
1244 3225 1370 3286 tantum
1394 3219 1433 3286 de
1456 3218 1547 3305 plebe
1570 3219 1624 3284 ho-

436 3330 561 3406 mines,
593 3329 648 3414 qui
680 3347 794 3412 parum
824 3333 941 3393 norunt
971 3348 1126 3414 quaenam
1151 3349 1201 3393 res
1224 3329 1257 3392 in
1281 3332 1389 3392 nostra
1411 3328 1514 3412 patria
1536 3331 1623 3392 actae

436 3438 506 3502 sint
529 3436 612 3500 circa
635 3453 756 3499 annum
780 3431 885 3499 18401
910 3433 1030 3500 Verum
1054 3437 1152 3500 misso
1176 3433 1307 3499 Androt.
1331 3431 1404 3518 §15
1428 3454 1458 3519 p.
1485 3430 1561 3508 597,
1585 3431 1623 3497 de

437 3563 503 3628 quo
525 3539 596 3607 loco
618 3540 702 3605 infra
723 3559 833 3626 agam,
859 3540 936 3625 quid
959 3541 1054 3607 facies
1072 3542 1113 3606 iis
1134 3560 1214 3627 quae
1232 3538 1386 3626 leguntur
1404 3537 1530 3624 Leptin.
1550 3536 1621 3621 §41

435 3671 470 3735 p.
491 3644 579 3713 4691
602 3645 772 3734 Epicerdes
796 3645 991 3734 Cyrenaeus,
1016 3648 1055 3719 οίς
1075 3646 1110 3712 τὸ
1129 3648 1281 3727 ψήφισμα
1303 3645 1390 3718 inari
1405 3646 1439 3709 τί
1460 3643 1525 3708 τότ’
1539 3644 1622 3722 αὐτῷ

434 3753 562 3834 γραΦίν
593 3753 648 3834 (cf.
680 3749 774 3838 (lurp.
806 3751 901 3818 Inscr.
926 3754 1024 3819 Attio.
1048 3751 1079 3817 Π
1103 3751 1171 3832 85),
1203 3759 1267 3823 τοῖς
1290 3750 1416 3815 ἁλοῦσιν
1441 3750 1470 3814 ἕν
1494 3750 1622 3831 Σικελίᾳ

438 3866 499 3925 τῶν
528 3864 659 3925 πολιτῶν
689 3858 720 3921 ἓν
749 3857 875 3939 τοιαύτῃ
906 3864 1050 3943 συμφορᾷ
1075 3857 1166 3924 [δοκε
1190 3861 1270 3935 μνᾶς
1294 3858 1404 3922 ἑκατὸν
1426 3856 1477 3921 καὶ
1503 3860 1555 3921 τσῦ
1578 3858 1622 3932 μὴ

436 3968 482 4047 τῷ
513 3966 594 4045 λιμῷ
626 3964 747 4035 ποὶντιις
778 3964 890 4037 αὐτοὺς
925 3966 1085 4030 ἀποθανεῖν
1117 3965 1301 4036 αἰτιώτατος
1331 3966 1469 4040 γέγονεν.
1493 3960 1623 4036 1111111

437 4070 594 4159 Epicerde
625 4071 739 4157 igitur,
763 4068 936 4135 Alcibiadis
958 4072 1059 4156 ipsius
1082 4069 1225 4155 aequali,
1249 4069 1369 4154 ubique
1392 4066 1535 4152 loquitur
1557 4073 1624 4132 tan-

435 4198 536 4264 quam
566 4178 754 4262 superstite;
790 4196 848 4241 nec
879 4177 1052 4262 cogitavit,
1076 4177 1104 4240 si
1127 4196 1200 4242 vere
1223 4175 1285 4240 hoc
1306 4172 1493 4239 beneficium
1516 4171 1555 4237 ad
1577 4172 1624 4239 Si·

433 4282 544 4352 culam
573 4280 810 4368 expeditionem
842 4279 1022 4359 retulisset,
1053 4279 1241 4367 Epicerdem
1272 4286 1348 4345 tunc
1372 4282 1427 4346 vix
1450 4281 1624 4365 nonaginta

434 4390 530 4457 annis
559 4409 626 4454 esse
656 4408 749 4473 posse
778 4390 939 4453 minorem
946 4408 955 4465 ;
986 4387 1041 4453 sed
1064 4408 1102 4453 ex
1125 4388 1342 4473 inscriptionis
1366 4405 1463 4471 quam
1485 4384 1624 4451 indicari

434 4494 608 4561 literatura
629 4492 752 4579 liquido
776 4499 907 4580 apparet
929 4492 1053 4578 aliquot
1077 4495 1167 4559 annis
1186 4497 1259 4580 post
1276 4491 1419 4557 floruisse
1438 4490 1623 4576 Epicerdem

434 4598 547 4667 illum.
578 4598 700 4666 Locum
731 4602 829 4665 etiam
859 4621 898 4666 er
922 4598 1122 4665 Timocrates
1145 4600 1268 4667 addam.
1293 4596 1369 4662 'Pras
1392 4599 1453 4661 viri
1476 4596 1623 4673 fuerunt,

438 4706 642 4784 Androtion,
667 4704 835 4772 Glaucetas
858 4712 890 4771 et
912 4704 1101 4792 Melanopus
1124 4708 1180 4792 qui
1201 4704 1302 4792 legati
1325 4704 1417 4768 missi
1439 4704 1473 4767 in
1496 4700 1622 4769 0111111

438 4813 589 4885 πλέοντες
610 4814 640 4877 ἐν
660 4812 783 4893 τριήρει,
804 4811 1015 4893 περιπεσόντες
1037 4813 1268 4891 Ναυκρατίταις
1291 4811 1450 4889 ἀνθρώποις
1467 4807 1622 4887 ἐμπόροις,
1727 4883 1730 4888 .

1444 4929 1476 4978 28
