4525 5950
537 661 603 726 140
1062 680 1206 727 ratam.

541 846 692 930 deataque
713 845 823 909 habito
845 849 987 910 exercitu
1010 866 1155 932 procaces
1178 845 1261 911 lixae
1284 864 1376 921 sunt:
1400 868 1498 931 quarn
1521 847 1724 913 lascivoseos

536 952 636 1016 fuisse
668 952 833 1016 credams
864 956 898 1016 in
927 951 1099 1016 l'itelliaua
1128 953 1222 1016 turba
1252 951 1332 1016 ista!
1363 952 1444 1018 tide
1471 974 1572 1038 quan
1593 957 1724 1040 egregie

535 1079 639 1135 nnnc,
663 1062 697 1122 in
720 1058 857 1123 eundem
881 1080 1022 1135 sensum,
1045 1059 1124 1124 haec
1147 1059 1322 1124 addantur:
1346 1076 1417 1134 ,tut
1438 1059 1625 1146 legatorum
1648 1064 1725 1125 ami·

533 1187 708 1250 corumque
729 1169 919 1243 comitatus,
941 1165 1090 1231 inhabilis
1112 1166 1153 1230 ad
1177 1166 1370 1251 parendum,
1393 1170 1511 1230 ctione
1535 1191 1649 1230 rnna
1673 1191 1726 1231 aa

533 1274 631 1336 destris
655 1273 838 1354 reperetur.''
860 1272 950 1337 Idem
972 1290 1020 1337 est
1043 1276 1203 1338 exercitus
1226 1275 1370 1336 namu
1390 1292 1423 1337 et
1446 1297 1577 1337 mm.
1605 1275 1726 1340 Adver-

532 1380 624 1443 bium
643 1402 741 1442 mere
759 1380 797 1444 de
816 1379 978 1445 militibus
994 1380 1176 1444 adhibitum
1196 1380 1319 1466 legitur
1333 1384 1372 1444 Δ.
1385 1379 1428 1444 11
1432 1381 1474 1445 ,2
1494 1403 1567 1445 rcur
1577 1381 1727 1446 'liberius

532 1487 677 1551 cobortes
706 1487 841 1551 urbanas
870 1490 904 1550 in
929 1509 992 1551 una
1013 1504 1117 1551 castra
1140 1491 1333 1551 contraxerit
1356 1487 1527 1551 traditur:
1555 1489 1727 1564 ,Praeten-

532 1592 627 1657 debat
661 1591 808 1657 lascivire
843 1592 982 1657 militem
1012 1593 1198 1669 diductum
1231 1597 1259 1657 si
1290 1594 1367 1678 quid
1397 1595 1546 1658 subitum
1574 1599 1727 1682 ingruat,

531 1702 652 1763 maiore
673 1697 795 1763 auxilio
818 1702 938 1784 pariter
959 1700 1142 1777 subveniri;
1167 1718 1199 1764 et
1217 1704 1359 1764 severius
1378 1718 1524 1776 muros,
1548 1705 1577 1765 si
1599 1701 1727 1767 vallum

531 1818 691 1870 statuatur
713 1805 823 1890 procul
847 1806 935 1870 urbis
958 1805 1150 1872 illecebris.”

577 1910 791 1998 opponuntur
812 1916 897 1977 iuter
918 1934 953 1977 se
975 1912 1116 1976 lascivire
1138 1926 1170 1977 et
1194 1936 1293 1976 cerere
1314 1936 1411 1994 aym.

577 2130 621 2196 H„
652 2130 694 2207 ll,
718 2130 773 2196 88.
804 2131 945 2196 Vixdum
976 2133 1089 2197 urbem
1112 2136 1312 2198 intraverant
1335 2138 1423 2199 saevi
1445 2137 1501 2198 isti
1526 2134 1658 2219 ferique
1681 2133 1730 2198 Vi

532 2235 615 2302 tellii
638 2236 760 2302 milites
784 2250 815 2303 et
838 2242 904 2302 iam
928 2237 1048 2322 proelia
1072 2239 1153 2303 fiunt
1177 2239 1351 2324 caedesque
1373 2243 1515 2304 civium:

577 2366 674 2421 „cum
706 2345 834 2409 turbam
866 2344 977 2431 populi
999 2366 1056 2431 per
1079 2349 1242 2411 inscitiam
1265 2368 1381 2431 parurn
1405 2351 1565 2424 vitarent,
1590 2364 1653 2411 aut
1677 2349 1729 2411 ubi

532 2449 656 2515 lubrico
678 2453 749 2516 riae
774 2449 825 2515 vel
848 2472 981 2515 occursu
1001 2450 1139 2515 alicuius
1160 2452 1386 2537 procidissent,
1408 2452 1446 2517 ad
1466 2455 1636 2538 iurgium,
1658 2475 1730 2517 mox

533 2557 573 2622 ad
597 2578 710 2622 manus
733 2570 765 2622 et
789 2558 909 2622 ferrum
934 2558 1141 2622 transirent.”

577 2664 648 2728 ll'on
678 2663 759 2728 duae
782 2685 833 2728 res
855 2665 907 2728 hic
931 2667 1016 2729 iuter
1039 2686 1072 2729 se
1095 2674 1304 2747 apponantur:
1328 2664 1428 2730 altera
1450 2667 1539 2729 enim
1563 2686 1605 2729 ex
1631 2665 1729 2731 altera

532 2773 707 2834 necessario
730 2774 884 2854 sequitur.
908 2768 991 2836 Cum
1012 2771 1137 2836 barbari
1159 2773 1286 2836 turbam
1306 2771 1416 2857 populi
1436 2792 1551 2855 parum
1573 2775 1728 2848 vitarent,

534 2877 602 2941 fieri
644 2898 705 2941 non
739 2885 864 2961 poterat
898 2881 975 2963 quin
1010 2877 1187 2943 identidem
1222 2878 1320 2943 alicui
1354 2881 1418 2942 civi
1454 2881 1728 2964 impingerentur.

535 2984 708 3049 Accedebat
740 2983 803 3048 alia
833 2984 1021 3069 procedendi
1054 3006 1166 3050 causa:
1193 2989 1264 3050 viae
1287 2985 1457 3050 lubricum.
1482 2985 1546 3049 Pro
1570 2995 1728 3073 asterga

535 3098 564 3154 et
587 3090 759 3178 legendum
783 3112 902 3156 censeo.

577 3302 621 3368 H.
645 3302 686 3380 11,
712 3302 765 3367 99.
798 3304 925 3369 Nefaria
956 3304 1136 3389 proditione
1161 3325 1179 3369 a
1204 3302 1335 3369 Vitellio
1359 3303 1399 3367 ad
1422 3302 1594 3369 Flavianos
1622 3306 1728 3372 delicit

534 3406 684 3476 maone:

580 3513 770 3592 „Credidere
790 3516 932 3601 plerique
952 3516 1057 3582 Flavii
1077 3516 1188 3581 Sabini
1206 3515 1349 3581 consiliis
1369 3536 1556 3580 concussam
1569 3515 1728 3585 Caecinae

535 3630 687 3698 mentem,
712 3625 859 3687 ministro
882 3644 1066 3688 sermonum
1089 3623 1209 3688 Rubrio
1234 3620 1345 3688 Gallo:
1370 3631 1437 3687 rata
1456 3623 1541 3708 apud
1560 3623 1729 3711 Vespasia-

535 3750 614 3793 num
646 3730 711 3794 fore
742 3739 834 3814 pacta
866 3733 1079 3803 transitionis;
1113 3729 1212 3794 simul
1243 3729 1390 3794 odiorum
1420 3729 1628 3815 invidiaeque
1653 3755 1727 3820 erga

533 3835 668 3900 Fabium
700 3834 865 3899 Valentem
897 3836 1135 3912 admouebatur,
1168 3847 1205 3900 ut
1228 3840 1333 3921 impar
1355 3835 1440 3921 apud
1464 3834 1639 3902 Vitellium
1659 3861 1728 3927 gra

534 3945 614 4006 tiam
638 3944 784 4025 viresque
808 3941 891 4027 apud
915 3964 1035 4007 novum
1059 3945 1237 4027 principem
1261 3942 1418 4027 pararet.’'

579 4047 662 4111 Mire
693 4048 888 4112 conformata
917 4061 965 4111 est
995 4049 1072 4113 haec
1097 4046 1271 4112 sententie!
1296 4049 1443 4111 Primum
1467 4050 1529 4111 ista
1553 4049 1667 4115 subita
1690 4049 1727 4115 ad

534 4157 698 4239 passivum
728 4156 860 4218 verbum
893 4158 1078 4219 transitione
1107 4156 1344 4233 (admonebatur)
1376 4174 1476 4238 neque
1501 4158 1727 4238 perspicuitati

534 4281 634 4343 neque
669 4259 844 4346 elegantiae
880 4260 1068 4324 consulitur.
1112 4259 1190 4339 Quis
1225 4264 1311 4324 enim
1346 4256 1514 4325 Caecinam
1550 4258 1729 4328 admouet?

536 4365 658 4450 Nempe
688 4365 773 4430 idern
805 4366 945 4430 Rubrius
975 4364 1104 4443 (lellus,
1129 4365 1168 4430 de
1192 4387 1253 4451 quo
1277 4370 1310 4429 in
1334 4364 1596 4450 praecedentibus
1623 4389 1728 4433 sermo

536 4485 593 4538 est.
626 4472 687 4537 Sed
719 4474 777 4537 hoc
807 4473 917 4537 durius
941 4473 1025 4557 quod
1048 4475 1226 4536 admonendi
1248 4474 1383 4537 verbum
1406 4471 1457 4535 hic
1481 4474 1647 4556 primum:
1676 4478 1728 4552 ,in

535 4582 723 4644 memoriam
761 4579 929 4644 revocare’'
966 4578 1143 4665 significat,
1177 4578 1290 4643 deinde
1326 4577 1541 4655 ,adhortari”.
1586 4577 1729 4667 Utrique

535 4685 621 4750 malo
645 4685 836 4762 medeberis,
868 4687 895 4749 si
919 4685 1070 4750 excidisse
1094 4707 1209 4770 paucas
1232 4684 1377 4749 literulas
1401 4692 1539 4760 statues,
1564 4683 1729 4753 Tacitum·

536 4814 596 4878 que
621 4813 676 4877 pro
701 4794 911 4857 admonebatur
934 4794 1112 4876 scripsisse:
1137 4794 1295 4856 3111303333
1316 4792 1500 4856 hortabatur.
