4525 5950
631 671 697 738 272
1104 690 1355 742 aarenoraanne.

681 854 734 920 Va.
761 851 836 920 117.
861 855 995 932 σέβομαι
1019 854 1224 937 κλύζουσα
1248 857 1357 932 σεμνὸν

855 962 943 1037 νίνου
968 961 1197 1042 ὀλβίζουσα
1221 968 1346 1035 Λατοῦς

852 1065 1003 1143 Ἄρτεμιν
1028 1070 1227 1146 ἀπειρολεχῆ.

641 1171 744 1239 Miror
768 1171 942 1257 asyndeton
966 1169 1118 1254 κλῄζουσα
1144 1172 1324 1250 ὀλβίζουσα.
1347 1173 1436 1239 Num
1459 1175 1541 1240 forte
1563 1175 1647 1240 fnit:

1237 1281 1347 1354 σεμνθν

859 1384 947 1462 γόνον
971 1383 1013 1448 θλ
1022 1384 1108 1462 βκθ
1117 1409 1132 1448 ν
1155 1394 1222 1465 τε)
1247 1390 1371 1457 Λατοῦς
1396 1384 1482 1451 arti

677 1565 732 1632 Vs.
758 1566 833 1632 120.
857 1574 1000 1644 Marci
1023 1591 1084 1646 σε,
1110 1567 1323 1647 κροιίματιί
1346 1571 1376 1632 τ’
1400 1568 1544 1641 Ἀσιάδος

854 1673 922 1738 τοδί
947 1673 1123 1753 παράρυθμ’
1147 1673 1282 1753 εὔρυθμα
1308 1676 1470 1756 Φρυγίαν-θ

855 1778 1027 1855 δινειίματα
1052 1781 1199 1861 Χαρίτων.

631 1885 729 1951 Recte
760 1886 858 1951 verba
888 1908 950 1951 non
982 1892 1068 1951 certa
1097 1889 1220 1951 ratione
1251 1884 1425 1964 sanabilia,
1456 1893 1495 1952 nt
1516 1890 1549 1951 in
1577 1886 1677 1952 libris
1704 1897 1836 1966 extant,

627 1990 729 2057 edidit
747 1990 937 2057 vLeenwen.
957 1991 1027 2057 Hoo
1048 1997 1156 2057 tamen
1175 1994 1355 2077 perspicere
1375 1992 1459 2056 mihi
1479 1993 1590 2058 videor
1610 1997 1727 2079 prima
1741 1997 1837 2061 verba

629 2104 725 2162 Λατῶ
748 2121 783 2160 τε
808 2117 876 2162 esse
899 2095 1160 2184 dittographema
1182 2097 1356 2163 eorundem
1380 2100 1413 2162 in
1437 2119 1484 2164 vs.
1512 2099 1575 2164 123

854 2203 992 2280 σέβομαι
1017 2209 1136 2268 Aurei
1160 2205 1190 2266 τ’
1212 2204 1356 2268 ἄνασσαν

628 2313 661 2373 et
691 2307 769 2373 olim
799 2311 835 2373 in
864 2307 979 2375 laouna
1009 2311 1108 2376 fuisse
1140 2312 1372 2395 imperativum
1396 2310 1596 2396 iungendum
1624 2333 1708 2377 oum
1736 2315 1837 2380 subet.

631 2416 809 2493 κρούματα,
833 2436 865 2480 v.
890 2438 916 2481 ο.

856 2520 1086 2599 (apodritas)
1111 2521 1307 2599 κρούματ·
1332 2517 1531 2591 Ἀσιοίδος.

629 2622 680 2691 Of.
705 2625 804 2689 ἄεισον
827 2647 876 2692 vs.
903 2625 979 2690 116.

674 2805 727 2872 Va.
753 2806 830 2872 200.
855 2807 916 2873 ίδοιί
940 2832 979 2886 γε
1005 2806 1206 2884 ,,κλίττειν”.
1232 2810 1273 2882 νίρ
1299 2808 1377 2870 Δία
1400 2808 1551 2883 βινεῖσθαι
1575 2808 1633 2882 μὲν
1660 2806 1718 2875 οὖν

855 2914 936 2993 ιίσθιρ
961 2917 977 2987 ἦ
1003 2913 1159 2995 τρθφασίς
1184 2936 1241 2992 γε,
1266 2913 1299 2987 alr
1325 2913 1386 2991 Δί’,
1411 2911 1534 2983 είκθσοιο
1559 2913 1638 2992 ἔχει.

628 3017 673 3082 Ut
705 3017 805 3083 altaro
836 3018 906 3084 looo
939 3022 972 3093 νίρ
1005 3021 1069 3083 Δία
1101 3022 1225 3104 optime
1258 3019 1427 3095 sehabet,
1450 3022 1625 3105 itapriore
1651 3021 1776 3091 dubito
1801 3048 1839 3091 an

626 3127 746 3190 reatina
769 3124 914 3212 legatur:

854 3231 916 3296 ίδοιί
941 3255 981 3309 γε
1007 3230 1207 3309 „ualerent
1232 3232 1288 3303 μὰ
1313 3233 1408 3308 Δία,
1432 3231 1583 3306 βινεῖσθαι
1610 3234 1674 3306 μὲν
1700 3234 1754 3301 οὖν

628 3334 744 3399 adlinet
760 3336 895 3421 furori!
918 3359 977 3401 ιιυιι
1001 3337 1048 3399 ita
1064 3359 1124 3419 per
1147 3337 1256 3415 Ιυιινιιι,
1280 3336 1338 3399 imo
1357 3336 1533 3418 ειιθυρίίυσθ.
1552 3336 1734 3407 Facillime
1754 3347 1840 3430 prior

629 3462 739 3507 versus
763 3464 801 3507 ex
826 3445 998 3526 posteriore
1022 3444 1129 3527 potuit
1152 3444 1323 3527 corrumpi.

673 3636 726 3702 Va.
752 3636 829 3703 232.
854 3638 931 3713 οίμοι
957 3636 1165 3715 κακοδαίμων,
1188 3640 1280 3716 ψιλὸς
1304 3635 1351 3703 αὖ
1375 3638 1617 3716 στρατεύσομαι.

628 3744 808 3810 vLeenwen
840 3744 879 3809 de
910 3744 1073 3831 Blaydssii
1104 3746 1284 3809 coniectura
1315 3764 1371 3827 pro
1402 3741 1442 3808 αὖ
1472 3743 1559 3808 dedit
1582 3738 1645 3822 οὖν,
1675 3749 1834 3816 adnotans

625 3856 735 3915 tamen
765 3870 826 3926 „an
850 3847 927 3913 εἷθ’
965 3849 1163 3936 Diligentius
1187 3851 1214 3914 si
1239 3869 1326 3913 meas
1349 3852 1455 3933 copias
1478 3858 1708 3934 perscrutatus
1734 3871 1831 3931 esset,

628 3956 760 4021 vidisset
788 3958 886 4020 etiam
910 3955 991 4020 hano
1014 3957 1260 4031 correctionem,
1284 3974 1381 4040 qnam
1404 3953 1560 4039 hodieque
1584 3959 1757 4041 praefero,
1782 3962 1833 4026 dn·

631 4061 710 4126 dum
734 4083 753 4126 a
777 4082 828 4126 me
851 4067 1038 4146 occupatam
1062 4081 1140 4126 esse.

674 4243 727 4309 Vs.
753 4243 830 4308 240.
856 4246 938 4320 τλιίν
961 4247 994 4322 γ’
1019 4240 1063 4307 θτι
1090 4242 1241 4319 κοίομαι
1266 4248 1300 4307 at
1324 4241 1390 4307 280
1413 4243 1631 4319 καομένων.

631 4348 757 4415 Veteris
791 4350 935 4414 Atthidie
968 4370 1037 4414 esse
1071 4350 1223 4424 καίειν,
1259 4369 1321 4413 non
1358 4348 1442 4411 κοίειν
1481 4348 1594 4414 doosnt
1628 4353 1740 4420 tituli.
1785 4354 1830 4423 cf.

635 4455 863 4521 Meisterhans³
887 4478 917 4540 p.
945 4454 1021 4531 178,
1035 4453 1088 4532 24,
1113 4460 1151 4518 nt
1174 4452 1311 4524 αίετθς
1336 4461 1395 4518 eto.
1421 4453 1510 4518 Idem
1534 4454 1643 4520 valere
1669 4459 1711 4524 de
1735 4463 1830 4527 verbo

631 4564 749 4626 κλαίειν
785 4563 974 4646 eoepioeris,
1004 4559 1081 4625 licet
1111 4560 1278 4644 hueusque
1311 4559 1414 4624 desint
1445 4558 1589 4644 lapidum
1622 4568 1830 4644 testimonia,

636 4688 719 4751 qnae
749 4667 911 4752 aliquanto
942 4667 1084 4731 firmiora
1115 4674 1208 4743 sant,
1241 4672 1279 4730 nt
1308 4666 1454 4741 arbitror,
1479 4687 1576 4750 quam
1600 4668 1753 4737 oodioum
1779 4685 1831 4738 ant

630 4793 773 4837 sororum
797 4774 1092 4858 grammaticorum.
