4525 5950
649 679 715 745 306
922 656 925 661 ’
1125 697 1366 747 annosorum.

651 862 734 924 κατά
755 862 797 924 τοὶ
816 866 932 938 πρῶτα.
952 860 1022 925 Νου
1041 862 1151 924 minus
1171 859 1311 925 notabile
1331 867 1380 925 est
1398 860 1481 925 Plat.
1502 860 1605 948 Legg.
1618 863 1667 927 IX
1679 884 1712 947 p.
1727 860 1845 928 867A:

650 965 664 1029 ύ
697 967 754 1042 μὲν
785 966 836 1030 τὸν
867 965 958 1041 dublo
990 965 1162 1044 Φυλάττυν
1194 966 1247 1029 καὶ
1272 968 1324 1030 ούιι
1347 967 1389 1029 ἐκ
1413 972 1482 1030 τοῦ
1504 974 1770 1047 παραχρῆμα
1794 967 1845 1044 ἐξ·

652 1073 693 1136 αι’
701 1078 801 1150 Φνιις
827 1070 915 1135 ἀλλά
938 1073 1010 1147 μετ’
1035 1071 1203 1148 ἐπιβουλῆς
1228 1069 1329 1149 ύςεροι
1353 1073 1450 1151 χρόνῳ
1473 1072 1695 1150 τιμωρούμενος
1722 1073 1844 1153 ἑκουσίῳ

652 1177 755 1260 ἔοικεν,
787 1177 800 1240 ὁ
829 1178 855 1241 δ’
879 1176 1076 1252 ἀταμιεύτως
1107 1184 1178 1248 ταῖς
1211 1179 1319 1255 ὀργαῖς
1349 1177 1401 1241 ιια1
1426 1179 1467 1242 εἰι
1491 1182 1559 1242 τού
1584 1184 1843 1259 παραχρῆμα

652 1283 766 1353 εύύύς
799 1282 953 1363 χρώμενος
985 1283 1239 1362 ἀπροβουλεύτως
1272 1279 1370 1358 ύμοιος
1403 1285 1459 1357 μὲν
1490 1283 1640 1362 ἀιιουτύιρ,
1665 1284 1731 1349 ιιτέ.
1757 1282 1842 1349 Alibi

652 1395 778 1466 autem,
811 1387 901 1453 loeus
931 1387 1053 1474 legitur
1076 1387 1197 1474 Theag.
1224 1410 1252 1472 p.
1280 1387 1345 1452 129
1357 1388 1395 1466 11,
1420 1414 1469 1453 τα
1477 1390 1529 1468 χὺ
1555 1393 1617 1469 γὰρ
1641 1399 1840 1470 παραχρῆμα

653 1494 838 1571 ἐπιδιδόασι,
869 1492 982 1558 malim
1010 1496 1169 1580 corrigere
1193 1495 1294 1557 πολὺ
1318 1496 1400 1572 pap,
1426 1498 1522 1560 sicuti
1544 1495 1612 1560 illic
1634 1495 1723 1561 haud
1747 1494 1842 1561 semel

650 1603 824 1667 invenitur.
864 1599 947 1678 Quid
981 1605 1092 1664 autem
1122 1600 1217 1665 faciet
1246 1598 1387 1666 (lobetus
1417 1598 1539 1667 Cratini
1569 1601 1730 1668 versiculo
1761 1600 1842 1687 apud

652 1707 856 1772 Athenaeum
878 1704 921 1770 IV
943 1727 974 1789 p.
1001 1704 1123 1771 lusu:

788 1813 828 1882 ὥς
852 1808 884 1876 εύ
910 1813 960 1875 καὶ
984 1812 1147 1890 ταχέως
1172 1814 1347 1876 ἀπετίσατο
1371 1813 1423 1876 καὶ
1448 1821 1720 1894 παραχρῆμα.

652 1918 781 1984 Scilicet
811 1926 1008 1998 παραχρῆμα
1032 1939 1072 1982 ex
1094 1939 1156 1982 usu
1181 1921 1366 2003 aequiorum
1390 1930 1565 1985 evanuerat
1587 1919 1725 2004 indeque
1749 1922 1843 1983 inter·

651 2028 817 2110 pretantur
847 2021 931 2107 quod
953 2021 1074 2108 vulgus
1097 2025 1205 2087 minus
1229 2022 1450 2110 intelligebat:
1475 2023 1553 2109 quid
1575 2029 1684 2089 antem
1710 2027 1738 2089 si
1761 2023 1842 2109 apud

559 2184 566 2196 .
651 2129 725 2194 illos
753 2132 839 2213 ipsos
869 2137 1065 2207 παραχρῆμα
1095 2131 1355 2214 interpretationi
1377 2128 1532 2194 inserviti
1556 2127 1605 2196 Of.
1628 2128 1735 2195 Schcl.
1761 2128 1842 2194 Plat.

653 2232 753 2319 Gorg.
778 2231 900 2300 4590:
926 2235 1059 2298 αὐτίκα·
1084 2235 1190 2304 εύύύυς
1210 2235 1263 2298 καὶ
1284 2243 1492 2313 παραχρῆμα.
1517 2234 1601 2300 Sunt
1619 2234 1682 2300 alia
1702 2234 1842 2322 plurima

653 2361 733 2426 quae
763 2342 920 2404 miramur
949 2360 1007 2404 nec
1030 2344 1137 2404 tamen
1160 2339 1313 2405 debemus
1336 2339 1524 2419 sollicitare,
1549 2339 1652 2405 veluti
1675 2339 1763 2425 apud
1787 2339 1843 2405 De

653 2445 853 2511 mosthenem
872 2450 921 2509 est
940 2445 1020 2526 τάχ·
1036 2443 1074 2508 ἀν
1095 2444 1164 2514 ἴσως
1185 2444 1276 2530 Lept.
1297 2447 1314 2529 6
1330 2445 1371 2509 18
1383 2467 1414 2531 p.
1429 2445 1505 2524 462,
1526 2446 1607 2511 Mid.
1622 2444 1718 2530 6191
1733 2468 1764 2532 p.
1779 2442 1842 2511 576

653 2559 686 2617 et
710 2550 862 2636 Stephan.
886 2551 901 2615 1
925 2552 943 2634 6
964 2550 1007 2616 83
1031 2573 1061 2637 p.
1089 2550 1176 2615 1126
1200 2558 1233 2616 et
1255 2553 1333 2630 τάχ·
1357 2552 1395 2616 οἰν
1419 2553 1443 2615 εἰ
1468 2552 1556 2631 τύχοι
1582 2553 1738 2617 Aristocr.
1762 2553 1781 2635 §
1802 2549 1843 2615 56

653 2680 684 2744 p.
708 2656 774 2722 638
798 2662 830 2722 et
853 2656 949 2741 6143
973 2679 1004 2742 p.
1031 2654 1106 2733 667,
1128 2657 1266 2722 Timocr.
1287 2656 1360 2740 636
1378 2680 1409 2742 p.
1426 2656 1488 2722 711
1511 2664 1543 2722 et
1562 2679 1609 2743 pr.
1624 2655 1842 2741 Phorm.§55

653 2785 684 2849 p.
709 2762 785 2829 961.
820 2762 900 2827 Vide
931 2766 1031 2828 etiam
1054 2762 1236 2828 chraeum
1260 2767 1294 2827 in
1318 2763 1509 2828 Αύυοοιοοιῖι
1530 2787 1561 2849 p.
1588 2763 1665 2840 465,
1688 2766 1843 2848 quicum

653 2868 717 2933 alia
745 2867 890 2933 laudavit
921 2875 993 2933 tum
1024 2870 1119 2933 αὐτοῦ
1153 2870 1219 2933 ἐκεῖ
1246 2891 1286 2934 ex
1316 2869 1416 2934 Thuc.
1449 2869 1519 2934 VII.
1553 2868 1604 2934 16.
1638 2869 1724 2948 Quid
1748 2872 1776 2933 si
1800 2878 1845 2933 ter

653 2974 738 3040 idem
771 2971 909 3040 dicitur?
941 2975 1105 3060 Aristoph.
1130 2976 1216 3041 Nub.
1242 2997 1287 3041 vs.
1314 2975 1398 3041 975:
1423 2971 1480 3040 ε1τ·
1505 2971 1551 3040 αὖ
1575 2977 1706 3040 πάλιν
1731 2971 1844 3046 αὖθις

654 3082 836 3157 ἀνιςάμενον
858 3079 1023 3160 ξυμψιῑται
1048 3087 1080 3145 et
1099 3080 1182 3145 illud
1203 3080 1299 3144 πάλιν
1319 3078 1400 3152 αὖθις
1423 3077 1466 3145 αὖ
1485 3085 1619 3147 recurrit
1640 3081 1740 3167 soph.
1760 3079 1844 3146 Phil.

656 3186 731 3265 952,
756 3186 831 3252 Oed.
858 3185 966 3253 Colon.
993 3186 1090 3264 1418,
1115 3187 1227 3272 Eurip.
1250 3186 1363 3251 Helen.
1390 3186 1466 3263 941,
1491 3187 1568 3251 alibi
1592 3188 1736 3252 sortasse.

700 3404 782 3490 650
806 3427 836 3491 p.
864 3404 948 3469 356:
979 3404 1214 3477 ἀπεληλυθότων
1246 3403 1278 3468 δὲ
1312 3413 1370 3468 τῶν
1395 3404 1646 3480 Λακεδαιμονάυν
1670 3407 1739 3470 καὶ
1763 3431 1846 3484 προ-

655 3511 886 3592 „canescet
917 3514 971 3583 rto
1004 3510 1140 3584 ἀπύτην.
1173 3509 1341 3596 Significat
1373 3512 1431 3576 hoc
1455 3510 1632 3576 secundum
1656 3512 1845 3577 Reiskium:

655 3618 789 3702 quaracla
825 3639 849 3681 s.
886 3617 1023 3701 pecuniam
1050 3618 1298 3697 promeruissent.
1334 3615 1484 3681 Alterum
1510 3616 1592 3681 illud
1623 3618 1709 3701 quod
1740 3622 1847 3684 verius

655 3729 721 3799 est,
753 3730 791 3787 ut
820 3723 1021 3787 obtineamus
1053 3723 1209 3786 scribam:
1244 3723 1391 3799 καίπερ
1421 3723 1665 3804 ᾐσθημένων.
1689 3722 1845 3808 (16677

656 3851 687 3913 p.
713 3826 796 3892 365:
822 3829 924 3901 tecet
950 3828 975 3890 δ’
1002 3823 1069 3900 ἧκεν
1094 3829 1135 3899 εἷς
1163 3829 1287 3906 Πύλας,
1311 3830 1336 3893 oi
1361 3827 1392 3891 ll
1416 3827 1655 3904 Λακεδαιμόνιοι
1675 3830 1848 3908 αἱούύμενοι

655 3936 710 4008 τὴν
735 3936 853 4014 ἐνέδραν
877 3935 1090 4014 ὑπεχώρησαν.

702 4137 775 4222 653
799 4162 830 4224 p.
857 4136 940 4202 358:
965 4140 1095 4215 ἡγοῦντο
1119 4136 1339 4224 (Philippum)
1363 4138 1500 4203 οὐδέποτ’
1524 4139 1562 4203 ἀν
1586 4139 1654 4210 τούς
1679 4139 1716 4217 γ’
1736 4142 1850 4222 [utn-

657 4246 777 4308 ναίων
800 4244 1011 4327 πρέσβεις]
1032 4244 1206 4315 Ἀθηναίους
1230 4242 1397 4319 ἐξαπατᾶν
1417 4252 1584 4320 τολμῆσαι.
1609 4244 1667 4309 Fet
1686 4247 1722 4309 in
1741 4248 1851 4330 paucis

657 4350 785 4414 evidens
808 4348 1023 4433 interpolatio.

702 4569 720 4651 6
741 4566 783 4632 59
807 4590 838 4653 p.
865 4567 949 4633 359:
978 4569 1064 4638 εἷκάς
1085 4565 1104 4648 ρ*
1124 4568 1291 4644 cloccae
1312 4569 1456 4632 τυύέτύαι
1477 4570 1546 4641 τοὺς
1568 4530 1695 4641 deniae
1715 4572 1757 4635 τά
1779 4573 1853 4650 παρ’

659 4672 751 4748 ὑμῶν.
776 4673 917 4739 Pluralis
940 4695 1097 4737 numerus
1120 4673 1184 4737 huc
1208 4677 1315 4738 minue
1339 4674 1472 4759 quadrat
1491 4681 1524 4739 et
1542 4675 1645 4740 malo:
1669 4679 1853 4751 τίθεμαι,

658 4776 707 4844 Of.
743 4781 884 4865 Aristog.
919 4779 934 4843 1
966 4778 1047 4862 643
1079 4801 1111 4863 p.
1138 4779 1216 4844 783:
1249 4788 1306 4844 τῶν
1341 4779 1397 4857 μὲν
1422 4775 1471 4843 οὖν
1494 4784 1525 4844 ἐν
1548 4783 1589 4858 τῷ
1613 4780 1780 4861 diaconales
1804 4788 1854 4847 νῦν
