4525 5950
915 676 1165 726 snrsrorasnns.
1570 653 1634 721 271

442 843 569 909 facilius
593 849 657 921 est,
683 865 719 908 ea
743 843 839 907 verba
862 845 997 908 minime
1023 842 1169 917 „laetum
1188 847 1221 907 at
1239 840 1376 906 alacrem
1397 840 1565 905 animum’'
1584 838 1639 905 sed

444 956 555 1014 contra
579 952 704 1014 tristem
729 969 764 1013 ac
788 948 964 1013 demissum
987 956 1019 1012 at
1043 969 1140 1033 paene
1165 947 1412 1032 despondentem
1436 949 1637 1031 exprimunt,

444 1076 503 1119 uec
536 1054 624 1119 aliud
659 1054 837 1140 significare
869 1054 1019 1117 videntur
1047 1073 1161 1138 quam:
1198 1053 1307 1128 ,Num
1338 1073 1494 1137 umquam
1525 1074 1563 1117 ex
1587 1053 1637 1115 his

443 1168 514 1225 tam
544 1160 699 1245 gravibus
731 1158 886 1224 molestiis
917 1158 1115 1246 emergam’,
1147 1161 1193 1223 ita
1224 1165 1261 1222 ut
1289 1181 1352 1222 non
1384 1165 1451 1223 tam
1483 1157 1593 1243 procul
1618 1178 1636 1222 a

443 1270 601 1331 sententia
630 1268 824 1331 aberraverit
857 1266 894 1330 ad
926 1266 958 1330 b.
982 1265 1004 1330 l.
1037 1264 1207 1330 scholiasta
1235 1286 1332 1350 quam
1356 1265 1534 1329 vbeeuwen
1557 1266 1638 1329 arbi·

444 1379 558 1449 tratur,
579 1371 654 1437 licet
674 1394 734 1436 non
756 1374 896 1451 χειμῶνα
918 1377 1171 1456 (tempestatem)
1192 1377 1303 1449 κακῶν,
1324 1370 1378 1436 sed
1396 1391 1506 1436 veram
1518 1371 1638 1433 hiemem

442 1481 583 1564 imagini
618 1480 746 1543 subesse
777 1480 970 1542 existimem.
1007 1478 1171 1562 Ecquando
1202 1500 1253 1540 aar
1283 1477 1467 1559 apparebit?
1500 1477 1639 1563 figurato

444 1584 568 1648 dictum
598 1606 654 1669 pro
684 1585 889 1667 Numquamne
919 1582 1050 1645 miseriis
1080 1582 1253 1646 liberator?
1285 1582 1362 1666 quid
1391 1603 1506 1667 quaeso
1530 1583 1639 1647 absoni

443 1689 540 1754 habet
571 1695 628 1754 aut
659 1686 809 1753 absurdi?
845 1687 909 1751 Nec
941 1708 1016 1751 vcro
1050 1688 1149 1753 verba
1181 1709 1227 1752 vs.
1261 1687 1280 1752 3
1314 1683 1371 1751 οἶόν
1403 1712 1454 1764 τε,
1488 1689 1555 1765 πρὶν
1586 1689 1637 1750 τὸν

444 1801 568 1864 σπλῆνα
595 1796 702 1874 κομιδῇ
727 1797 761 1867 μ’
786 1793 945 1868 ἐκβαλεῖν,
967 1814 1047 1877 quae
1070 1814 1132 1857 non
1151 1796 1259 1858 minus
1277 1814 1375 1879 quam
1394 1793 1516 1877 reliqua
1535 1793 1635 1875 affinis

443 1901 681 1983 impatientiam
712 1899 871 1974 indicant,
905 1896 970 1962 alta
993 1919 1069 1964 voce
1095 1899 1180 1962 dicta
1203 1899 1379 1963 secundum
1404 1901 1513 1982 ipsum
1538 1898 1638 1961 edito-

443 2027 531 2082 rem,
550 2026 650 2070 novae
669 2003 732 2069 loci
750 2005 974 2069 constitutioni
994 2006 1098 2071 favere
1119 2005 1306 2070 contendere
1325 2008 1494 2090 quisquam
1506 2006 1636 2089 poterit.

491 2194 543 2258 Vs.
571 2193 623 2258 12.
648 2199 700 2258 τοῦ
723 2196 798 2269 μήτ’
824 2194 944 2258 οὶκούειν
968 2193 1038 2267 μηθ’
1063 2192 1132 2272 ttae
1159 2187 1192 2255 εύ
1217 2191 1274 2256 ἴσθ’
1298 2189 1354 2258 ύτι.

443 2300 599 2385 Spurium
622 2321 690 2366 esse
714 2303 835 2364 nemini
855 2298 980 2364 facilius
1002 2297 1180 2363 vbeeuwen
1200 2299 1416 2383 persuadebit,
1437 2320 1535 2383 quam
1554 2299 1637 2363 mibi

443 2409 618 2491 persuasit,
650 2407 705 2490 qui
729 2412 802 2470 ante
826 2406 883 2470 bos
907 2404 971 2468 XX
995 2402 1047 2469 vel
1072 2402 1179 2488 plures
1202 2424 1300 2469 annos
1323 2404 1427 2482 idem,
1451 2404 1548 2489 idque
1572 2425 1635 2469 non

446 2512 563 2589 semel,
590 2514 622 2575 ui
647 2509 750 2587 fallor,
774 2512 1002 2576 contenderim.

490 2697 543 2762 Vs.
569 2697 621 2763 46.
648 2705 766 2771 πτηνῶν
790 2722 825 2761 τε
849 2697 924 2774 γένη
949 2696 1286 2774 κιοτιικοιμύσύω,

647 2808 736 2879 θηρῶν
760 2807 788 2867 τ’
812 2806 926 2880 spatas
952 2804 1040 2872 πύδει
1067 2803 1235 2879 ὑλοδρόμων

648 2913 699 2985 μὴ
724 2908 907 2975 λυέσθων.

443 3015 574 3080 Frustra
605 3036 826 3100 speraveram,
857 3016 890 3080 id
921 3015 1005 3099 quod
1035 3036 1128 3080 nemo
1152 3016 1234 3080 mibi
1259 3015 1414 3101 explicuit
1438 3038 1540 3101 neque
1564 3039 1633 3082 um·

441 3141 538 3205 quam
559 3124 651 3206 potui
669 3120 860 3207 intelligere,
881 3121 1108 3186 Leeuwenium
1128 3122 1210 3185 mibi
1229 3122 1456 3206 expediturum
1475 3144 1542 3189 esse
1555 3124 1632 3207 quid

443 3228 494 3291 bic
525 3229 587 3291 sibi
617 3226 696 3291 velit
726 3227 834 3291 addita
855 3230 995 3311 negatio.
1020 3226 1199 3292 Notissima
1223 3231 1307 3292 enim
1331 3228 1404 3293 inda
1429 3229 1467 3292 ab
1492 3229 1633 3295 Homero

441 3354 502 3397 usu
525 3333 602 3395 colai
625 3334 749 3396 membra
773 3333 923 3397 dicuntur
947 3336 1180 3409 animantium,
1205 3354 1285 3417 quae
1308 3341 1364 3399 aut
1387 3335 1554 3398 ικοιύνωιινν·
1577 3344 1633 3401 aut

443 3440 539 3501 οκοῗιιιο
559 3440 703 3521 dejiciant
723 3446 796 3514 aut,
819 3440 902 3523 quod
922 3440 974 3503 bic
993 3442 1178 3523 requiritur,
1199 3441 1422 3504 obdormiscunt.
1447 3439 1633 3506 Fallebame

442 3547 546 3630 igitur
578 3544 656 3609 olim
688 3547 848 3630 corrigens
880 3542 1159 3609 tconor'ctavl
1194 3544 1284 3609 Nihil
1315 3547 1366 3610 bic
1397 3554 1563 3632 tamquam
1597 3551 1632 3612 in

442 3672 475 3714 re
499 3651 739 3735 expeditissima
762 3650 927 3715 adnotavit
950 3650 1064 3715 editor.

488 3838 541 3903 Vs.
566 3837 619 3904 74.
644 3841 676 3902 ού
700 3848 777 3917 χρῆν
800 3862 841 3902 σε
867 3838 1019 3915 κρύπτειν,
1045 3838 1117 3902 ύντοι
1143 3840 1290 3912 κηδεστὴν
1313 3841 1396 3916 ε’μύν.

441 3943 476 4008 Si
506 3944 583 4028 quid
616 3942 826 4021 mutandum,
862 3942 966 4008 lenius
997 3947 1136 4031 corrigas
1166 3969 1208 4008 σε
1241 3945 1385 4021 κρύπτειν
1418 3950 1514 4023 <μ’>,
1545 3947 1629 4031 quod

440 4050 550 4115 eodem
582 4050 680 4125 redit,
712 4070 809 4134 quam
839 4071 914 4113 oum
945 4050 1135 4115 beeuwenio
1160 4075 1208 4125 με
1232 4052 1375 4128 κρύπτειν
1400 4056 1467 4133 (τ’).
1494 4053 1630 4138 Siquid

440 4155 650 4220 mutandum:
683 4175 775 4240 saepe
805 4158 892 4220 enim
915 4155 1000 4240 apud
1024 4159 1194 4241 scriptores
1216 4178 1347 4242 graecos
1370 4167 1403 4223 et
1426 4179 1573 4224 romanos
1596 4161 1630 4223 in

439 4283 472 4326 re
493 4283 548 4346 per
568 4283 601 4326 se
621 4264 697 4325 satis
716 4264 884 4346 perspicua
905 4283 1080 4347 pronomen
1100 4264 1217 4328 obiecti
1238 4266 1394 4328 omissum
1415 4285 1481 4329 esse
1498 4264 1630 4331 videbis.

486 4448 538 4513 Vs.
564 4448 618 4514 80.
644 4449 709 4513 ἐπεὶ
736 4450 850 4526 τρίτη
877 4453 952 4516 ’στι
978 4453 1194 4531 Θεσμοφορίων
1220 4453 1237 4527 οἱ
1261 4452 1353 4528 μέση.

439 4555 618 4620 Αὶιεωτύοη]
649 4555 819 4620 lectionem
851 4557 936 4621 haud
967 4558 1225 4643 improbabiliter
1254 4559 1358 4624 editor
1388 4563 1526 4625 correxit
1560 4565 1633 4626 scri·

440 4660 542 4725 bendo
574 4661 642 4723 ἐπεί
674 4662 749 4724 ἐσθ’
780 4662 894 4734 ἑορτή
904 4711 912 4739 ,
947 4663 1010 4728 κτὲ.
1045 4663 1117 4749 Ipse
1143 4663 1222 4729 olim
1246 4666 1417 4731 suadebam
1442 4667 1510 4731 ἐπεί
1535 4670 1632 4731 ’σσιν

443 4763 509 4839 ἥδε
533 4764 585 4832 vel
610 4764 655 4839 »itt
681 4775 718 4831 Θ.
744 4769 760 4842 ἡ
785 4768 875 4841 μέση.
