4525 5950
1067 703 1211 751 1661166.
1689 684 1731 752 75

532 868 643 945 „laeta
674 871 781 933 omnia
813 873 846 933 et
877 867 1041 932 affluentia
1068 868 1226 952 excepit”.
1259 867 1321 933 Sed
1345 869 1426 933 illud
1453 894 1577 955 namque
1600 876 1632 936 et
1655 890 1735 956 quae

531 982 613 1039 suut
647 995 770 1039 annexa
804 977 850 1039 616
886 982 962 1038 6661
997 973 1195 1058 accipienda:
1229 977 1348 1038 etenim
1365 974 1398 1054 ¹),
1432 975 1518 1059 quod
1549 978 1665 1040 attinet
1696 974 1736 1039 ad

530 1102 646 1146 rarum
666 1089 905 1165 eventuumque
922 1081 1055 1157 seriem,
1078 1080 1195 1164 quibus
1214 1078 1425 1165 Vespasianus
1443 1083 1618 1167 imperator
1630 1082 1733 1145 factus

531 1193 598 1264 eet,
619 1186 843 1251 huiuscemodi
862 1187 943 1250 fuit:
965 1185 1138 1249 Mucianus
1158 1187 1362 1271 exspectabat
1374 1187 1409 1249 id
1418 1187 1548 1269 apsumi.
1562 1208 1588 1252 e.
1602 1208 1732 1251 cursum

531 1315 644 1359 rerum
669 1296 703 1357 in
727 1295 839 1358 castris
863 1291 1049 1377 Vespasiani
1074 1290 1263 1369 Caesareae,
1288 1313 1383 1377 quem
1407 1294 1463 1357 ubi
1487 1292 1614 1358 felicem
1636 1294 1734 1357 fuisse

531 1402 705 1485 cognorit,
738 1398 860 1464 milites
891 1401 925 1462 in
957 1399 1054 1462 rerba
1078 1397 1263 1482 Vespasiani
1286 1398 1414 1484 adegit;
1440 1405 1513 1464 aute
1537 1398 1612 1463 Idus
1635 1397 1735 1463 Iulias

531 1504 630 1591 Syria
653 1507 758 1570 omnis
781 1507 816 1567 in
840 1503 951 1569 eodem
976 1509 1175 1569 sacramento
1197 1504 1277 1581 fuit,
1302 1525 1379 1568 mox
1402 1503 1580 1569 Sohaemus
1604 1505 1736 1570 accessit

534 1610 782 1695 Antiochusque
806 1631 833 1675 6.
847 1632 876 1694 q.
891 1631 916 1674 s.

581 1715 624 1780 H.
648 1715 706 1794 ΙΙΙ,
733 1716 785 1780 10.
818 1714 855 1779 16
879 1718 992 1780 castris
1017 1715 1149 1779 Antonii
1172 1714 1396 1780 seditiosorum
1420 1715 1566 1781 militum
1590 1718 1678 1782 furor
1701 1737 1735 1781 66

532 1824 641 1887 616616
664 1824 699 1885 16
722 1820 895 1906 Tampium
920 1819 1110 1885 Flavianum
1136 1824 1311 1899 666161111,
1336 1842 1432 1905 quem
1457 1843 1586 1886 causam
1611 1821 1735 1886 Flavia·

531 1949 611 1992 nam
636 1927 768 2012 prodere
791 1926 999 2004 insimulant;
1025 1926 1114 1991 solus
1138 1929 1297 1991 Antonius
1319 1930 1388 2012 ipse
1410 1935 1610 2012 praesentem
1633 1929 1672 1993 ab
1696 1949 1733 1993 eo

531 2036 710 2119 perniciem
734 2035 863 2098 avertit.
888 2032 1062 2117 Aliquanto
1086 2039 1176 2118 post:

581 2139 768 2215 „Profectus
799 2139 910 2204 eadem
942 2146 1035 2205 nocte
1067 2138 1241 2203 Flavianus
1273 2141 1377 2204 obviis
1408 2139 1592 2225 Vespasiani
1614 2140 1731 2205 litteris

532 2247 713 2311 discrimini
737 2250 907 2330 exemptus
930 2245 1011 2310 est''.

579 2351 665 2431 Quid
694 2371 807 2416 161616
829 2352 951 2415 factum
976 2354 1019 2415 eit
1040 2372 1057 2415 e
1080 2349 1185 2415 Taciti
1209 2351 1316 2417 verbis
1339 2354 1395 2416 111
1419 2351 1549 2428 efficias,
1575 2359 1641 2415 tam
1668 2352 1733 2417 bro·

531 2461 619 2522 viter
650 2470 683 2521 et
705 2459 837 2522 obscure
860 2456 1023 2541 loquitur;
1049 2455 1127 2541 quid
1151 2459 1237 2520 enim
1261 2468 1310 2520 661
1335 2458 1462 2534 „obviis
1484 2457 1601 2522 litteris
1625 2457 1733 2521 discri-

528 2567 617 2630 mini
650 2560 793 2628 eximi”l
825 2561 1016 2629 Coniectura
1046 2562 1177 2626 demum
1202 2583 1314 2626 eorum
1340 2568 1372 2626 et
1396 2565 1494 2627 totius
1519 2562 1580 2627 loci
1603 2584 1734 2627 sensum

532 2672 749 2754 assequimur.
785 2667 947 2733 Facundia
982 2688 1040 2733 sua
1072 2674 1104 2731 et
1136 2671 1327 2732 auctoritate
1361 2670 1519 2733 Antonius
1552 2669 1732 2732 furentium

533 2775 680 2841 militum
704 2776 853 2840 manibus
877 2777 996 2859 eripuit
1019 2772 1231 2850 Flavianum,
1256 2782 1306 2851 et,
1330 2780 1368 2838 ut
1392 2795 1453 2860 ego
1476 2778 1596 2859 opinor,
1619 2778 1653 2838 in
1674 2795 1732 2840 suo

532 2881 733 2948 abscondidit
766 2880 986 2957 tabernaculo,
1021 2879 1104 2943 unde
1135 2886 1225 2944 66616
1259 2880 1389 2943 (1616616
1423 2881 1543 2966 prodiit
1570 2879 1626 2945 ille
1652 2885 1684 2945 et
1714 2901 1732 2946 s

532 2991 645 3053 castris
681 2988 837 3073 profugit.
873 2986 910 3051 In
942 3007 979 3051 ea
1009 2987 1088 3073 fuga
1119 2988 1248 3051 obviam
1280 2990 1370 3051 venit
1401 2988 1586 3073 Vespasiani
1610 2991 1731 3053 nuntiis

531 3094 745 3180 quibusdam,
771 3094 854 3158 forte
877 3092 916 3156 ad
940 3096 1049 3178 ipsum
1073 3092 1198 3158 litteras
1223 3094 1417 3171 ferentibus,
1443 3096 1558 3179 quibus
1583 3098 1729 3160 munitus

531 3206 598 3265 iam
630 3204 663 3263 in
695 3207 797 3264 castra
829 3198 933 3263 redire
956 3204 988 3263 et
1011 3202 1078 3262 6166
1103 3198 1245 3283 periculo
1269 3201 1315 3264 ibi
1338 3221 1466 3265 manere
1490 3207 1611 3285 potest:
1636 3222 1731 3286 argu-

530 3313 681 3371 mentum
713 3309 799 3369 enim
822 3325 934 3369 earum
956 3305 1115 3369 eiusmodi
1140 3311 1208 3369 erat
1232 3312 1269 3369 ut
1293 3305 1359 3370 illis
1383 3310 1536 3391 inspectis
1560 3328 1598 3371 ne
1622 3308 1732 3372 turbu·

531 3412 614 3477 16611
638 3411 770 3496 quidem
792 3409 862 3485 illi,
887 3413 979 3486 irati,
1005 3413 1184 3495 suspicaces
1204 3409 1325 3475 milites
1344 3412 1489 3477 dubitare
1507 3419 1634 3497 possent
1655 3416 1732 3497 quin

531 3517 618 3602 apud
644 3516 875 3601 Vespasianum
899 3519 933 3579 in
957 3537 1086 3580 summo
1111 3527 1193 3581 esset
1217 3517 1334 3580 honore
1359 3516 1543 3582 Flavianus.

580 3626 607 3687 A
623 3624 702 3686 mire
715 3622 915 3686 conformata
926 3624 1082 3685 sententia
1094 3624 1207 3705 incipit
1221 3623 1318 3685 huius
1331 3620 1406 3685 libri
1419 3622 1475 3701 (H.
1489 3621 1550 3693 ΙΙΙ)
1562 3630 1658 3708 caput
1671 3623 1730 3688 22:

583 3732 647 3804 ..At
679 3727 870 3792 Vitellianus
902 3729 1077 3803 exercitus,
1102 3730 1155 3791 cui
1180 3730 1378 3811 acquiescere
1403 3726 1577 3794 Cremonae
1602 3732 1734 3793 611661-

532 3839 652 3921 peratis
683 3836 753 3900 cibo
785 3855 959 3919 somnoque
991 3834 1113 3897 viribus
1144 3834 1323 3898 confectum
1356 3834 1465 3920 algore
1500 3843 1595 3920 atque
1626 3836 1732 3899 inedia

530 3944 659 4007 hostem
691 3947 816 4025 postera
852 3940 902 4004 die
933 3939 1104 4026 profligare
1136 3960 1171 4004 66
1202 3961 1351 4025 proruere
1382 3944 1464 4006 ratio
1495 3943 1575 4019 fuit,
1598 3942 1730 4027 indigus

530 4050 679 4124 rectoris,
716 4050 807 4131 inops
842 4046 984 4122 consilii,
1022 4049 1116 4110 tertia
1148 4047 1247 4111 ferme
1278 4050 1380 4112 noctis
1412 4048 1489 4112 bora
1520 4050 1639 4132 paratis
1661 4050 1727 4111 iam

531 4154 759 4237 dispositisque
778 4151 941 4217 Flavianis
964 4152 1194 4238 impingitur’'.

578 4258 661 4337 Quid
685 4256 864 4322 Vitellianis
889 4258 1070 4322 faciendum
1095 4259 1193 4322 fuerit
1217 4262 1384 4343 perspicue
1409 4262 1594 4345 exponitur:
1619 4261 1730 4344 opponi

530 4385 616 4428 nunc
639 4364 804 4447 oportebat
822 4363 855 4427 id
876 4363 960 4448 quod
980 4385 1090 4429 revera
1110 4364 1254 4429 fecerunt
1274 4366 1345 4443 (1166
1365 4369 1435 4451 ipsa
1455 4374 1547 4431 66616
1559 4370 1591 4431 16
1605 4369 1730 4432 hostem

529 4477 607 4534 eunt
631 4469 795 4553 profecti);
822 4468 904 4532 illud
928 4476 1038 4534 autem
1063 4491 1125 4534 nou
1151 4470 1276 4535 disertis
1301 4472 1420 4536 dicitur
1444 4475 1549 4538 verbis
1570 4473 1623 4536 sed
1645 4477 1730 4558 cogi-

529 4575 665 4640 tandum
697 4573 888 4660 relinquitur
922 4575 1123 4661 legentibus;
1157 4585 1189 4641 at
1220 4599 1315 4662 quem
1348 4579 1495 4644 effectum
1521 4580 1668 4643 babuerit
1692 4599 1729 4643 ea

535 4731 544 4736 -
551 4728 732 4736 .-———--—-.

569 4807 595 4870 l)
614 4804 686 4853 Verte
703 4819 759 4869 ergo
777 4821 875 4869 nanque
892 4804 989 4870 Belgice
1006 4821 1054 4854 666
1073 4804 1169 4855 „want”
1187 4807 1228 4854 sed
1248 4805 1399 4870 ‚uameiijlr''.
