<?xml version="1.0" encoding="UTF-8"?>
<!DOCTYPE html PUBLIC "-//W3C//DTD XHTML 1.0 Transitional//EN"
    "http://www.w3.org/TR/xhtml1/DTD/xhtml1-transitional.dtd">
<html xmlns="http://www.w3.org/1999/xhtml" xml:lang="en" lang="en">
 <head>
  <title>
</title>
<meta http-equiv="Content-Type" content="text/html;charset=utf-8" />
  <meta name='ocr-system' content='tesseract 3.04.00' />
  <meta name='ocr-capabilities' content='ocr_page ocr_carea ocr_par ocr_line ocrx_word'/>
</head>
<body>
  <div class='ocr_page' id='page_1' title='image "./mnemosyne07verdgoog_0528.png"; bbox 0 0 4525 5950; ppageno 0'>
   <div class='ocr_carea' id='block_1_1' title="bbox 547 644 1213 755">
    <p class='ocr_par' dir='ltr' id='par_1_1' title="bbox 547 644 1213 755">
     <span class='ocr_line' id='line_1_1' title="bbox 547 644 1213 755; baseline 0.009 -7"><span class='ocrx_word' id='word_1_1' title='bbox 547 684 590 749; x_wconf 79' lang='lat'>52</span> <span class='ocrx_word' id='word_1_2' title='bbox 1071 644 1213 755; x_wconf 75' lang='lat' dir='ltr'>ramnus.</span> 
     </span>
    </p>
   </div>
   <div class='ocr_carea' id='block_1_2' title="bbox 551 865 1748 1381">
    <p class='ocr_par' dir='ltr' id='par_1_2' title="bbox 551 865 1742 1059">
     <span class='ocr_line' id='line_1_2' title="bbox 553 865 1742 958; baseline 0.003 -26"><span class='ocrx_word' id='word_1_3' title='bbox 553 867 662 933; x_wconf 88' lang='lat' dir='ltr'>liberis</span> <span class='ocrx_word' id='word_1_4' title='bbox 685 865 896 934; x_wconf 78' lang='lat' dir='ltr'>eventurum?</span> <span class='ocrx_word' id='word_1_5' title='bbox 919 867 1021 932; x_wconf 92' lang='lat' dir='ltr'>Lenta</span> <span class='ocrx_word' id='word_1_6' title='bbox 1043 868 1144 932; x_wconf 85' lang='lat' dir='ltr'>videri</span> <span class='ocrx_word' id='word_1_7' title='bbox 1170 868 1338 945; x_wconf 83' lang='lat' dir='ltr'>veneficia,</span> <span class='ocrx_word' id='word_1_8' title='bbox 1365 869 1513 934; x_wconf 85' lang='lat' dir='ltr'>festinare</span> <span class='ocrx_word' id='word_1_9' title='bbox 1541 875 1575 935; x_wconf 87' lang='lat' dir='ltr'>et</span> <span class='ocrx_word' id='word_1_10' title='bbox 1602 891 1742 958; x_wconf 80' lang='lat' dir='ltr'>urgere,</span> 
     </span>
     <span class='ocr_line' id='line_1_3' title="bbox 551 972 1328 1059; baseline 0.003 -22"><span class='ocrx_word' id='word_1_11' title='bbox 551 981 588 1037; x_wconf 91' lang='lat' dir='ltr'>nt</span> <span class='ocrx_word' id='word_1_12' title='bbox 611 976 824 1059; x_wconf 84' lang='lat' dir='ltr'>provinciam,</span> <span class='ocrx_word' id='word_1_13' title='bbox 849 981 886 1038; x_wconf 90' lang='lat' dir='ltr'>ut</span> <span class='ocrx_word' id='word_1_14' title='bbox 909 972 1050 1059; x_wconf 78' lang='lat' dir='ltr'>legiones</span> <span class='ocrx_word' id='word_1_15' title='bbox 1073 973 1159 1039; x_wconf 92' lang='lat' dir='ltr'>solus</span> <span class='ocrx_word' id='word_1_16' title='bbox 1183 975 1328 1040; x_wconf 87' lang='lat' dir='ltr'>habeat.&#39;&#39;</span> 
     </span>
    </p>

    <p class='ocr_par' dir='ltr' id='par_1_3' title="bbox 552 1079 1748 1381">
     <span class='ocr_line' id='line_1_4' title="bbox 595 1079 1746 1170; baseline 0.003 -26"><span class='ocrx_word' id='word_1_17' title='bbox 595 1079 706 1165; x_wconf 81' lang='lat' dir='ltr'>Neque</span> <span class='ocrx_word' id='word_1_18' title='bbox 725 1082 784 1145; x_wconf 90' lang='lat' dir='ltr'>hoc</span> <span class='ocrx_word' id='word_1_19' title='bbox 802 1080 1033 1166; x_wconf 82' lang='lat' dir='ltr'>negligendum</span> <span class='ocrx_word' id='word_1_20' title='bbox 1053 1101 1142 1156; x_wconf 91' lang='lat' dir='ltr'>eum,</span> <span class='ocrx_word' id='word_1_21' title='bbox 1163 1084 1218 1165; x_wconf 91' lang='lat' dir='ltr'>qui</span> <span class='ocrx_word' id='word_1_22' title='bbox 1237 1080 1401 1166; x_wconf 86' lang='lat' dir='ltr'>popellum</span> <span class='ocrx_word' id='word_1_23' title='bbox 1421 1081 1617 1167; x_wconf 87' lang='lat' dir='ltr'>alloquatur,</span> <span class='ocrx_word' id='word_1_24' title='bbox 1641 1083 1746 1170; x_wconf 78' lang='lat' dir='ltr'>digito</span> 
     </span>
     <span class='ocr_line' id='line_1_5' title="bbox 555 1186 1748 1273; baseline 0.002 -21"><span class='ocrx_word' id='word_1_25' title='bbox 555 1193 729 1252; x_wconf 90' lang='lat' dir='ltr'>monstrare</span> <span class='ocrx_word' id='word_1_26' title='bbox 760 1189 904 1251; x_wconf 90' lang='lat' dir='ltr'>homines</span> <span class='ocrx_word' id='word_1_27' title='bbox 932 1208 1012 1273; x_wconf 91' lang='lat' dir='ltr'>quos</span> <span class='ocrx_word' id='word_1_28' title='bbox 1036 1191 1177 1263; x_wconf 84' lang='lat' dir='ltr'>accusat,</span> <span class='ocrx_word' id='word_1_29' title='bbox 1202 1187 1297 1273; x_wconf 83' lang='lat' dir='ltr'>longe</span> <span class='ocrx_word' id='word_1_30' title='bbox 1321 1186 1417 1251; x_wconf 88' lang='lat' dir='ltr'>aliam</span> <span class='ocrx_word' id='word_1_31' title='bbox 1440 1208 1506 1253; x_wconf 90' lang='lat' dir='ltr'>esse</span> <span class='ocrx_word' id='word_1_32' title='bbox 1530 1190 1604 1253; x_wconf 88' lang='lat' dir='ltr'>eius</span> <span class='ocrx_word' id='word_1_33' title='bbox 1630 1194 1748 1254; x_wconf 82' lang='lat' dir='ltr'>oratio</span> 
     </span>
     <span class='ocr_line' id='line_1_6' title="bbox 552 1292 1483 1381; baseline 0.001 -24"><span class='ocrx_word' id='word_1_34' title='bbox 552 1314 644 1371; x_wconf 91' lang='lat' dir='ltr'>nem,</span> <span class='ocrx_word' id='word_1_35' title='bbox 668 1297 724 1380; x_wconf 92' lang='lat' dir='ltr'>qui</span> <span class='ocrx_word' id='word_1_36' title='bbox 749 1293 835 1359; x_wconf 90' lang='lat' dir='ltr'>solus</span> <span class='ocrx_word' id='word_1_37' title='bbox 859 1314 967 1358; x_wconf 90' lang='lat' dir='ltr'>seeum</span> <span class='ocrx_word' id='word_1_38' title='bbox 992 1293 1029 1358; x_wconf 94' lang='lat' dir='ltr'>de</span> <span class='ocrx_word' id='word_1_39' title='bbox 1052 1292 1241 1358; x_wconf 83' lang='lat' dir='ltr'>adversariis</span> <span class='ocrx_word' id='word_1_40' title='bbox 1264 1295 1330 1358; x_wconf 92' lang='lat' dir='ltr'>suis</span> <span class='ocrx_word' id='word_1_41' title='bbox 1353 1296 1483 1381; x_wconf 83' lang='lat' dir='ltr'>cogitat.</span> 
     </span>
    </p>
   </div>
   <div class='ocr_carea' id='block_1_3' title="bbox 590 1511 1748 1707">
    <p class='ocr_par' dir='ltr' id='par_1_4' title="bbox 590 1511 1748 1707">
     <span class='ocr_line' id='line_1_7' title="bbox 591 1511 1529 1590; baseline 0 -13"><span class='ocrx_word' id='word_1_42' title='bbox 591 1514 626 1577; x_wconf 81' lang='grc' dir='ltr'>Α.</span> <span class='ocrx_word' id='word_1_43' title='bbox 651 1513 676 1590; x_wconf 87' lang='lat'>1,</span> <span class='ocrx_word' id='word_1_44' title='bbox 702 1511 755 1578; x_wconf 84' lang='lat'>32.</span> <span class='ocrx_word' id='word_1_45' title='bbox 780 1513 817 1578; x_wconf 92' lang='lat' dir='ltr'>In</span> <span class='ocrx_word' id='word_1_46' title='bbox 841 1511 1013 1578; x_wconf 80' lang='lat' dir='ltr'>Germania</span> <span class='ocrx_word' id='word_1_47' title='bbox 1036 1512 1165 1579; x_wconf 79' lang='lat' dir='ltr'>ardente</span> <span class='ocrx_word' id='word_1_48' title='bbox 1189 1512 1333 1577; x_wconf 91' lang='lat' dir='ltr'>militum</span> <span class='ocrx_word' id='word_1_49' title='bbox 1357 1512 1529 1578; x_wconf 89' lang='lat' dir='ltr'>seditione:</span> 
     </span>
     <span class='ocr_line' id='line_1_8' title="bbox 590 1616 1748 1707; baseline 0 -21"><span class='ocrx_word' id='word_1_50' title='bbox 590 1617 740 1697; x_wconf 79' lang='lat' dir='ltr'>„Cassius</span> <span class='ocrx_word' id='word_1_51' title='bbox 772 1618 928 1699; x_wconf 81' lang='lat' dir='ltr'>Chaerea,</span> <span class='ocrx_word' id='word_1_52' title='bbox 961 1641 1035 1684; x_wconf 84' lang='lat' dir='ltr'>mox</span> <span class='ocrx_word' id='word_1_53' title='bbox 1066 1620 1159 1685; x_wconf 90' lang='lat' dir='ltr'>caede</span> <span class='ocrx_word' id='word_1_54' title='bbox 1190 1616 1225 1686; x_wconf 84' lang='lat' dir='ltr'>O.</span> <span class='ocrx_word' id='word_1_55' title='bbox 1251 1617 1393 1686; x_wconf 86' lang='lat' dir='ltr'>Caesaris</span> <span class='ocrx_word' id='word_1_56' title='bbox 1423 1623 1623 1684; x_wconf 77' lang='lat' dir='ltr'>memoriam</span> <span class='ocrx_word' id='word_1_57' title='bbox 1659 1622 1748 1707; x_wconf 86' lang='lat' dir='ltr'>apud</span> 
     </span>
    </p>
   </div>
   <div class='ocr_carea' id='block_1_4' title="bbox 444 1725 1748 1811">
    <p class='ocr_par' dir='ltr' id='par_1_5' title="bbox 444 1725 1748 1811">
     <span class='ocr_line' id='line_1_9' title="bbox 444 1725 1748 1811; baseline 0.001 -21"><span class='ocrx_word' id='word_1_58' title='bbox 444 1736 448 1743; x_wconf 84' lang='lat'><em>&#39;</em></span> <span class='ocrx_word' id='word_1_59' title='bbox 541 1734 683 1811; x_wconf 89' lang='lat' dir='ltr'>posteros</span> <span class='ocrx_word' id='word_1_60' title='bbox 713 1725 863 1810; x_wconf 87' lang='lat' dir='ltr'>adeptus,</span> <span class='ocrx_word' id='word_1_61' title='bbox 896 1731 966 1789; x_wconf 88' lang='lat' dir='ltr'>tum</span> <span class='ocrx_word' id='word_1_62' title='bbox 998 1728 1124 1790; x_wconf 83' lang='lat' dir='ltr'>iuvenis</span> <span class='ocrx_word' id='word_1_63' title='bbox 1154 1731 1185 1790; x_wconf 88' lang='lat' dir='ltr'>et</span> <span class='ocrx_word' id='word_1_64' title='bbox 1208 1727 1306 1790; x_wconf 88' lang='lat' dir='ltr'>animi</span> <span class='ocrx_word' id='word_1_65' title='bbox 1331 1725 1435 1801; x_wconf 86' lang='lat' dir='ltr'>ferox,</span> <span class='ocrx_word' id='word_1_66' title='bbox 1460 1728 1546 1791; x_wconf 89' lang='lat' dir='ltr'>inter</span> <span class='ocrx_word' id='word_1_67' title='bbox 1569 1727 1748 1793; x_wconf 78' lang='lat' dir='ltr'>obstantes</span> 
     </span>
    </p>
   </div>
   <div class='ocr_carea' id='block_1_5' title="bbox 539 1831 1748 2129">
    <p class='ocr_par' dir='ltr' id='par_1_6' title="bbox 539 1831 1748 2129">
     <span class='ocr_line' id='line_1_10' title="bbox 541 1831 1160 1917; baseline -0.002 -21"><span class='ocrx_word' id='word_1_68' title='bbox 541 1837 573 1897; x_wconf 90' lang='lat' dir='ltr'>et</span> <span class='ocrx_word' id='word_1_69' title='bbox 596 1839 734 1896; x_wconf 89' lang='lat' dir='ltr'>armatos</span> <span class='ocrx_word' id='word_1_70' title='bbox 757 1832 839 1897; x_wconf 87' lang='lat' dir='ltr'>ferro</span> <span class='ocrx_word' id='word_1_71' title='bbox 863 1834 951 1896; x_wconf 88' lang='lat' dir='ltr'>viam</span> <span class='ocrx_word' id='word_1_72' title='bbox 976 1831 1160 1917; x_wconf 85' lang='lat' dir='ltr'>patefecit.’&#39;</span> 
     </span>
     <span class='ocr_line' id='line_1_11' title="bbox 586 1935 1748 2024; baseline 0.003 -22"><span class='ocrx_word' id='word_1_73' title='bbox 586 1937 630 2002; x_wconf 90' lang='lat' dir='ltr'>Ut</span> <span class='ocrx_word' id='word_1_74' title='bbox 652 1935 735 2001; x_wconf 90' lang='lat' dir='ltr'>illud</span> <span class='ocrx_word' id='word_1_75' title='bbox 758 1945 820 2001; x_wconf 80' lang='lat' dir='ltr'>tom</span> <span class='ocrx_word' id='word_1_76' title='bbox 842 1938 959 2001; x_wconf 80' lang='lat' dir='ltr'>iuuenis</span> <span class='ocrx_word' id='word_1_77' title='bbox 978 1939 1092 2003; x_wconf 90' lang='lat' dir='ltr'>habeat</span> <span class='ocrx_word' id='word_1_78' title='bbox 1109 1938 1193 2023; x_wconf 91' lang='lat' dir='ltr'>quod</span> <span class='ocrx_word' id='word_1_79' title='bbox 1211 1953 1295 2003; x_wconf 90' lang='lat' dir='ltr'>recte</span> <span class='ocrx_word' id='word_1_80' title='bbox 1313 1944 1502 2023; x_wconf 91' lang='lat' dir='ltr'>opponatur,</span> <span class='ocrx_word' id='word_1_81' title='bbox 1526 1960 1588 2024; x_wconf 91' lang='lat' dir='ltr'>pro</span> <span class='ocrx_word' id='word_1_82' title='bbox 1613 1942 1748 2023; x_wconf 72' lang='lat' dir='ltr'>adeptas</span> 
     </span>
     <span class='ocr_line' id='line_1_12' title="bbox 539 2042 982 2129; baseline 0.005 -22"><span class='ocrx_word' id='word_1_83' title='bbox 539 2042 712 2129; x_wconf 81' lang='lat' dir='ltr'>legendum</span> <span class='ocrx_word' id='word_1_84' title='bbox 737 2050 785 2109; x_wconf 88' lang='lat' dir='ltr'>est</span> <span class='ocrx_word' id='word_1_85' title='bbox 808 2046 982 2127; x_wconf 73' lang='lat' dir='ltr'>adepturae.</span> 
     </span>
    </p>
   </div>
   <div class='ocr_carea' id='block_1_6' title="bbox 532 2246 1777 4354">
    <p class='ocr_par' dir='ltr' id='par_1_7' title="bbox 539 2246 1747 2548">
     <span class='ocr_line' id='line_1_13' title="bbox 585 2246 1747 2337; baseline 0.003 -24"><span class='ocrx_word' id='word_1_86' title='bbox 585 2250 622 2314; x_wconf 81' lang='lat' dir='ltr'>A.</span> <span class='ocrx_word' id='word_1_87' title='bbox 646 2249 671 2325; x_wconf 89' lang='lat'>1,</span> <span class='ocrx_word' id='word_1_88' title='bbox 697 2247 750 2312; x_wconf 78' lang='lat'>34.</span> <span class='ocrx_word' id='word_1_89' title='bbox 788 2247 869 2324; x_wconf 84' lang='lat' dir='ltr'>„Sed</span> <span class='ocrx_word' id='word_1_90' title='bbox 905 2246 1115 2314; x_wconf 80' lang='lat' dir='ltr'>Germanicus</span> <span class='ocrx_word' id='word_1_91' title='bbox 1151 2255 1269 2333; x_wconf 88' lang='lat' dir='ltr'>quanto</span> <span class='ocrx_word' id='word_1_92' title='bbox 1303 2268 1448 2312; x_wconf 90' lang='lat' dir='ltr'>summae</span> <span class='ocrx_word' id='word_1_93' title='bbox 1484 2251 1555 2333; x_wconf 92' lang='lat' dir='ltr'>spei</span> <span class='ocrx_word' id='word_1_94' title='bbox 1597 2255 1747 2337; x_wconf 84' lang='lat' dir='ltr'>propior,</span> 
     </span>
     <span class='ocr_line' id='line_1_14' title="bbox 540 2353 1745 2445; baseline 0.004 -26"><span class='ocrx_word' id='word_1_95' title='bbox 540 2361 628 2420; x_wconf 89' lang='lat' dir='ltr'>tanto</span> <span class='ocrx_word' id='word_1_96' title='bbox 658 2357 835 2440; x_wconf 90' lang='lat' dir='ltr'>impensius</span> <span class='ocrx_word' id='word_1_97' title='bbox 867 2375 923 2439; x_wconf 91' lang='lat' dir='ltr'>pro</span> <span class='ocrx_word' id='word_1_98' title='bbox 954 2353 1081 2420; x_wconf 77' lang='lat' dir='ltr'>Tiberio</span> <span class='ocrx_word' id='word_1_99' title='bbox 1113 2356 1173 2418; x_wconf 88' lang='lat' dir='ltr'>uiti</span> <span class='ocrx_word' id='word_1_100' title='bbox 1202 2376 1288 2439; x_wconf 81' lang='lat' dir='ltr'>seque</span> <span class='ocrx_word' id='word_1_101' title='bbox 1313 2354 1466 2437; x_wconf 65' lang='lat' dir='ltr'>proximos</span> <span class='ocrx_word' id='word_1_102' title='bbox 1497 2363 1527 2417; x_wconf 82' lang='lat' dir='ltr'>et</span> <span class='ocrx_word' id='word_1_103' title='bbox 1556 2355 1745 2445; x_wconf 80' lang='lat' dir='ltr'>Belgarum</span> 
     </span>
     <span class='ocr_line' id='line_1_15' title="bbox 539 2460 1120 2548; baseline -0.002 -22"><span class='ocrx_word' id='word_1_104' title='bbox 539 2462 686 2526; x_wconf 87' lang='lat' dir='ltr'>civitates</span> <span class='ocrx_word' id='word_1_105' title='bbox 707 2463 740 2524; x_wconf 92' lang='lat' dir='ltr'>in</span> <span class='ocrx_word' id='word_1_106' title='bbox 765 2461 861 2525; x_wconf 85' lang='lat' dir='ltr'>verba</span> <span class='ocrx_word' id='word_1_107' title='bbox 884 2463 953 2525; x_wconf 93' lang='lat' dir='ltr'>eius</span> <span class='ocrx_word' id='word_1_108' title='bbox 978 2460 1120 2548; x_wconf 80' lang='lat' dir='ltr'>adegit.’&#39;</span> 
     </span>
    </p>

    <p class='ocr_par' dir='ltr' id='par_1_8' title="bbox 536 2565 1743 3186">
     <span class='ocr_line' id='line_1_16' title="bbox 583 2565 1743 2655; baseline 0.003 -24"><span class='ocrx_word' id='word_1_109' title='bbox 583 2566 635 2632; x_wconf 85' lang='lat' dir='ltr'>Sic</span> <span class='ocrx_word' id='word_1_110' title='bbox 657 2573 705 2631; x_wconf 88' lang='lat' dir='ltr'>est</span> <span class='ocrx_word' id='word_1_111' title='bbox 723 2570 755 2631; x_wconf 90' lang='lat' dir='ltr'>in</span> <span class='ocrx_word' id='word_1_112' title='bbox 776 2566 892 2631; x_wconf 87' lang='lat' dir='ltr'>codice.</span> <span class='ocrx_word' id='word_1_113' title='bbox 913 2566 1141 2651; x_wconf 89' lang='lat' dir='ltr'>Nipperdeius:</span> <span class='ocrx_word' id='word_1_114' title='bbox 1167 2565 1349 2651; x_wconf 82' lang='lat' dir='ltr'>„Sequanos</span> <span class='ocrx_word' id='word_1_115' title='bbox 1369 2569 1532 2650; x_wconf 82' lang='lat' dir='ltr'>proximas</span> <span class='ocrx_word' id='word_1_116' title='bbox 1553 2577 1590 2632; x_wconf 90' lang='lat' dir='ltr'>et</span> <span class='ocrx_word' id='word_1_117' title='bbox 1612 2572 1743 2655; x_wconf 86' lang='lat' dir='ltr'>e.q.s.&#39;’</span> 
     </span>
     <span class='ocr_line' id='line_1_17' title="bbox 538 2670 1741 2759; baseline 0.002 -22"><span class='ocrx_word' id='word_1_118' title='bbox 538 2694 619 2757; x_wconf 91' lang='lat' dir='ltr'>quae</span> <span class='ocrx_word' id='word_1_119' title='bbox 643 2675 822 2738; x_wconf 88' lang='lat' dir='ltr'>coniectura</span> <span class='ocrx_word' id='word_1_120' title='bbox 844 2670 926 2735; x_wconf 89' lang='lat' dir='ltr'>nihil</span> <span class='ocrx_word' id='word_1_121' title='bbox 950 2672 1046 2736; x_wconf 91' lang='lat' dir='ltr'>habet</span> <span class='ocrx_word' id='word_1_122' title='bbox 1069 2693 1131 2757; x_wconf 92' lang='lat' dir='ltr'>quo</span> <span class='ocrx_word' id='word_1_123' title='bbox 1155 2693 1188 2736; x_wconf 92' lang='lat' dir='ltr'>se</span> <span class='ocrx_word' id='word_1_124' title='bbox 1210 2673 1420 2737; x_wconf 90' lang='lat' dir='ltr'>commendet.</span> <span class='ocrx_word' id='word_1_125' title='bbox 1447 2672 1518 2737; x_wconf 87' lang='lat' dir='ltr'>Hoc</span> <span class='ocrx_word' id='word_1_126' title='bbox 1538 2678 1741 2759; x_wconf 85' lang='lat' dir='ltr'>requiritur:</span> 
     </span>
     <span class='ocr_line' id='line_1_18' title="bbox 540 2776 1740 2868; baseline 0.003 -24"><span class='ocrx_word' id='word_1_127' title='bbox 540 2777 787 2856; x_wconf 82' lang='lat' dir='ltr'>„Germanicus,</span> <span class='ocrx_word' id='word_1_128' title='bbox 812 2786 847 2843; x_wconf 91' lang='lat' dir='ltr'>ut</span> <span class='ocrx_word' id='word_1_129' title='bbox 868 2780 1057 2863; x_wconf 89' lang='lat' dir='ltr'>quantocius</span> <span class='ocrx_word' id='word_1_130' title='bbox 1077 2776 1243 2842; x_wconf 79' lang='lat' dir='ltr'>Tiberium</span> <span class='ocrx_word' id='word_1_131' title='bbox 1261 2780 1485 2864; x_wconf 86' lang='lat' dir='ltr'>imperatorem</span> <span class='ocrx_word' id='word_1_132' title='bbox 1507 2799 1526 2843; x_wconf 87' lang='lat' dir='ltr'>a</span> <span class='ocrx_word' id='word_1_133' title='bbox 1545 2801 1583 2845; x_wconf 89' lang='lat' dir='ltr'>se</span> <span class='ocrx_word' id='word_1_134' title='bbox 1606 2786 1740 2868; x_wconf 77' lang='lat' dir='ltr'>agnosci</span> 
     </span>
     <span class='ocr_line' id='line_1_19' title="bbox 538 2884 1740 2969; baseline 0 -18"><span class='ocrx_word' id='word_1_135' title='bbox 538 2886 734 2963; x_wconf 89' lang='lat' dir='ltr'>ostenderet,</span> <span class='ocrx_word' id='word_1_136' title='bbox 759 2887 881 2969; x_wconf 86' lang='lat' dir='ltr'>etipse</span> <span class='ocrx_word' id='word_1_137' title='bbox 905 2887 1017 2949; x_wconf 89' lang='lat' dir='ltr'>statim</span> <span class='ocrx_word' id='word_1_138' title='bbox 1040 2887 1073 2948; x_wconf 94' lang='lat' dir='ltr'>in</span> <span class='ocrx_word' id='word_1_139' title='bbox 1097 2905 1215 2949; x_wconf 92' lang='lat' dir='ltr'>nomen</span> <span class='ocrx_word' id='word_1_140' title='bbox 1238 2888 1306 2949; x_wconf 92' lang='lat' dir='ltr'>eius</span> <span class='ocrx_word' id='word_1_141' title='bbox 1331 2884 1418 2949; x_wconf 89' lang='lat' dir='ltr'>dedit</span> <span class='ocrx_word' id='word_1_142' title='bbox 1436 2887 1690 2966; x_wconf 90' lang='lat' dir='ltr'>iusiurandum,</span> <span class='ocrx_word' id='word_1_143' title='bbox 1710 2896 1740 2953; x_wconf 89' lang='lat' dir='ltr'>et</span> 
     </span>
     <span class='ocr_line' id='line_1_20' title="bbox 537 2990 1738 3080; baseline 0 -21"><span class='ocrx_word' id='word_1_144' title='bbox 537 3015 740 3080; x_wconf 87' lang='lat' dir='ltr'>quoscunque</span> <span class='ocrx_word' id='word_1_145' title='bbox 760 2996 793 3057; x_wconf 90' lang='lat' dir='ltr'>in</span> <span class='ocrx_word' id='word_1_146' title='bbox 812 2995 929 3058; x_wconf 83' lang='lat' dir='ltr'>vicinia</span> <span class='ocrx_word' id='word_1_147' title='bbox 948 2992 1084 3057; x_wconf 88' lang='lat' dir='ltr'>habebat</span> <span class='ocrx_word' id='word_1_148' title='bbox 1104 2990 1225 3057; x_wconf 89' lang='lat' dir='ltr'>milites</span> <span class='ocrx_word' id='word_1_149' title='bbox 1246 2994 1279 3055; x_wconf 91' lang='lat' dir='ltr'>in</span> <span class='ocrx_word' id='word_1_150' title='bbox 1297 2992 1384 3056; x_wconf 91' lang='lat' dir='ltr'>idem</span> <span class='ocrx_word' id='word_1_151' title='bbox 1403 2999 1650 3059; x_wconf 89' lang='lat' dir='ltr'>sacramentnm</span> <span class='ocrx_word' id='word_1_152' title='bbox 1671 2995 1738 3060; x_wconf 83' lang='lat' dir='ltr'>ade</span> 
     </span>
     <span class='ocr_line' id='line_1_21' title="bbox 536 3097 1735 3186; baseline 0.001 -23"><span class='ocrx_word' id='word_1_153' title='bbox 536 3100 619 3186; x_wconf 79' lang='lat' dir='ltr'>git.’&#39;</span> <span class='ocrx_word' id='word_1_154' title='bbox 642 3099 703 3165; x_wconf 85' lang='lat' dir='ltr'>Sed</span> <span class='ocrx_word' id='word_1_155' title='bbox 714 3103 783 3185; x_wconf 91' lang='lat' dir='ltr'>ipsa</span> <span class='ocrx_word' id='word_1_156' title='bbox 795 3099 892 3164; x_wconf 87' lang='lat' dir='ltr'>verba</span> <span class='ocrx_word' id='word_1_157' title='bbox 905 3120 966 3163; x_wconf 91' lang='lat' dir='ltr'>non</span> <span class='ocrx_word' id='word_1_158' title='bbox 979 3106 1115 3183; x_wconf 88' lang='lat' dir='ltr'>praesto.</span> <span class='ocrx_word' id='word_1_159' title='bbox 1134 3097 1255 3162; x_wconf 92' lang='lat' dir='ltr'>Deinde</span> <span class='ocrx_word' id='word_1_160' title='bbox 1267 3100 1313 3162; x_wconf 94' lang='lat' dir='ltr'>sic</span> <span class='ocrx_word' id='word_1_161' title='bbox 1326 3119 1451 3163; x_wconf 81' lang='lat' dir='ltr'>namara</span> <span class='ocrx_word' id='word_1_162' title='bbox 1463 3101 1575 3185; x_wconf 79' lang='lat' dir='ltr'>pergit</span> <span class='ocrx_word' id='word_1_163' title='bbox 1589 3100 1735 3166; x_wconf 80' lang='lat' dir='ltr'>Tacitus:</span> 
     </span>
    </p>

    <p class='ocr_par' dir='ltr' id='par_1_9' title="bbox 532 3203 1777 4354">
     <span class='ocr_line' id='line_1_22' title="bbox 583 3203 1732 3289; baseline 0.003 -19"><span class='ocrx_word' id='word_1_164' title='bbox 583 3205 727 3281; x_wconf 88' lang='lat' dir='ltr'>„Dehinc</span> <span class='ocrx_word' id='word_1_165' title='bbox 758 3204 867 3270; x_wconf 91' lang='lat' dir='ltr'>audito</span> <span class='ocrx_word' id='word_1_166' title='bbox 898 3204 1066 3289; x_wconf 78' lang='lat' dir='ltr'>legionum</span> <span class='ocrx_word' id='word_1_167' title='bbox 1098 3203 1243 3268; x_wconf 90' lang='lat' dir='ltr'>tumultu</span> <span class='ocrx_word' id='word_1_168' title='bbox 1275 3207 1395 3289; x_wconf 90' lang='lat' dir='ltr'>raptim</span> <span class='ocrx_word' id='word_1_169' title='bbox 1426 3205 1591 3289; x_wconf 85' lang='lat' dir='ltr'>profectus</span> <span class='ocrx_word' id='word_1_170' title='bbox 1626 3210 1732 3273; x_wconf 85' lang='lat' dir='ltr'>obrias</span> 
     </span>
     <span class='ocr_line' id='line_1_23' title="bbox 534 3309 1733 3399; baseline -0.001 -22"><span class='ocrx_word' id='word_1_171' title='bbox 534 3319 623 3377; x_wconf 80' lang='lat' dir='ltr'>extra</span> <span class='ocrx_word' id='word_1_172' title='bbox 655 3319 757 3377; x_wconf 87' lang='lat' dir='ltr'>eastra</span> <span class='ocrx_word' id='word_1_173' title='bbox 786 3312 915 3388; x_wconf 88' lang='lat' dir='ltr'>habuit,</span> <span class='ocrx_word' id='word_1_174' title='bbox 946 3311 1140 3395; x_wconf 90' lang='lat' dir='ltr'>deiectisque</span> <span class='ocrx_word' id='word_1_175' title='bbox 1170 3314 1203 3375; x_wconf 90' lang='lat' dir='ltr'>iu</span> <span class='ocrx_word' id='word_1_176' title='bbox 1236 3317 1355 3375; x_wconf 88' lang='lat' dir='ltr'>terram</span> <span class='ocrx_word' id='word_1_177' title='bbox 1385 3309 1485 3375; x_wconf 89' lang='lat' dir='ltr'>oculis</span> <span class='ocrx_word' id='word_1_178' title='bbox 1511 3310 1608 3377; x_wconf 88' lang='lat' dir='ltr'>velut</span> <span class='ocrx_word' id='word_1_179' title='bbox 1632 3316 1733 3399; x_wconf 87' lang='lat' dir='ltr'>paeni·</span> 
     </span>
     <span class='ocr_line' id='line_1_24' title="bbox 535 3416 1728 3505; baseline 0.003 -23"><span class='ocrx_word' id='word_1_180' title='bbox 535 3422 644 3483; x_wconf 88' lang='lat' dir='ltr'>tentia.</span> <span class='ocrx_word' id='word_1_181' title='bbox 678 3420 852 3501; x_wconf 89' lang='lat' dir='ltr'>Postquam</span> <span class='ocrx_word' id='word_1_182' title='bbox 883 3416 1006 3481; x_wconf 85' lang='lat' dir='ltr'>vallum</span> <span class='ocrx_word' id='word_1_183' title='bbox 1034 3419 1126 3494; x_wconf 77' lang='lat' dir='ltr'>iniit,</span> <span class='ocrx_word' id='word_1_184' title='bbox 1152 3416 1272 3481; x_wconf 81' lang='lat' dir='ltr'>dissoni</span> <span class='ocrx_word' id='word_1_185' title='bbox 1296 3424 1426 3501; x_wconf 90' lang='lat' dir='ltr'>questus</span> <span class='ocrx_word' id='word_1_186' title='bbox 1449 3416 1556 3481; x_wconf 89' lang='lat' dir='ltr'>audiri</span> <span class='ocrx_word' id='word_1_187' title='bbox 1582 3440 1728 3505; x_wconf 88' lang='lat' dir='ltr'>ooepere;</span> 
     </span>
     <span class='ocr_line' id='line_1_25' title="bbox 534 3522 1730 3610; baseline -0.003 -21"><span class='ocrx_word' id='word_1_188' title='bbox 534 3531 566 3590; x_wconf 92' lang='lat' dir='ltr'>et</span> <span class='ocrx_word' id='word_1_189' title='bbox 590 3524 719 3610; x_wconf 89' lang='lat' dir='ltr'>quidam</span> <span class='ocrx_word' id='word_1_190' title='bbox 737 3548 851 3607; x_wconf 71' lang='lat' dir='ltr'>prensa</span> <span class='ocrx_word' id='word_1_191' title='bbox 872 3548 961 3587; x_wconf 77' lang='lat' dir='ltr'>marro</span> <span class='ocrx_word' id='word_1_192' title='bbox 985 3524 1049 3587; x_wconf 63' lang='lat' dir='ltr'>ece</span> <span class='ocrx_word' id='word_1_193' title='bbox 1073 3545 1129 3608; x_wconf 91' lang='lat' dir='ltr'>per</span> <span class='ocrx_word' id='word_1_194' title='bbox 1152 3526 1291 3609; x_wconf 90' lang='lat' dir='ltr'>speciem</span> <span class='ocrx_word' id='word_1_195' title='bbox 1314 3522 1518 3588; x_wconf 83' lang='lat' dir='ltr'>exosculandi</span> <span class='ocrx_word' id='word_1_196' title='bbox 1538 3525 1730 3590; x_wconf 74' lang='lat' dir='ltr'>inseruerunt</span> 
     </span>
     <span class='ocr_line' id='line_1_26' title="bbox 534 3630 1777 3716; baseline 0.001 -21"><span class='ocrx_word' id='word_1_197' title='bbox 534 3632 645 3713; x_wconf 65' lang='lat' dir='ltr'>dicitur</span> <span class='ocrx_word' id='word_1_198' title='bbox 668 3653 694 3697; x_wconf 92' lang='lat' dir='ltr'>e.</span> <span class='ocrx_word' id='word_1_199' title='bbox 708 3653 737 3716; x_wconf 93' lang='lat' dir='ltr'>q.</span> <span class='ocrx_word' id='word_1_200' title='bbox 751 3631 798 3696; x_wconf 89' lang='lat' dir='ltr'>s.&#39;’</span> <span class='ocrx_word' id='word_1_201' title='bbox 824 3631 886 3695; x_wconf 89' lang='lat' dir='ltr'>Hic</span> <span class='ocrx_word' id='word_1_202' title='bbox 907 3652 1030 3716; x_wconf 91' lang='lat' dir='ltr'>quoque</span> <span class='ocrx_word' id='word_1_203' title='bbox 1051 3630 1090 3694; x_wconf 94' lang='lat' dir='ltr'>de</span> <span class='ocrx_word' id='word_1_204' title='bbox 1111 3652 1204 3695; x_wconf 91' lang='lat' dir='ltr'>sensu</span> <span class='ocrx_word' id='word_1_205' title='bbox 1225 3636 1365 3707; x_wconf 80' lang='lat' dir='ltr'>constat,</span> <span class='ocrx_word' id='word_1_206' title='bbox 1386 3630 1628 3698; x_wconf 85' lang='lat' dir='ltr'>dubitationem</span> <span class='ocrx_word' id='word_1_207' title='bbox 1647 3638 1727 3699; x_wconf 90' lang='lat' dir='ltr'>euim</span> <span class='ocrx_word' id='word_1_208' title='bbox 1776 3645 1777 3668; x_wconf 78' lang='lat'><em>³</em></span> 
     </span>
     <span class='ocr_line' id='line_1_27' title="bbox 534 3738 1727 3822; baseline 0 -20"><span class='ocrx_word' id='word_1_209' title='bbox 534 3741 680 3803; x_wconf 84' lang='lat' dir='ltr'>eximunt</span> <span class='ocrx_word' id='word_1_210' title='bbox 700 3759 779 3822; x_wconf 87' lang='lat' dir='ltr'>quae</span> <span class='ocrx_word' id='word_1_211' title='bbox 800 3740 911 3802; x_wconf 86' lang='lat' dir='ltr'>statim</span> <span class='ocrx_word' id='word_1_212' title='bbox 932 3742 1127 3822; x_wconf 89' lang='lat' dir='ltr'>sequuntur:</span> <span class='ocrx_word' id='word_1_213' title='bbox 1154 3744 1211 3813; x_wconf 86' lang='lat' dir='ltr'>„ut</span> <span class='ocrx_word' id='word_1_214' title='bbox 1236 3758 1336 3802; x_wconf 88' lang='lat' dir='ltr'>vacua</span> <span class='ocrx_word' id='word_1_215' title='bbox 1359 3738 1509 3802; x_wconf 90' lang='lat' dir='ltr'>dentibus</span> <span class='ocrx_word' id='word_1_216' title='bbox 1533 3760 1592 3804; x_wconf 87' lang='lat' dir='ltr'>ora</span> <span class='ocrx_word' id='word_1_217' title='bbox 1613 3744 1727 3805; x_wconf 91' lang='lat' dir='ltr'>contin·</span> 
     </span>
     <span class='ocr_line' id='line_1_28' title="bbox 532 3842 1724 3931; baseline -0.001 -22"><span class='ocrx_word' id='word_1_218' title='bbox 532 3843 656 3931; x_wconf 83' lang='lat' dir='ltr'>geret.”</span> <span class='ocrx_word' id='word_1_219' title='bbox 677 3843 739 3909; x_wconf 83' lang='lat' dir='ltr'>Sed</span> <span class='ocrx_word' id='word_1_220' title='bbox 759 3844 874 3928; x_wconf 91' lang='lat' dir='ltr'>quibus</span> <span class='ocrx_word' id='word_1_221' title='bbox 895 3844 1001 3907; x_wconf 84' lang='lat' dir='ltr'>verbis</span> <span class='ocrx_word' id='word_1_222' title='bbox 1014 3864 1089 3906; x_wconf 93' lang='lat' dir='ltr'>usus</span> <span class='ocrx_word' id='word_1_223' title='bbox 1103 3845 1146 3907; x_wconf 88' lang='lat' dir='ltr'>sit</span> <span class='ocrx_word' id='word_1_224' title='bbox 1158 3842 1287 3907; x_wconf 81' lang='lat' dir='ltr'>Tacitus</span> <span class='ocrx_word' id='word_1_225' title='bbox 1299 3845 1416 3908; x_wconf 84' lang='lat' dir='ltr'>frustra</span> <span class='ocrx_word' id='word_1_226' title='bbox 1428 3864 1563 3928; x_wconf 88' lang='lat' dir='ltr'>quaero;</span> <span class='ocrx_word' id='word_1_227' title='bbox 1579 3848 1623 3910; x_wconf 92' lang='lat' dir='ltr'>iis</span> <span class='ocrx_word' id='word_1_228' title='bbox 1635 3866 1724 3910; x_wconf 88' lang='lat' dir='ltr'>usum</span> 
     </span>
     <span class='ocr_line' id='line_1_29' title="bbox 533 3948 1723 4036; baseline -0.002 -21"><span class='ocrx_word' id='word_1_229' title='bbox 533 3972 614 4036; x_wconf 90' lang='lat' dir='ltr'>quae</span> <span class='ocrx_word' id='word_1_230' title='bbox 645 3950 763 4014; x_wconf 88' lang='lat' dir='ltr'>tradita</span> <span class='ocrx_word' id='word_1_231' title='bbox 787 3952 851 4013; x_wconf 90' lang='lat' dir='ltr'>sint</span> <span class='ocrx_word' id='word_1_232' title='bbox 875 3948 1068 4014; x_wconf 86' lang='lat' dir='ltr'>confidenter</span> <span class='ocrx_word' id='word_1_233' title='bbox 1091 3970 1185 4035; x_wconf 78' lang='lat' dir='ltr'>nego.</span> <span class='ocrx_word' id='word_1_234' title='bbox 1217 3948 1315 4014; x_wconf 85' lang='lat' dir='ltr'>Salva</span> <span class='ocrx_word' id='word_1_235' title='bbox 1337 3953 1422 4014; x_wconf 91' lang='lat' dir='ltr'>enim</span> <span class='ocrx_word' id='word_1_236' title='bbox 1446 3949 1627 4016; x_wconf 84' lang='lat' dir='ltr'>Latinitate</span> <span class='ocrx_word' id='word_1_237' title='bbox 1649 3956 1723 4017; x_wconf 86' lang='lat' dir='ltr'>ista:</span> 
     </span>
     <span class='ocr_line' id='line_1_30' title="bbox 535 4055 1723 4141; baseline 0.002 -22"><span class='ocrx_word' id='word_1_238' title='bbox 535 4076 669 4141; x_wconf 85' lang='lat' dir='ltr'>„prensa</span> <span class='ocrx_word' id='word_1_239' title='bbox 702 4077 798 4120; x_wconf 90' lang='lat' dir='ltr'>manu</span> <span class='ocrx_word' id='word_1_240' title='bbox 831 4058 898 4119; x_wconf 90' lang='lat' dir='ltr'>eius</span> <span class='ocrx_word' id='word_1_241' title='bbox 929 4058 1132 4119; x_wconf 87' lang='lat' dir='ltr'>inseruerunt</span> <span class='ocrx_word' id='word_1_242' title='bbox 1163 4056 1304 4141; x_wconf 68' lang='lat' dir='ltr'>digitos’</span> <span class='ocrx_word' id='word_1_243' title='bbox 1327 4055 1416 4119; x_wconf 93' lang='lat' dir='ltr'>aliud</span> <span class='ocrx_word' id='word_1_244' title='bbox 1438 4055 1521 4120; x_wconf 90' lang='lat' dir='ltr'>nihil</span> <span class='ocrx_word' id='word_1_245' title='bbox 1544 4078 1648 4141; x_wconf 90' lang='lat' dir='ltr'>quam</span> <span class='ocrx_word' id='word_1_246' title='bbox 1671 4059 1723 4123; x_wconf 89' lang='lat' dir='ltr'>boe</span> 
     </span>
     <span class='ocr_line' id='line_1_31' title="bbox 532 4158 1777 4248; baseline 0.001 -23"><span class='ocrx_word' id='word_1_247' title='bbox 532 4161 709 4248; x_wconf 82' lang='lat' dir='ltr'>siguificare</span> <span class='ocrx_word' id='word_1_248' title='bbox 722 4168 868 4246; x_wconf 86' lang='lat' dir='ltr'>possunt:</span> <span class='ocrx_word' id='word_1_249' title='bbox 883 4160 1026 4238; x_wconf 88' lang='lat' dir='ltr'>„milites</span> <span class='ocrx_word' id='word_1_250' title='bbox 1038 4158 1220 4226; x_wconf 83' lang='lat' dir='ltr'>Germanici</span> <span class='ocrx_word' id='word_1_251' title='bbox 1234 4181 1365 4225; x_wconf 87' lang='lat' dir='ltr'>manum</span> <span class='ocrx_word' id='word_1_252' title='bbox 1379 4161 1622 4246; x_wconf 88' lang='lat' dir='ltr'>prehenderunt</span> <span class='ocrx_word' id='word_1_253' title='bbox 1634 4171 1724 4248; x_wconf 85' lang='lat' dir='ltr'>atque</span> <span class='ocrx_word' id='word_1_254' title='bbox 1776 4177 1777 4240; x_wconf 64' lang='lat' dir='ltr'>l</span> 
     </span>
     <span class='ocr_line' id='line_1_32' title="bbox 533 4257 1777 4354; baseline -0.001 -20"><span class='ocrx_word' id='word_1_255' title='bbox 533 4270 608 4334; x_wconf 90' lang='lat' dir='ltr'>huic</span> <span class='ocrx_word' id='word_1_256' title='bbox 632 4271 742 4332; x_wconf 88' lang='lat' dir='ltr'>manui</span> <span class='ocrx_word' id='word_1_257' title='bbox 766 4289 841 4333; x_wconf 89' lang='lat' dir='ltr'>suos</span> <span class='ocrx_word' id='word_1_258' title='bbox 864 4268 983 4354; x_wconf 83' lang='lat' dir='ltr'>digitos</span> <span class='ocrx_word' id='word_1_259' title='bbox 1005 4268 1240 4332; x_wconf 87' lang='lat' dir='ltr'>inseruerunt.’&#39;</span> <span class='ocrx_word' id='word_1_260' title='bbox 1264 4267 1355 4348; x_wconf 82' lang='lat' dir='ltr'>Quod</span> <span class='ocrx_word' id='word_1_261' title='bbox 1375 4274 1424 4332; x_wconf 88' lang='lat' dir='ltr'>est</span> <span class='ocrx_word' id='word_1_262' title='bbox 1443 4268 1722 4336; x_wconf 80' lang='lat' dir='ltr'>absurdissimum.</span> <span class='ocrx_word' id='word_1_263' title='bbox 1776 4257 1777 4316; x_wconf 72' lang='grc' dir='ltr'>Ϊ</span> 
     </span>
    </p>
   </div>
   <div class='ocr_carea' id='block_1_7' title="bbox 530 4485 1721 4891">
    <p class='ocr_par' dir='ltr' id='par_1_10' title="bbox 530 4485 1721 4785">
     <span class='ocr_line' id='line_1_33' title="bbox 578 4485 1721 4574; baseline 0.003 -24"><span class='ocrx_word' id='word_1_264' title='bbox 578 4490 615 4551; x_wconf 88' lang='grc' dir='ltr'>Α.</span> <span class='ocrx_word' id='word_1_265' title='bbox 647 4486 672 4563; x_wconf 85' lang='grc' dir='ltr'>Ι,</span> <span class='ocrx_word' id='word_1_266' title='bbox 706 4485 758 4551; x_wconf 83' lang='grc'>61.</span> <span class='ocrx_word' id='word_1_267' title='bbox 793 4486 842 4552; x_wconf 84' lang='lat' dir='ltr'>Ad</span> <span class='ocrx_word' id='word_1_268' title='bbox 874 4486 991 4552; x_wconf 93' lang='lat' dir='ltr'>saltum</span> <span class='ocrx_word' id='word_1_269' title='bbox 1024 4487 1336 4574; x_wconf 79' lang='lat' dir='ltr'>Teutoburgeusem‚</span> <span class='ocrx_word' id='word_1_270' title='bbox 1366 4490 1398 4551; x_wconf 91' lang='lat' dir='ltr'>in</span> <span class='ocrx_word' id='word_1_271' title='bbox 1423 4508 1485 4572; x_wconf 93' lang='lat' dir='ltr'>quo</span> <span class='ocrx_word' id='word_1_272' title='bbox 1510 4487 1721 4555; x_wconf 86' lang='lat' dir='ltr'>Varianarum</span> 
     </span>
     <span class='ocr_line' id='line_1_34' title="bbox 530 4591 1720 4682; baseline 0.002 -25"><span class='ocrx_word' id='word_1_273' title='bbox 530 4592 698 4680; x_wconf 82' lang='lat' dir='ltr'>legionum</span> <span class='ocrx_word' id='word_1_274' title='bbox 729 4593 881 4679; x_wconf 88' lang='lat' dir='ltr'>reliquiae</span> <span class='ocrx_word' id='word_1_275' title='bbox 903 4591 1081 4678; x_wconf 89' lang='lat' dir='ltr'>insepultae</span> <span class='ocrx_word' id='word_1_276' title='bbox 1106 4593 1301 4670; x_wconf 87' lang='lat' dir='ltr'>dicebantur,</span> <span class='ocrx_word' id='word_1_277' title='bbox 1327 4591 1538 4658; x_wconf 84' lang='lat' dir='ltr'>Germanicus</span> <span class='ocrx_word' id='word_1_278' title='bbox 1564 4601 1720 4682; x_wconf 87' lang='lat' dir='ltr'>pervenit,</span> 
     </span>
     <span class='ocr_line' id='line_1_35' title="bbox 531 4698 1595 4785; baseline 0 -19"><span class='ocrx_word' id='word_1_279' title='bbox 531 4701 709 4785; x_wconf 92' lang='lat' dir='ltr'>cupidoque</span> <span class='ocrx_word' id='word_1_280' title='bbox 733 4721 807 4764; x_wconf 91' lang='lat' dir='ltr'>eum</span> <span class='ocrx_word' id='word_1_281' title='bbox 830 4699 954 4763; x_wconf 85' lang='lat' dir='ltr'>invadit</span> <span class='ocrx_word' id='word_1_282' title='bbox 977 4698 1136 4764; x_wconf 88' lang='lat' dir='ltr'>militibus</span> <span class='ocrx_word' id='word_1_283' title='bbox 1160 4700 1295 4785; x_wconf 86' lang='lat' dir='ltr'>ducique</span> <span class='ocrx_word' id='word_1_284' title='bbox 1319 4704 1405 4765; x_wconf 91' lang='lat' dir='ltr'>iusta</span> <span class='ocrx_word' id='word_1_285' title='bbox 1426 4698 1595 4766; x_wconf 88' lang='lat' dir='ltr'>solvendi:</span> 
     </span>
    </p>

    <p class='ocr_par' dir='ltr' id='par_1_11' title="bbox 579 4804 1721 4891">
     <span class='ocr_line' id='line_1_36' title="bbox 579 4804 1721 4891; baseline 0.003 -21"><span class='ocrx_word' id='word_1_286' title='bbox 579 4807 749 4883; x_wconf 87' lang='lat' dir='ltr'>„incedunt</span> <span class='ocrx_word' id='word_1_287' title='bbox 772 4810 909 4870; x_wconf 86' lang='lat' dir='ltr'>maestos</span> <span class='ocrx_word' id='word_1_288' title='bbox 932 4804 1016 4871; x_wconf 88' lang='lat' dir='ltr'>locos</span> <span class='ocrx_word' id='word_1_289' title='bbox 1040 4809 1175 4891; x_wconf 88' lang='lat' dir='ltr'>visuque</span> <span class='ocrx_word' id='word_1_290' title='bbox 1194 4827 1229 4871; x_wconf 87' lang='lat' dir='ltr'>ac</span> <span class='ocrx_word' id='word_1_291' title='bbox 1249 4810 1405 4872; x_wconf 87' lang='lat' dir='ltr'>memoria</span> <span class='ocrx_word' id='word_1_292' title='bbox 1425 4805 1592 4873; x_wconf 87' lang='lat' dir='ltr'>deformis.</span> <span class='ocrx_word' id='word_1_293' title='bbox 1617 4809 1721 4873; x_wconf 76' lang='lat' dir='ltr'>Prima</span> 
     </span>
    </p>
   </div>
   <div class='ocr_carea' id='block_1_8' title="bbox 0 0 2268 5946">
    <p class='ocr_par' dir='ltr' id='par_1_12' title="bbox 0 0 2268 5946">
     <span class='ocr_line' id='line_1_37' title="bbox 0 0 2268 5946; baseline 0 0"><span class='ocrx_word' id='word_1_294' title='bbox 0 0 2268 5946; x_wconf 95' lang='lat' dir='ltr'> </span> 
     </span>
    </p>
   </div>
  </div>
 </body>
</html>
