4525 5950
953 719 1195 767 nruosunruus.
1582 702 1647 769 309

494 883 517 966 ᾖ
538 880 604 947 117
624 904 655 967 p.
677 879 760 948 376:
785 881 822 946 ἵν’
841 879 890 947 οὖν
909 884 984 958 μήτ’
1004 886 1076 962 οἰφῶ
1098 886 1173 958 μήτ’
1195 885 1385 960 αἰτιάσωμαι
1407 886 1539 971 μηδένα,
1559 889 1646 951 οἰλλοί
1708 865 1717 888 ’

443 991 484 1052 τί
508 992 648 1067 πρᾶγμα
669 991 745 1053 αὐτὸ
765 989 836 1060 τοὺς
858 990 914 1063 μὲν
936 990 1051 1060 αἰτίους
1073 988 1180 1070 εὕρη,
1201 991 1272 1062 τοὺς
1292 991 1322 1055 δὲ
1343 994 1387 1066 μη
1406 994 1648 1073 μετεσχηκότας

444 1095 533 1174 ἀφῇ.
570 1094 653 1174 Quid
684 1101 733 1160 est
763 1117 780 1161 e
809 1099 940 1182 regione
974 1099 1157 1181 oppositum
1191 1100 1232 1176 τῷ
1264 1094 1414 1177 cipriane?
1445 1099 1532 1163 Num
1565 1101 1647 1164 torte

446 1198 622 1278 εὖρίσκεινί
654 1200 724 1266 Imo
758 1203 861 1278 αἱρεῖν.
894 1201 977 1281 Quin
1001 1205 1105 1288 igitur
1127 1205 1332 1287 reponimus:
1358 1205 1426 1276 τοὺς
1450 1206 1506 1280 μὲν
1531 1206 1648 1276 αἰτίους

453 1315 560 1387 αιρηῑ.

497 1491 604 1577 §129
635 1515 666 1578 p.
693 1491 776 1558 381:
811 1494 841 1557 ίν
873 1502 934 1561 τοῖς
969 1503 1073 1567 κοινοῖς
1107 1505 1169 1567 τοῖς
1204 1498 1357 1574 ὑμετέροις
1383 1497 1570 1575 γράμμασιν
1594 1499 1646 1580 [ἐν

451 1601 504 1677 τῷ
536 1597 712 1682 μητρῴῳ]
746 1600 798 1675 ἐφ’
827 1593 867 1669 οίς
901 1599 1079 1673 σ’ἰημίσιος
1104 1604 1266 1667 τέτακται.
1292 1604 1548 1668 Asservabantur
1572 1624 1647 1668 saue

449 1705 495 1767 τοὶ
529 1705 613 1767 κοινοί
644 1704 702 1769 illa
726 1706 908 1785 γροίμματα
933 1706 962 1768 ἕν
987 1709 1028 1785 τῷ
1052 1704 1197 1786 μητρῴῳ,
1221 1708 1276 1771 sed
1299 1713 1406 1773 eratne
1431 1711 1572 1793 pretium
1596 1707 1648 1773 ad·

448 1809 527 1874 dere
552 1809 635 1894 quod
659 1832 768 1876 omnes
791 1808 923 1876 norant?
947 1809 1041 1877 Oerta
1060 1818 1108 1876 est
1128 1812 1279 1878 tabularii
1298 1813 1392 1892 fides;
1414 1821 1538 1899 praeest
1558 1817 1645 1879 euim

449 1918 463 1981 t
498 1917 659 1990 δημόσιος·
696 1917 756 1982 hoc
791 1917 830 1982 ad
861 1939 928 1982 rem
962 1923 1111 2004 pertinet.
1144 1918 1223 1984 Vide
1254 1941 1381 2004 quoque
1412 1920 1525 1984 Aesch.
1559 1919 1644 1984 Fels.

449 2021 532 2106 Leg.
559 2021 650 2106 §89.

497 2207 602 2294 §137
633 2232 664 2296 p.
690 2208 773 2274 383:
807 2211 910 2282 ἐπειδη
942 2212 1015 2287 παρ’
1041 2209 1111 2283 ὑμῖν
1143 2209 1271 2274 ἐπιίίετο
1300 2212 1393 2275 αιίτίν
1418 2212 1567 2276 τεθνεῶτα
1592 2212 1645 2276 καί

448 2315 520 2379 οὐδὲ
553 2321 606 2378 τοῦ
640 2312 692 2394 ζῆν
715 2314 788 2379 ίντα
813 2317 907 2394 κύριον
932 2317 1037 2394 αὐτῷ
1061 2316 1299 2392 βεβαιῶσαι.
1325 2315 1489 2381 Dobraeus
1512 2338 1543 2401 p.
1568 2316 1645 2394 427,

449 2442 555 2507 quum
586 2423 691 2486 nescio
722 2421 879 2505 quomodo
909 2422 972 2486 sibi
1001 2423 1210 2504 persuasisset
1239 2423 1273 2485 in
1304 2420 1395 2485 libris
1420 2424 1646 2507 manuscriptis

448 2529 593 2591 inveniri
624 2529 658 2590 τὸ
684 2527 747 2607 ζῆν,
771 2526 886 2592 multis
910 2526 990 2592 locis
1014 2527 1121 2592 allatis
1145 2528 1272 2591 studuit
1295 2528 1427 2612 probare
1452 2529 1546 2605 κιίριος
1571 2549 1646 2592 cum

448 2631 615 2698 infinitivo
641 2632 726 2718 apud
749 2632 997 2699 Demosthenem
1020 2635 1205 2718 saepissime
1229 2635 1387 2708 construi,
1411 2638 1448 2697 ut
1466 2633 1644 2709 βεβαιῶσαι

448 2738 604 2824 penderet
634 2759 672 2802 ex
705 2759 740 2804 so
771 2739 857 2823 quod
888 2744 937 2804 est
969 2741 1065 2816 κύριον
1095 2744 1128 2804 et
1158 2739 1193 2801 τὸ
1217 2737 1270 2818 ζῆν
1294 2759 1333 2804 er
1356 2758 1393 2802 co
1416 2739 1501 2822 quod
1524 2744 1572 2802 est
1593 2737 1646 2813 βε-

447 2843 597 2918 βαιῶσαι.
629 2842 750 2908 Verum
780 2843 901 2908 codices
933 2864 1061 2919 omnes,
1086 2865 1148 2907 uuo
1171 2842 1239 2908 solo
1263 2843 1396 2907 fortasse
1417 2848 1566 2927 excepto,
1591 2846 1644 2907 τοῦ

447 2947 505 3027 ζῆν
536 2954 772 3032 repraesentant
795 2954 827 3013 ct
850 2950 1003 3014 correctio
1027 2950 1133 3033 magis
1158 2946 1238 3013 lenis
1262 2947 1390 3012 videtur
1413 2967 1510 3032 quam
1534 2967 1645 3013 revera

448 3063 517 3130 est,
550 3074 651 3137 quum
674 3056 862 3138 praesertim
884 3054 1060 3138 impeditus
1085 3056 1209 3117 oriatur
1233 3055 1404 3119 verborum
1430 3053 1517 3118 ordo.
1541 3052 1642 3138 Scrip-

448 3160 550 3222 serim
581 3158 746 3242 equidem:
778 3164 831 3222 τοῦ
863 3157 915 3239 ζῆν
944 3158 1017 3223 ὄντα
1041 3160 1147 3237 κύριον,
1173 3155 1287 3222 deletis
1310 3156 1512 3242 interpolatis
1536 3158 1643 3223 verbis

448 3265 536 3341 αὐτῷ
559 3261 752 3339 βεβαιῶσαι.

495 3451 512 3533 §
535 3449 599 3514 140
620 3471 650 3534 p.
674 3449 758 3514 384:
779 3449 877 3526 ἠξίουν
996 3449 1081 3527 οἰξιίν
1101 3475 1129 3514 τι
1152 3451 1204 3512 ιιαί
1226 3452 1319 3515 αὑτοῦ
1341 3449 1393 3514 ιιαί
1416 3458 1473 3515 τῶν
1495 3451 1642 3525 Θηβαίων

446 3555 568 3633 πρᾶξαι
604 3557 656 3618 καί
687 3551 758 3629 dans
789 3580 826 3620 τε
856 3558 911 3627 την
942 3555 1030 3619 σίνιιν
1061 3553 1137 3620 οὕτω
1170 3556 1221 3618 καί
1255 3564 1346 3633 σφεῖς
1376 3558 1641 3639 [ιίμολιίγουν]

446 3660 596 3737 ὑπάρξειν
630 3662 724 3739 αὐτῷ.
756 3662 815 3726 Est
846 3661 940 3747 plane
969 3660 1085 3726 inutile
1115 3660 1257 3726 fulcrum
1288 3660 1371 3725 illud
1393 3662 1641 3737 ὡμολόγουν.

445 3767 617 3831 Praeterea
647 3765 787 3832 notabile
817 3773 865 3831 est
896 3788 1069 3851 pronomen
1102 3774 1194 3843 σφεῖς
1227 3770 1261 3830 in
1292 3765 1358 3830 solo
1391 3767 1536 3831 Parisino
1560 3766 1642 3832 libro

445 3875 625 3938 rectissime
659 3879 833 3937 serratum.
869 3872 1010 3938 Unicum
1041 3878 1089 3936 est
1119 3876 1146 3937 si
1178 3873 1258 3937 bene
1291 3874 1425 3935 memini
1456 3871 1641 3956 exemplum

445 3976 536 4061 apud
560 3975 819 4043 Demosthenem.

493 4164 596 4248 §141
629 4186 660 4249 p.
687 4163 770 4228 384:
802 4164 960 4244 σκέψασθε
993 4164 1025 4226 τί
1055 4173 1117 4236 τοῖς
1144 4163 1295 4240 Θηβαίοις
1317 4165 1445 4241 γέγονεν
1470 4166 1503 4227 ίκ
1528 4135 1641 4229 τούτοιν

443 4272 500 4334 καί
533 4272 564 4333 τί
593 4269 870 4346 συμβέβηκεν.
903 4270 966 4335 Hic
987 4277 1097 4335 contra
1121 4270 1243 4355 aliquid
1267 4271 1388 4336 excidit
1410 4278 1442 4335 et
1465 4275 1640 4337 necessario

442 4374 683 4461 supplendum:
709 4375 763 4439 καί
785 4375 816 4438 τί
839 4378 961 4461 (ἡμῖν)
986 4376 1198 4453 σνμβίβηιιεν.

490 4579 509 4661 §
533 4575 595 4640 149
620 4598 650 4660 p.
676 4575 760 4642 387:
786 4581 874 4641 τοῦτο
900 4576 925 4640 δ’
947 4572 980 4649 ἦν
1000 4578 1035 4640 τί
1055 4576 1296 4641 δεινότατον
1317 4581 1371 4639 τοῦ
1392 4578 1465 4655 πρὸς
1487 4577 1640 4640 Φίλιππον

440 4684 592 4755 πολέμου.
618 4680 736 4746 Nullus
757 4683 809 4747 hic
833 4682 922 4748 locus
945 4682 1163 4768 superlativo;
1188 4681 1261 4768 lege
1285 4683 1424 4746 δεινόν.
1450 4681 1520 4747 Hoc
1544 4682 1639 4748 modo

439 4809 536 4872 saepe
560 4794 685 4851 erratur
707 4809 781 4852 cum
803 4791 837 4852 in
861 4786 992 4854 Graecis
1016 4788 1225 4872 scriptoribus
1251 4795 1322 4850 tum
1345 4790 1378 4851 iu
1403 4788 1538 4853 Latinis.

1459 4908 1490 4955 al
