4525 5950
901 1308 988 1399 AD
1028 1308 1369 1399 SENECAM.

1080 1530 1205 1571 SOBIPSl'l'

950 1698 1014 1765 ·W.
1039 1696 1074 1765 0.
1099 1697 1141 1763 K.
1165 1695 1315 1764 OAPEL.

1047 1999 1236 2044 -onoo—

1324 2241 1424 2293 Seeecae
1443 2243 1520 2307 Epist.
1539 2245 1575 2293 ed.
1596 2245 1623 2294 0.
1643 2245 1738 2305 Hense,

1241 2344 1244 2353 ·
1359 2341 1397 2389 ap.
1418 2326 1529 2375 Teubner.
1547 2326 1619 2376 luas.

582 2510 643 2594 Elp.
665 2507 787 2581 89,16.
809 2508 844 2573 Iu
864 2508 925 2572 hao
945 2507 1146 2594 paragrapho
1157 2505 1305 2572 laeunam
1317 2512 1349 2571 et
1361 2506 1491 2590 quidem
1503 2508 1579 2570 satis
1591 2505 1734 2592 amplam

536 2616 621 2680 mihi
652 2613 764 2679 videor
789 2613 1034 2699 deprehendere.
1060 2611 1177 2678 Morali
1201 2614 1287 2677 enim
1311 2610 1530 2698 philosophiae
1553 2618 1642 2699 parte
1665 2632 1734 2697 per·

536 2726 675 2787 tractata
697 2719 816 2786 Seneca
838 2718 1019 2784 naturalem
1042 2718 1208 2805 disponere
1230 2720 1360 2802 incipit;
1386 2717 1463 2782 haee
1485 2725 1596 2783 autem
1618 2718 1652 2780 ia
1675 2719 1734 2781 duo

536 2829 706 2892 scinditur:
736 2826 908 2908 corporalia
937 2833 966 2889 et
996 2824 1211 2908 incorporalia.
1239 2831 1366 2908 utraque
1388 2823 1568 2887 dividuntur
1590 2825 1624 2887 in
1647 2846 1733 2902 euos,

537 2941 571 2998 at
602 2934 648 2997 ita
676 2933 792 3010 dicam,
813 2933 939 3014 predae.
964 2953 1117 3014 corporane
1141 2931 1222 2995 locres
1244 2930 1277 2994 ia
1300 2931 1353 2994 hoa
1369 2930 1518 3014 primum,
1543 2930 1577 2995 in
1600 2953 1636 2994 eo
1658 2953 1734 3017 qaae

534 3038 663 3121 faciunt
693 3044 722 3101 et
745 3059 822 3123 quae
845 3060 881 3101 eo
903 3037 952 3101 tis
971 3039 1155 3121 siquenm.-
1177 3037 1343 3119 9s'pnuotur
1366 3044 1464 3100 autem
1487 3037 1639 3103 elementa.
1668 3038 1734 3120 ipse

536 3146 624 3227 (de)
641 3143 666 3223 ¹)
689 3143 840 3208 sternentis
863 3144 961 3222 lomes,
981 3150 1015 3207 ut
1032 3144 1154 3230 quidam
1167 3149 1298 3226 puteat,
1319 3142 1446 3225 simplos
1467 3150 1525 3220 eet,
1547 3150 1581 3206 ut
1600 3144 1731 3228 quidam,

534 3251 569 3315 in
605 3249 760 3314 materiam
795 3256 824 3314 et
858 3273 977 3314 caueam
1013 3250 1113 3315 omnio
1145 3256 1303 3313 moventem
1338 3255 1367 3312 et
1401 3249 1541 3313 elersenta
1571 3250 1733 3315 dividitur.

534 3358 678 3440 &operest
700 3363 735 3419 ut
757 3363 812 3421 ete.

581 3460 748 3541 Quomodo
780 3461 859 3526 haec
891 3458 952 3526 ulli
975 3463 1145 3547 interpreti
1169 3481 1245 3525 sana
1269 3460 1371 3525 videri
1394 3462 1577 3546 potuerint,
1601 3482 1661 3526 non
1686 3464 1733 3526 in·

533 3566 673 3654 tellego:
698 3587 773 3632 nam
797 3565 957 3632 elementa
977 3568 1064 3649 pipat
1086 3567 1246 3644 dicuntur,
1270 3567 1382 3632 deinde
1402 3565 1433 3631 S.
1455 3566 1544 3631 addit
1562 3566 1735 3633 nonnullos

532 3693 604 3738 esse
631 3674 687 3758 qui
708 3671 817 3737 locum
842 3672 929 3749 <de>
954 3671 1121 3738 elementis
1146 3676 1201 3751 „in
1225 3676 1396 3738 materiam
1419 3678 1451 3737 et
1474 3693 1603 3737 oausam
1627 3676 1734 3739 omnia

532 3783 721 3844 moventem
750 3785 782 3843 et
803 3777 984 3843 elementa'’
1008 3778 1164 3843 dividant.
1190 3779 1274 3844 Mira
1297 3799 1371 3843 sane
1395 3777 1571 3856 elementa,
1597 3800 1677 3864 quae
1701 3785 1734 3845 et

530 3887 607 3969 ipsa
632 3885 852 3970 „gignentur”
877 3891 911 3950 et
934 3888 988 3963 „in
1011 3887 1182 3950 materiam
1206 3891 1238 3950 et
1261 3905 1392 3950 oausam
1415 3887 1523 3948 omnia
1547 3891 1732 3949 moventem

530 3997 567 4056 et
602 3988 782 4055 elementa'’
820 3990 922 4055 dividi
958 3993 1093 4075 possint.
1129 3990 1219 4071 Quod
1256 3993 1375 4056 vitium
1410 3990 1542 4055 fortasse
1577 3992 1624 4054 ita
1660 3990 1733 4055 tolli

532 4100 659 4182 potest,
692 4101 731 4159 ut
761 4102 818 4160 aut
848 4117 918 4161 voc.
951 4103 980 4159 et
1003 4097 1145 4160 elementa
1168 4103 1334 4181 tamquam
1357 4095 1518 4182 glossema
1542 4117 1610 4162 voc.
1635 4098 1733 4159 omnia

530 4201 717 4278 deleamus,
742 4208 798 4266 aut
822 4224 880 4289 pro
903 4202 1055 4266 dividitur
1077 4202 1226 4289 legamus
1251 4202 1430 4265 dividuntur
1448 4208 1539 4280 (tuno
1552 4204 1732 4268 subiectum

529 4313 583 4373 est
606 4328 674 4373 roo.
700 4307 860 4382 eleuata,
883 4314 917 4374 et
939 4316 1036 4373 aarum
1059 4309 1145 4373 idem
1171 4308 1258 4373 valet
1277 4308 1360 4393 quod
1381 4308 1494 4389 etiam).
1516 4307 1578 4373 Sed
1598 4312 1732 4395 gravius

528 4417 650 4479 rest-at:
683 4412 765 4477 nihil
793 4416 881 4479 enim
909 4414 1063 4480 discimus
1086 4415 1124 4479 de
1147 4414 1242 4479 modo
1265 4435 1328 4499 quo
1354 4414 1604 4499 „incorporalia”
1629 4414 1731 4478 dividi

529 4517 657 4585 soleant
664 4538 673 4598 3
695 4524 780 4603 quod
799 4521 854 4584 rix
874 4540 909 4585 ao
928 4519 1044 4586 ue'vix
1064 4520 1195 4606 quidem
1210 4519 1434 4606 neglegentiae
1446 4523 1585 4585 auctoris
1597 4521 1731 4584 attribui

566 4790 595 4854 1)
613 4791 651 4840 De
667 4789 752 4839 inserit
769 4805 830 4839 unus
847 4805 860 4838 e
877 4790 1049 4840 recentioribus
1065 4791 1125 4848 nod,
1144 4791 1236 4840 omittit
1254 4792 1283 4842 B.
