4525 5950
533 685 599 750 444
1004 702 1245 751 nnnoennnnne.
1346 666 1352 678 ⁹

534 869 678 933 torohum
700 868 738 933 de
758 865 881 935 Ourios.
902 890 932 953 p.
955 865 1071 934 5160:
1096 869 1179 945 μίκρ’
1204 866 1290 932 όιττα
1313 874 1370 932 τῶν
1394 868 1495 943 λόγων
1516 866 1615 930 αὐτοῦ
1636 864 1720 944 σπίρ

532 998 625 1049 ματα
649 976 700 1036 καί
725 975 887 1049 δείγματα
911 973 1030 1052 λαβών,
1055 970 1148 1044 οὕτως
1169 976 1313 1048 ίμπαόῶς
1334 972 1438 1054 ἔσχεν,
1457 971 1516 1041 cine
1535 974 1579 1051 τῷ
1599 975 1720 1047 σώματι

532 1089 702 1157 συμπεσεῖν
726 1080 778 1144 καί
803 1081 944 1156 γενίσόαι
970 1082 1173 1145 παντιίπασιν
1197 1085 1293 1161 ὦχρός
1317 1082 1369 1145 καί
1393 1081 1510 1162 ίσχνός.
1543 1079 1614 1143 lom
1639 1077 1722 1164 apud

534 1186 796 1263 Demosthenem,
826 1185 877 1252 vel
899 1189 1093 1273 quicumque
1117 1187 1246 1252 taudem
1269 1189 1350 1253 hene
1373 1190 1552 1253 orationem
1576 1187 1720 1270 scripsit,

533 1296 642 1366 νεαλὴς
673 1294 705 1358 δὲ
736 1295 787 1357 καί
813 1294 992 1373 πρόσφατος
1017 1295 1055 1359 ὢν
1079 1295 1188 1366 ἐκεῖνος
1214 1304 1316 1372 περιῆν
1340 1296 1436 1360 αὐτοῦ
1460 1290 1721 1372 τεταριχευμένου

532 1401 584 1463 καὶ
618 1400 745 1463 πολὺν
774 1399 916 1480 χρόνον
948 1400 1285 1477 ἐμπεπτωκότος,
1316 1422 1379 1466 non
1409 1401 1522 1485 opinor
1554 1419 1632 1464 eum
1667 1400 1720 1483 qui

532 1505 587 1569 din
619 1507 654 1569 in
677 1526 799 1571 carcere
822 1508 948 1571 vinctus
972 1507 1085 1584 fuerit,
1110 1514 1196 1572 reete
1219 1506 1281 1571 diei
1306 1506 1402 1570 πολὺν
1426 1506 1533 1585 χρόνον
1557 1505 1722 1580 ε’μτεττιε

532 1612 635 1688 κέναι,
660 1612 714 1676 ned
738 1614 864 1676 etiemei
886 1612 945 1677 hoe
967 1612 1156 1691 concedam,
1181 1615 1307 1698 requiro
1332 1619 1439 1678 temen
1464 1632 1503 1677 ne
1526 1616 1640 1676 orator
1664 1631 1724 1675 mo

531 1718 700 1803 tephorem
730 1717 853 1783 deseret
882 1740 978 1804 quem
1008 1723 1169 1797 instituit,
1206 1741 1308 1805 quum
1343 1726 1438 1790 νεαλῆ
1474 1722 1506 1782 et
1540 1717 1724 1796 πρόσφατον

531 1823 724 1910 appelleret,
753 1828 805 1890 eui
828 1826 1083 1905 τεταριχευμένου
1107 1834 1289 1912 opponeret.
1313 1825 1417 1891 Sicuti
1441 1823 1525 1912 epud
1549 1823 1721 1889 Platonem

531 1933 770 2017 coniunguntur
805 1933 1022 2011 ταριχεύεσθαι
1060 1933 1111 1996 καί
1150 1933 1350 2011 συμπίπτειν,
1382 1934 1427 1996 sio
1458 1936 1566 1996 orator
1597 1950 1724 2016 quoque

533 2036 636 2101 dedit:
664 2038 923 2115 τεταριχευμένου
950 2038 1001 2101 καί
1026 2038 1392 2115 συμπεπτωκότος,
1423 2059 1485 2123 quo
1513 2042 1669 2122 corrupto
1693 2041 1723 2101 et

533 2147 660 2207 mutato
692 2145 727 2206 in
758 2142 1014 2226 ἐμπεπτωκότος,
1039 2143 1103 2208 fuit
1125 2147 1181 2229 qui
1205 2143 1351 2209 adderet:
1376 2145 1473 2208 πολὺν
1496 2142 1618 2224 χρόνον,
1644 2141 1724 2227 quod

531 2270 616 2314 nunc
647 2254 759 2334 sponte
787 2249 914 2315 excidit.
943 2250 1021 2316 Vide
1049 2259 1211 2337 praeterea
1234 2251 1398 2337 Wyttenb.
1423 2251 1523 2333 Epist.
1554 2249 1633 2315 orit.
1660 2272 1722 2332 εκρ.

532 2355 648 2419 Julian.
673 2355 712 2419 nd
735 2355 865 2420 eolcem.

578 2589 660 2675 §62
691 2611 723 2675 p.
751 2587 832 2655 782:
867 2585 902 2653 οὖ
933 2591 987 2663 τίιν
1010 2594 1075 2668 ῥῖνα
1100 2591 1114 2656 ό
1139 2591 1247 2668 μιαρός
1272 2586 1357 2660 οὗτος
1382 2590 1521 2654 ίσόίων
1545 2588 1723 2669 κατίφα·

533 2721 614 2773 γεν.
646 2697 731 2762 Mire
762 2697 885 2761 dictum
916 2696 999 2782 quod
1032 2717 1142 2761 omnes
1165 2695 1279 2762 elieere
1302 2695 1402 2782 debet¹
1418 2701 1456 2760 ut
1477 2696 1653 2781 ingenium
1676 2717 1722 2761 ex-

531 2806 704 2890 perientur.
726 2802 959 2868 Herwerdenue
980 2804 1092 2867 Mnem.
1116 2800 1202 2868 1875
1222 2824 1253 2887 p.
1268 2801 1334 2867 258
1355 2803 1477 2867 abieoto
1496 2802 1602 2866 ε’σόίων
1624 2805 1720 2867 euenit

532 2908 715 2989 ιὶπίφαγεν,
740 2930 814 2975 cum
838 2911 984 2996 proxime
1007 2913 1190 2997 praecedet:
1216 2911 1354 2974 νίπεσόίει
1380 2912 1433 2983 τὴν
1451 2913 1514 2990 ῥῖνα
1537 2910 1718 2987 τᾶνίρόπον.

532 3017 676 3083 Blessius
708 3018 947 3104 Hermogenem
978 3016 1104 3095 laudet,
1132 3020 1187 3103 qui
1212 3018 1359 3103 exemplo
1383 3023 1517 3095 σκληρῶν
1542 3017 1656 3094 λέξεων
1679 3038 1719 3081 re

534 3129 638 3189 censet
662 3145 736 3189 cum
760 3123 823 3189 aliu
847 3129 936 3188 tum:
961 3127 1125 3188 κατεσθίων
1152 3127 1348 3203 κατέφαγεν,
1368 3129 1406 3189 ut
1424 3143 1536 3188 revera
1556 3126 1718 3188 κατεσόίων

532 3233 566 3296 in
599 3252 657 3295 euo
687 3229 769 3295 libro
801 3229 949 3295 videatur
979 3233 1148 3295 invenisse.
1181 3229 1339 3315 Equidem
1371 3230 1521 3308 coneed03
1555 3232 1718 3296 verumsi

532 3339 697 3401 κατεσίίων
731 3339 911 3421 arripuero,
947 3341 1030 3401 stare
1061 3358 1124 3401 non
1155 3339 1273 3421 poterit
1303 3337 1505 3414 κατέφαγεν·
1540 3358 1606 3401 uon
1638 3339 1717 3402 enim

531 3445 649 3520 σκληρὰ
683 3464 720 3509 ee
750 3444 832 3520 λέξιν
862 3449 928 3518 eet,
960 3443 1014 3507 sed
1044 3441 1138 3528 plene
1169 3443 1313 3508 absurdo.
1346 3442 1430 3523 Quid
1464 3445 1634 3508 sinerum
1657 3449 1715 3509 eet:

532 3550 759 3614 κατεσόίων
784 3546 1013 3613 extenuo?

575 3783 656 3870 §67
687 3807 718 3870 p.
744 3784 825 3851 790:
858 3787 932 3849 ἀλλ’
964 3782 1009 3849 ότι
1039 3785 1083 3855 δίς
1114 3788 1156 3855 είς
1188 3787 1222 3848 τό
1253 3786 1452 3862 δεσμωτήριον
1477 3784 1643 3850 κατίόεσόε
1668 3786 1713 3849 καί

529 3893 622 3955 αὐτὸν
643 3892 694 3955 καί
715 3894 765 3955 τὸν
786 3890 938 3971 ἀδειφόν;
962 3891 1050 3957 Haeo
1069 3891 1200 3977 quidem
1221 3898 1321 3970 reete,
1345 3891 1400 3957 sed
1420 3912 1536 3978 perum
1556 3892 1713 3979 eleganter

532 3997 694 4063 abundent
717 3999 830 4063 verba:
858 3998 924 4062 όιόι
949 4001 1059 4062 ταῦθ’
1083 3999 1175 4072 ὑμῖν
1200 3998 1339 4070 εὔνους
1366 3998 1470 4075 ε’ςίν;

577 4231 657 4316 §71
692 4256 723 4318 p.
749 4231 832 4299 791:
868 4234 951 4298 δεινοί
980 4236 1014 4310 γ’
1039 4233 1077 4297 νἰν
1101 4234 1224 4297 ποίόοιεν
1247 4235 1272 4297 oi
1297 4233 1440 4313 δραχμίιν
1465 4235 1715 4314 ἐγγεγραμμένοι

531 4341 659 4413 μόναν.
684 4341 734 4405 An
757 4346 898 4425 praestet
921 4341 966 4414 μί
974 4338 1040 4404 ανί
1065 4339 1222 4426 Equidem
1246 4340 1293 4405 nil
1317 4339 1439 4405 definio.

577 4577 595 4659 §
616 4574 657 4641 73
682 4599 712 4661 p.
735 4573 817 4641 792:
841 4576 882 4640 όδί
909 4576 964 4650 μὲν
988 4577 1146 4649 όφειλιίσει
1172 4578 1213 4654 τῷ
1239 4575 1370 4654 δημοσίῳ
1393 4576 1421 4658 [ό
1443 4576 1715 4662 ίξοιλειφόείιφ

533 4684 644 4754 ἐκεῖνος
666 4683 698 4747 δὲ
723 4684 864 4757 ε’πίτιμος
888 4683 955 4750 ἔςαι
981 4682 1008 4766 [ό
1033 4686 1047 4746 ε’
1056 4686 1244 4763 γγραφεί
1253 4688 1292 4767 ι].
1318 4683 1457 4749 Verbum
1482 4706 1547 4749 non
1572 4686 1695 4753 addam.
1730 4690 1732 4694 ’
