4525 5950
871 1174 1195 1288 seorsus.

977 1404 1101 1445 soulesru

831 1556 860 1622 J.
892 1556 920 1623 J.
954 1554 1246 1621 ΗΑΒΤΜΑΝ.

685 1709 921 1790 (Continuantur
945 1731 960 1771 e
988 1708 1053 1773 Vol.
1078 1708 1190 1773 XXXI
1202 1731 1276 1791 ραν.
1302 1704 1393 1787 407.)

926 1967 1139 2011 ⁶888*-

980 2178 1098 2245 XVIII.
1129 2240 1132 2247 .

526 2383 568 2431 ΔΙ)
592 2383 652 2431 SBX
676 2380 806 2428 Pmosus
829 2380 997 2428 Auunmuu
1020 2379 1134 2428 meos
1156 2379 1398 2428 nunoufflonus
1421 2380 1550 2428 vestu.

488 2548 583 2613 Dicte
611 2551 677 2612 iam
708 2552 801 2612 entes
830 2544 913 2626 (Vol.
937 2544 1050 2609 XXXI
1074 2567 1105 2631 p.
1132 2543 1197 2610 134
1209 2552 1291 2632 sqq.)
1322 2545 1374 2610 hic
1404 2552 1544 2631 repetam
1576 2544 1629 2610 sed

440 2657 535 2719 novis
557 2652 699 2719 stabilite
721 2655 938 2739 argumentis:

489 2762 527 2824 A.
550 2760 576 2838 I,
605 2761 633 2824 1.
667 2758 808 2838 „Tiberii
839 2756 975 2844 Geiique
1006 2765 1038 2823 et
1061 2756 1190 2825 Claudii
1212 2779 1247 2822 ec
1269 2757 1405 2824 Neronis
1427 2780 1493 2837 res,
1518 2758 1630 2824 floren·

440 2868 528 2933 tibus
558 2869 637 2953 ipsis
667 2868 706 2930 ob
738 2872 862 2930 metum
892 2865 1007 2941 feisse,
1036 2870 1207 2949 postquam
1231 2864 1427 2941 occiderent,
1452 2867 1630 2933 recentibus
1701 2936 1703 2941 ,

438 2975 522 3040 odiis
545 2976 739 3059 compositae
763 2971 871 3038 sunt.''

486 3081 574 3146 Haec
597 3102 658 3167 ego
681 3101 845 3165 nunquam
869 3100 1061 3164 concoquere
1085 3081 1194 3164 potui,
1219 3078 1273 3145 sed
1296 3082 1546 3165 quotiescunque
1570 3084 1632 3146 An·

439 3187 529 3253 noles
560 3188 666 3273 legere
689 3188 806 3271 incipio
829 3188 862 3249 in
886 3186 937 3249 his
961 3186 1066 3251 verbis
1091 3186 1215 3250 haereo.
1240 3187 1346 3271 Atque
1369 3208 1479 3252 revere
1502 3186 1631 3253 molesti
1738 3203 1740 3206 ’

438 3294 562 3380 aliquid
585 3296 703 3369 inesse,
728 3292 812 3378 quod
836 3292 954 3356 frustra
979 3312 1141 3357 removere
1165 3295 1207 3356 sit
1230 3301 1379 3370 conatus,
1405 3292 1489 3358 ultro
1511 3295 1631 3360 indicat

437 3400 653 3486 Nipperdeius
672 3399 730 3465 huc
750 3401 969 3463 annotatione:
990 3399 1204 3482 ‚stercoratus
1220 3447 1227 3462 .
1242 3399 1366 3483 ,[αἰισν
1384 3402 1426 3463 ist
1442 3402 1630 3486 Apposition

440 3529 479 3571 zu
512 3529 575 3581 res,
608 3505 673 3570 und
698 3506 809 3592 falsae
839 3502 1082 3584 (,‚verffilscht”,
1115 3503 1239 3569 obwohl
1263 3526 1296 3569 es
1319 3504 1374 3570 des
1398 3506 1550 3593 Adjektiv
1574 3510 1631 3588 ist)

439 3613 527 3678 steht
556 3614 589 3675 iu
620 3611 731 3676 keiner
754 3610 963 3695 Verbindung
985 3612 1048 3674 mit
1070 3611 1247 3693 compositae
1269 3612 1371 3675 scot.’'
1403 3611 1487 3691 Quid
1511 3616 1557 3678 eis
1580 3617 1631 3678 vir

437 3714 733 3804 praestantissime?
752 3716 889 3781 Nullane
907 3716 987 3780 ratio
1006 3715 1175 3780 intercedit
1192 3719 1278 3781 inter
1297 3716 1452 3783 vocabule
1464 3726 1630 3803 quaesunt

428 3825 545 3912 falsae
568 3831 601 3888 et
624 3823 798 3905 compositae
820 3820 911 3886 sonti
934 3822 1040 3887 Immo
1065 3843 1158 3899 vero,
1183 3825 1245 3886 nisi
1265 3823 1336 3900 hic,
1356 3844 1544 3909 quocunque
1565 3831 1631 3889 ten-

437 3931 513 3996 dem
545 3928 656 4007 modo,
692 3929 866 4011 compositae
896 3928 1030 3993 eandem
1060 3932 1253 3993 nanciscitur
1283 3932 1367 4006 vim,
1399 3951 1496 4015 quem
1518 3931 1631 4016 falsae

435 4038 536 4101 hebet
559 4032 630 4113 (Gr.
656 4035 931 4114 nostrosnostros),
962 4034 1052 4099 nulla
1075 4042 1143 4099 arte
1165 4055 1260 4100 sanus
1282 4057 1321 4100 ex
1345 4035 1496 4102 hocloco
1521 4058 1630 4102 sensus

436 4144 621 4228 extorqueri
644 4144 771 4226 poterit.
796 4140 935 4227 Egregie
960 4141 1040 4206 hanc
1064 4143 1247 4226 opinionem
1269 4141 1436 4206 confirmat
1460 4142 1629 4228 Iosephus,

434 4250 495 4334 qui
527 4246 612 4324 (XX,
642 4245 704 4310 154
728 4245 822 4326 Neb.)
852 4267 980 4331 prorsus
1004 4245 1136 4310 eandem
1160 4248 1351 4311 sententiam
1375 4268 1433 4311 sue
1455 4246 1630 4334 amplificat

433 4354 602 4419 ubertate:
635 4353 742 4417 πολλοὶ
765 4354 828 4432 γὰρ
852 4354 906 4428 τὴν
927 4352 992 4430 περὶ
1019 4353 1143 4432 Νέρωνα
1168 4354 1398 4431 συντετάχασιν
1423 4354 1567 4431 ἱστορίαν,
1592 4348 1629 4418 ὧν

401 4453 406 4459 ’
433 4452 464 4525 οἳ
489 4459 546 4534 μὲν
572 4459 620 4521 διὰ
644 4459 747 4539 χάριν,
768 4455 801 4523 εὖ
822 4458 1003 4529 πεπονθότες
1025 4458 1076 4521 ὑπ’
1097 4460 1204 4535 αὐτοῦ,
1224 4466 1278 4531 τῆς
1298 4460 1444 4532 ἀληθείας
1459 4461 1628 4537 ἠμέλησαν,

433 4564 463 4633 οἳ
496 4567 528 4630 δὲ
560 4565 610 4629 διὰ
635 4574 725 4640 μῖσος
750 4566 800 4630 καὶ
825 4570 880 4637 τὴν
904 4566 978 4641 πρὸς
1002 4565 1095 4628 αὑτὸν
1120 4564 1292 4644 ἀπέχθειαν
1318 4564 1408 4636 οὕτως
1433 4567 1560 4637 ἀναιδῶς
1586 4567 1629 4630 ε’ν-

432 4671 637 4753 ειταρῴννσαν
669 4681 730 4742 τοῖς
761 4674 941 4748 ψεύσμασιν
964 4674 1002 4741 ὣς
1026 4670 1129 4746 &Situs
1155 4671 1267 4740 αὐτοὺς
1291 4666 1367 4735 εἶναι
1392 4674 1627 4750 καταγνώσεως.

436 4778 538 4845 Vides
561 4780 697 4845 eundem
719 4782 754 4844 in
772 4779 898 4866 Iosephi
918 4780 1022 4844 verbis
1042 4788 1148 4845 tenere
1166 4779 1273 4845 locum
1293 4780 1515 4846 vehementem
1536 4780 1627 4846 illam

1467 4903 1482 4948 c
