4525 5950
911 713 1151 763 ncuosuncune.
1581 690 1624 758 27

480 881 498 964 ἓ
519 879 562 944 25
586 902 617 966 p.
643 877 750 945 1254:
781 873 827 942 ύπι
858 879 892 944 σθ
915 879 1023 960 χοιρίον
1049 920 1123 943 ....
1148 879 1241 949 οὐδεὶς
1267 878 1359 943 ἐθέλοι
1383 877 1453 943 ούτε
1478 878 1624 956 πρίασθαι

433 985 505 1050 ούπε
530 988 727 1051 πύθεσθαι.
751 984 864 1051 Nonne
889 984 1026 1050 θέσθαι
1051 981 1213 1070 praestat?

482 1209 501 1292 ξ
521 1206 564 1271 25
588 1229 620 1294 p.
646 1203 751 1272 1254:
776 1207 828 1271 ούκ
852 1204 889 1271 ύν
914 1203 1039 1285 ἔφασαν
1063 1215 1109 1285 τῇ
1135 1205 1239 1285 dcxi
1265 1204 1473 1285 παραδοῦναι,
1498 1204 1558 1270 οὐδ’
1581 1205 1623 1277 εἰς

433 1315 489 1386 την
513 1313 628 1390 βονλην
651 1314 755 1388 ἤθελον
778 1315 961 1377 ἀκολουθεῖν.
985 1311 1091 1377 Facile
1112 1312 1261 1377 obtinebo
1280 1311 1455 1397 legendum
1474 1334 1541 1379 esse
1562 1315 1626 1386 την

434 1422 566 1499 ἀρχήν
588 1423 611 1485 i.
632 1441 658 1485 e.
684 1421 800 1484 omnino
820 1426 989 1506 negarunt.
1014 1418 1062 1483 De
1082 1439 1118 1483 ee
1137 1417 1296 1484 locutione
1316 1421 1369 1492 την
1390 1421 1488 1499 ἀρχὴν
1510 1421 1576 1486 οὐδὲ
1589 1446 1625 1472 =

432 1526 552 1591 omnino
575 1550 650 1604 ονοο,
676 1547 752 1592 cum
775 1525 831 1591 clii
855 1524 987 1612 plurimi
1012 1532 1149 1612 egerunt
1172 1531 1244 1590 tum
1263 1524 1446 1610 Lennepius
1466 1526 1505 1591 ed
1525 1527 1628 1612 Epist.

433 1632 563 1697 Phelar.
596 1654 626 1717 p.
660 1632 704 1697 82
736 1638 767 1698 et
798 1631 1003 1698 Hermannus
1034 1631 1072 1695 ed
1104 1630 1260 1718 Vigernm
1289 1653 1319 1716 p.
1346 1630 1421 1698 723.
1453 1632 1629 1720 Usurpcrit

434 1737 641 1824 Thucydides
671 1739 687 1803 1
718 1737 761 1803 93
792 1744 825 1804 et
856 1737 882 1801 V
914 1735 967 1816 27,
1000 1736 1092 1803 Plato
1123 1737 1217 1823 Apol.
1249 1735 1345 1813 290,
1379 1736 1478 1826 Gorg.
1512 1737 1627 1818 4780,

435 1845 548 1931 Lysid.
580 1845 646 1909 215
661 1845 697 1921 B,
729 1844 858 1910 Theaet.
892 1843 954 1908 185
968 1843 1007 1921 D,
1038 1843 1163 1909 Phileb.
1188 1843 1270 1909 63E
1294 1850 1326 1909 et
1350 1846 1484 1910 Axioch.
1511 1845 1574 1911 365
1589 1845 1628 1910 D.

434 1951 531 2037 Apud
563 1950 814 2017 Demosthenem
845 1949 967 2038 legitur
997 1952 1148 2016 Aristocr.
1173 1950 1232 2035 §2
1263 1973 1294 2036 p.
1321 1949 1403 2016 622:
1437 1952 1461 2016 el
1486 1951 1628 2032 μὲνγὰρ

436 2054 471 2132 ἦν
495 2060 662 2122 οὶκούσαοιν
685 2059 772 2126 εὐθὺς
796 2057 905 2122 εἰδέναι
930 2059 971 2121 σύ
996 2057 1287 2136 κεκακουργημένα,
1310 2059 1378 2131 πύον
1403 2062 1531 2138 ἀρχὴν
1556 2057 1626 2130 ἴσοις

433 2167 475 2232 ἂν
500 2167 554 2230 ούκ
577 2164 781 2240 ἐξηπάτησθε.
807 2163 957 2232 Ceterum
983 2164 1056 2249 §24
1081 2187 1111 2250 p.
1138 2163 1242 2229 1254:
1269 2165 1406 2242 ἡγούμην
1431 2189 1466 2229 σε
1489 2165 1549 2229 δεῖν
1573 2166 1627 2236 την

433 2273 537 2350 α’ρχην
562 2273 578 2344 ἢ
603 2271 672 2341 τοὺς
698 2270 859 2351 ᾑρημένους
885 2270 942 2334 ὑπὸ
967 2278 1021 2343 τῆς
1046 2271 1161 2345 βουλῆς
1187 2272 1364 2349 γράφεσθαι
1384 2276 1417 2335 et
1434 2273 1469 2335 in
1486 2273 1527 2336 iis
1546 2291 1627 2356 quae

432 2381 582 2464 proxime
613 2386 810 2463 sequuntur:
842 2377 867 2441 ol
900 2377 925 2441 δ’
950 2376 1098 2457 ἄρχοντες
1131 2379 1156 2442 οἱ
1189 2377 1326 2459 ύρημένοι
1351 2378 1408 2441 ὑπὸ
1431 2383 1487 2450 τῆς
1510 2377 1626 2454 βουλῆς

433 2482 621 2562 ἐβασάνιζον
646 2483 693 2563 ἂν,
718 2483 813 2549 rideo
836 2483 966 2569 quidem
990 2483 1112 2569 aliquid
1135 2484 1234 2548 fnisse
1257 2483 1425 2548 turbatum
1447 2484 1485 2549 ab
1508 2486 1549 2548 iis
1573 2485 1629 2569 qui

436 2594 510 2657 vim
540 2589 629 2655 illius
658 2588 830 2655 locutionis
861 2591 914 2662 νην
948 2590 1047 2668 οἱρχην
1079 2589 1145 2654 οὐδὲ
1176 2612 1236 2655 non
1268 2595 1434 2675 caperent,
1465 2589 1520 2657 sed
1551 2592 1629 2654 sctis

434 2704 559 2763 certem
581 2697 775 2762 medicinam
800 2695 882 2761 mihi
906 2717 967 2760 nou
991 2698 1128 2782 contigit
1150 2698 1297 2782 reperire.

825 2940 941 2998 ΚΑΤΑ
967 2939 1197 2998 ΚΟΝΩΝΟΣ.

481 3120 499 3203 ᾗ
520 3120 540 3182 4
564 3140 594 3203 p.
621 3114 718 3182 1257.
743 3116 836 3182 Nunc
858 3118 978 3182 tirones
1001 3116 1083 3181 mihi
1105 3121 1297 3202 cognoscent
1317 3099 1413 3201 quem
1433 3116 1556 3182 lubrice
1575 3138 1625 3182 res

431 3229 478 3291 eit
513 3227 622 3310 spuria
656 3245 694 3288 ex
729 3229 821 3288 textu
856 3221 1022 3289 eliminare
1053 3236 1086 3289 et
1117 3244 1214 3308 quam
1245 3226 1476 3310 circumspecto
1506 3223 1624 3288 iudicio

431 3353 516 3417 opus
546 3334 604 3406 sit,
636 3332 765 3395 etiamsi
795 3333 934 3395 sciemus
961 3337 1085 3396 nostros
1107 3330 1230 3396 codices
1253 3334 1369 3416 ineptis
1393 3330 1626 3416 supplementis

432 3444 564 3503 scatere.
589 3435 692 3501 Verba
714 3434 939 3501 Demosthenis
964 3443 1055 3501 sunt:
1080 3434 1248 3516 ἐπαρῴνουν
1272 3433 1350 3501 ούποι
1375 3439 1416 3501 σοὶ
1440 3438 1498 3514 μὲν
1522 3437 1627 3501 πολλὰ

435 3547 481 3614 εἰς
513 3545 584 3615 τοὺς
615 3544 770 3615 παῖδας
803 3545 886 3618 ἡμῶν
918 3541 987 3614 τοὺς
1019 3544 1278 3615 οὶκολούθους.
1315 3543 1428 3609 'Polam
1459 3546 1627 3630 pericopen

434 3652 652 3735 transscripsit
684 3648 859 3735 Dionysius
890 3649 927 3714 de
958 3647 1055 3714 Adm.
1087 3648 1126 3713 Vi
1158 3649 1226 3715 Dic.
1258 3671 1284 3715 c.
1317 3648 1358 3713 12
1390 3671 1462 3715 cum
1493 3649 1628 3716 notabili

433 3758 582 3823 lectionis
604 3759 773 3821 varietate:
799 3756 840 3825 εἰς
864 3754 933 3826 τοὺς
958 3755 1136 3826 οὶκολούθουο
1162 3758 1256 3832 ἡμῶν.
1287 3755 1414 3821 Dicores
1439 3777 1509 3821 enm
1533 3760 1630 3841 scrip

434 3874 545 3930 turam
578 3861 675 3949 longe
710 3868 886 3948 praestaro
924 3862 997 3928 ride
1032 3871 1141 3927 tamon
1181 3861 1319 3948 Eupoliu
1357 3883 1407 3948 cp.
1441 3862 1558 3928 Athen.
1584 3862 1627 3927 VI

434 3995 466 4057 p.
492 3969 616 4035 236El:

664 4076 737 4140 αλλ’
761 4075 907 4139 ἀκούσαθ’
930 4076 968 4147 cic
995 4074 1087 4151 θομέν
1111 4071 1240 4140 ἅπαντα
1264 4077 1379 4152 κομψοί

573 4182 691 4262 ἄνδρες,
716 4178 808 4247 ύσοισι
834 4188 938 4262 πρῶτα
963 4184 1020 4259 μὲν
1043 4190 1142 4252 παῖς
1168 4182 1387 4253 οξκύλουθύς
1415 4182 1476 4250 ἕςιν

573 4290 734 4369 α’λλθτριος
758 4290 799 4352 τοὶ
825 4290 947 4367 πολλοί,
972 4290 1076 4367 μικρὸν
1099 4288 1131 4353 δέ
1155 4313 1184 4353 σι
1209 4290 1308 4362 κάμὸν
1332 4293 1438 4354 αὐτοῦ.

434 4399 519 4464 Item
542 4395 626 4481 opud
651 4394 815 4461 Oratorem
838 4397 945 4479 ipsum
970 4417 1016 4483 pr.
1038 4394 1170 4460 Phorm.
1190 4393 1263 4479 §45
1286 4417 1317 4480 p.
1338 4394 1421 4459 958:
1442 4407 1520 4473 τρεῑι
1542 4401 1629 4459 παῖ-

435 4505 505 4574 δας
532 4501 782 4571 ἀκολούθους
808 4502 949 4578 περιάγει
975 4508 1007 4565 et
1029 4499 1139 4586 steph.
1161 4501 1176 4565 I
1196 4500 1267 4585 §61
1294 4523 1324 4585 p.
1349 4500 1452 4565 112οτ
1476 4501 1628 4564 Ἀπολλύ-

436 4611 524 4688 icccc
549 4610 749 4684 προύκαλεῖτο
771 4606 931 4685 Στέφανον
951 4609 1141 4683 παραδοῦναι
1163 4608 1213 4669 τὸν
1233 4606 1362 4670 παῖδα
1388 4609 1437 4670 τὸν
1463 4608 1623 4670 ἀκύλου-

437 4721 498 4783 θον
523 4717 566 4788 εἰς
589 4715 737 4791 βάσανον.
762 4711 814 4779 Sic
838 4734 964 4798 quoque
987 4712 1168 4798 Hyperides
1193 4714 1231 4779 fr.
1258 4712 1301 4779 70
1325 4713 1409 4800 apud
1433 4712 1603 4778 Blossium.
