4525 5950
980 693 1125 746 pronus.
1575 680 1641 748 826

453 861 560 945 prima
590 865 819 945 provenerant,
851 858 997 926 volutare
1028 881 1137 926 recum
1168 882 1305 947 quonam
1336 862 1431 928 modo
1460 860 1643 930 Germanioi

452 963 572 1031 liberos
594 970 806 1052 perverteret,
831 987 967 1051 quorum
991 988 1054 1032 non
1079 967 1177 1032 dubia
1199 968 1387 1034 successio.’'

501 1070 579 1152 Quis
613 1093 756 1156 unquam
791 1071 964 1148 adiectiva‚
1001 1071 1109 1158 qualia
1143 1080 1218 1138 sunt
1250 1075 1407 1157 mperbru,
1437 1076 1534 1159 feroc
1568 1097 1643 1141 cum

448 1177 585 1259 genitivo
608 1183 730 1244 structa
752 1176 857 1243 vidit?
879 1179 939 1257 nt,
963 1184 1000 1244 ut
1022 1182 1087 1245 iam
1111 1181 1266 1246 faciamus
1288 1180 1387 1247 semel
1405 1183 1463 1246 sibi
1486 1182 1643 1248 eiusmodi

451 1282 576 1369 aliquid
598 1305 665 1350 esse
687 1284 846 1371 largitum
870 1285 1036 1363 Tacitum,
1062 1287 1138 1372 quid
1162 1286 1249 1352 istud
1264 1288 1363 1373 seror
1386 1288 1525 1351 coelerum
1547 1291 1644 1375 signi-

452 1388 547 1456 ficare
566 1394 686 1476 poterit
704 1390 792 1456 aliud
812 1412 925 1476 quarn:
948 1394 1047 1477 „ipsis
1067 1391 1259 1471 sceleribus,
1279 1393 1351 1479 quia
1363 1395 1466 1457 bonum
1477 1395 1643 1457 tabuerunt

452 1504 605 1576 euentum,
626 1497 832 1564 confidentior
853 1495 999 1563 factus’'l
1021 1500 1064 1563 nt
1083 1498 1166 1563 illud
1185 1502 1292 1584 ipsum
1312 1499 1475 1585 eleganter
1494 1500 1641 1578 vocibus,

452 1623 535 1688 quae
559 1607 669 1669 statim
693 1610 881 1689 sequnntur,
902 1605 974 1690 quio
987 1605 1091 1688 primo
1104 1613 1307 1688 provenerant
1325 1605 1532 1692 significatur.
1557 1606 1642 1693 Ergo

451 1708 542 1775 aliud
573 1711 650 1795 quid
680 1715 788 1777 nostro
819 1710 887 1777 loco
911 1714 1094 1796 requiritur.
1119 1712 1361 1791 Demonstrare,
1386 1720 1423 1778 ut
1446 1716 1566 1799 opinor,
1591 1715 1642 1779 hio

450 1814 583 1882 Tacitus
616 1815 721 1883 voluit
754 1816 845 1882 facile
878 1820 911 1881 in
947 1824 1053 1883 mente
1087 1817 1194 1884 Seiani
1229 1818 1364 1904 quodvis
1398 1821 1484 1884 nasci
1519 1819 1639 1898 scelus,

449 1922 555 1988 fertile
586 1943 654 1988 esse
683 1922 766 1988 illud
790 1922 946 1988 scelerum
969 1922 1090 1990 solum.
1116 1923 1252 2009 Scripsit
1275 1946 1352 2011 ergo
1367 1926 1467 2008 feroc
1489 1927 1639 1990 coelerum.

449 2029 707 2094 Usitstissimum
728 2036 776 2094 est
795 2029 833 2094 de
853 2028 989 2095 alicuine
1008 2029 1127 2111 ingenio
1141 2030 1249 2116 socci
1269 2030 1424 2096 bonorum
1436 2031 1639 2097 etmalorum

448 2134 559 2220 loqui;
592 2136 646 2201 sed
675 2139 784 2221 ipsum
816 2158 940 2222 quoque
972 2135 1124 2202 Seianum
1148 2138 1286 2223 feracem
1318 2139 1458 2202 coeluum.
1489 2139 1639 2204 a'lacito

448 2249 534 2306 certe
558 2241 680 2307 dictum
704 2264 772 2307 esse
795 2244 930 2307 minime
952 2242 1138 2308 incredibile
1161 2245 1243 2308 mihi
1266 2244 1405 2309 videtur.

496 2347 549 2425 IV,
570 2347 623 2413 35.
649 2348 833 2416 Cremutius
853 2347 992 2427 Cordus,
1014 2357 1180 2415 accusatus
1200 2351 1283 2436 quod
1302 2349 1394 2415 libris
1414 2354 1480 2416 suis
1500 2351 1638 2416 Brutum

452 2458 484 2518 et
507 2451 653 2520 Cassium
676 2455 875 2534 laudaverit,
898 2462 1034 2521 mortem
1059 2457 1120 2521 sibi
1141 2459 1317 2522 consciscit.
1340 2456 1525 2542 Sequuntur
1543 2458 1636 2524 haec:

496 2561 629 2639 „Libros
649 2583 705 2647 per
725 2561 841 2627 aediles
861 2563 1044 2629 cremandos
1063 2584 1212 2628 censuere
1232 2569 1351 2648 patres;
1372 2569 1420 2629 set
1435 2572 1636 2643 manserunt,

452 2667 606 2733 occultati
638 2676 671 2734 et
702 2669 790 2734 editi.
822 2668 890 2750 Quo
921 2673 1025 2757 magis
1049 2670 1224 2735 socordiam
1249 2691 1359 2735 eorum
1382 2671 1518 2736 inridere
1541 2670 1636 2749 libet,

447 2778 506 2860 qui
536 2778 695 2861 praesenti
724 2776 893 2861 prudentia
916 2776 1048 2841 credunt
1070 2779 1217 2863 extingui
1240 2798 1331 2862 posse
1355 2780 1452 2842 etiarn
1477 2780 1637 2862 sequentis

445 2883 520 2945 aevi
544 2884 743 2946 memoriam.
767 2882 848 2946 Nam
876 2887 985 2947 contre
1008 2885 1130 2967 punitis
1153 2885 1293 2970 ingeniis
1314 2883 1425 2969 gliscit
1446 2887 1634 2962 auctoritas3

445 3008 551 3072 neque
582 2987 670 3053 aliud
703 2992 825 3053 externi
855 3010 964 3075 reges,
996 2997 1053 3055 aut
1083 2993 1138 3076 qui
1169 2991 1279 3056 eadem
1310 2993 1444 3056 saevitia
1468 2994 1518 3055 usi
1541 2998 1633 3069 sunt,

444 3096 509 3157 nisi
533 3093 668 3159 dedecus
691 3096 753 3159 sibi
776 3101 870 3180 atque
894 3094 960 3160 illis
982 3095 1120 3181 gloriam
1144 3098 1325 3184 peperere.'’

492 3199 704 3266 Verissimum
728 3223 794 3267 esse
818 3202 928 3279 credo,
953 3204 1037 3288 quod
1058 3204 1203 3268 observet
1224 3204 1409 3280 Furneaux,
1429 3204 1562 3269 Neronis
1581 3204 1633 3269 hic

443 3309 614 3392 magisque
644 3310 742 3372 etiam
773 3307 951 3372 Domitiani
974 3311 1077 3374 notari
1102 3310 1287 3375 socordiam.
1311 3310 1373 3375 Sed
1397 3311 1455 3375 hoo
1479 3312 1507 3375 si
1529 3309 1633 3375 voluit

441 3412 590 3490 Tacitus,
623 3435 690 3491 res,
724 3435 803 3500 quae
827 3414 879 3479 vel
902 3417 947 3478 sic
971 3418 1048 3480 satis
1073 3414 1194 3493 elucet,
1219 3416 1255 3481 fit
1278 3419 1493 3501 apertissima:
1518 3437 1632 3501 nempe

443 3520 557 3601 opponi
585 3522 669 3585 inter
692 3541 725 3584 se
748 3524 957 3606 imperatores
980 3521 1140 3586 Romanos
1164 3528 1196 3586 et
1218 3526 1364 3587 externos
1388 3543 1488 3608 reges.
1513 3521 1574 3587 Sed
1597 3523 1631 3587 id

441 3631 527 3690 recte
559 3648 620 3691 non
652 3626 704 3703 fit,
737 3630 799 3692 nisi
830 3630 1086 3692 coniunctionem
1120 3634 1173 3691 out
1204 3628 1359 3694 tollimus.
1392 3628 1480 3692 Nam
1506 3628 1631 3713 probari

441 3733 690 3818 haudquaquam
709 3740 813 3819 potest
832 3734 1017 3820 Nipperdeii
1038 3737 1217 3800 annotatio:
1245 3735 1364 3812 „durch
1385 3734 1440 3799 das
1458 3736 1630 3801 trennende

440 3846 495 3901 aut
525 3845 655 3926 erginzt
686 3840 753 3904 sich
785 3843 835 3905 eiu
866 3842 949 3923 apud
978 3863 1031 3905 noa
1063 3839 1109 3904 als
1142 3839 1319 3926 Gegensatz
1352 3862 1390 3904 zu
1421 3841 1537 3905 eoteroo'
1567 3862 1630 3906 von

439 3942 572 4010 selbst.''
609 3936 699 4011 Talia
734 3948 821 4010 enim
855 3949 882 4010 si
916 3954 1019 4028 sponte
1049 3946 1238 4029 supplentur,
1272 3945 1362 4010 nulla
1394 3968 1456 4011 non
1487 3950 1629 4011 cuiusvis

439 4054 616 4117 sententiae
647 4074 719 4138 pers
748 4055 880 4138 impune
912 4055 1019 4117 omitti
1049 4058 1164 4138 potest.
1190 4052 1308 4132 Quodsi
1332 4055 1403 4138 quie
1426 4075 1487 4118 non
1511 4053 1628 4132 talem,

439 4155 570 4241 qualem
595 4165 627 4224 et
649 4158 818 4224 Fumeaux
842 4164 874 4224 et
897 4158 1108 4244 Nipperdeius
1132 4165 1297 4236 statuunt,
1323 4160 1553 4244 oppositionem
1576 4160 1627 4224 hic

437 4267 525 4329 cerni
556 4266 736 4342 contendit,
767 4268 796 4329 is
824 4266 950 4343 doceat,
975 4268 1030 4351 qui
1054 4287 1129 4353 orgo
1155 4267 1299 4331 homines
1323 4266 1430 4330 verbis
1453 4265 1505 4350 qoi
1528 4268 1628 4329 eodem

437 4370 569 4434 saevitia
590 4372 638 4434 ori
661 4379 730 4435 auct
752 4372 982 4458 significentur.

481 4477 535 4554 IV,
560 4476 614 4543 39.
646 4476 780 4544 Seianus
803 4478 948 4556 Liviam,
973 4498 1053 4563 quae
1077 4476 1175 4542 Drusi
1198 4479 1302 4543 fuerat
1326 4480 1481 4554 coniunx,
1505 4480 1536 4542 in
1562 4500 1626 4544 ma-

437 4588 631 4649 trimonium
654 4585 715 4649 sibi
739 4588 821 4671 petit
843 4606 862 4650 a
884 4585 1029 4662 Tiberio,
1054 4592 1244 4671 argumento
1268 4606 1345 4649 usus
1369 4606 1402 4650 se
1424 4587 1491 4649 iarn

486 4692 590 4777 „quod
631 4690 904 4777 pulcherrimum,
946 4692 1116 4776 adeptum,
1158 4698 1196 4757 ut
1229 4694 1450 4757 coniunctione
1485 4688 1626 4758 Caesaris

434 4799 554 4886 dignus
593 4799 784 4865 crederetur.
820 4799 904 4864 Hinc
938 4802 1069 4864 initium
1104 4801 1185 4883 apei;
1221 4805 1254 4864 et
1284 4800 1435 4883 quoniam
1467 4799 1625 4864 audiverit

1446 4918 1478 4967 22
