4525 5950
981 489 1103 538 nrsrns.
1570 472 1637 539 173

436 654 539 718 fnisse
563 660 739 718 auctorem.
764 652 950 737 Sequuntur
972 663 1163 739 argumenta
1182 675 1239 718 cur
1257 654 1317 718 hoc
1337 657 1466 718 omnino
1487 654 1554 719 fieri
1575 675 1637 718 non

435 762 596 845 potuerit.
630 765 782 836 Φαίνσμαι
812 755 862 824 οὖν
894 760 1138 835 τρισκαιδεκέτης
1171 761 1209 824 ιδν
1241 759 1291 824 ὅτε
1323 760 1337 824 ὃ
1370 766 1472 837 τατηρ
1499 761 1554 824 tat
1579 765 1637 823 τῶν

438 866 610 943 τριάκοντα
643 867 831 947 ιίτέίνησιιε,
863 864 981 937 ταύτην
1013 866 1043 929 δέ
1077 864 1158 945 έχων
1181 867 1235 939 rio
1261 866 1382 939 ἠλικίαν
1406 866 1476 930 οὔτε
1500 866 1533 928 εί
1557 865 1639 928 έστιν

439 972 621 1052 ὀλιγαρχία
653 973 845 1048 ἦτιστρίμην,
875 970 946 1035 odra
977 970 1022 1035 dcv
1055 972 1195 1049 έκείνερ
1226 972 1476 1052 ἀδικουμένῳ
1507 970 1640 1034 έδιινσί-

439 1102 521 1152 μην
545 1077 756 1154 βοηθῆσαι.
782 1078 834 1140 καί
859 1080 921 1149 μην
945 1077 980 1147 δίη
1004 1078 1057 1140 οὐκ
1081 1077 1167 1155 ὀρθῶς
1192 1084 1250 1140 τῶν
1271 1079 1441 1156 χρημάτων
1462 1076 1549 1140 ἕνεκα
1572 1079 1640 1140 ἐτε-

439 1183 604 1259 βιιίλειισα
638 1182 739 1262 (dcv)
773 1183 873 1260 αὐτῷ·
906 1183 919 1247 ὃ
953 1184 1015 1259 γὰρ
1048 1183 1253 1261 πρεσβύτερος
1284 1182 1421 1260 ἀδελφὸς
1453 1182 1639 1247 Πανταλέων

441 1285 578 1353 ἅπαντα
609 1287 783 1366 παρέλαβε.
815 1287 882 1352 Iam
915 1290 1057 1372 primum
1087 1310 1160 1353 oum
1186 1288 1298 1352 multis
1321 1291 1536 1354 necessarium
1559 1287 1640 1352 duco

441 1397 483 1457 τί
504 1395 588 1458 ἔστιν
608 1396 791 1474 ὀλιγαρχία.
810 1393 872 1459 Sed
891 1395 967 1458 huic
988 1394 1092 1459 eidem
1112 1397 1286 1460 sententiae
1306 1397 1389 1459 inest
1409 1416 1471 1479 quo
1492 1393 1639 1478 equidem

440 1499 585 1565 offendar
606 1502 751 1585 gravius.
779 1499 852 1565 Non
877 1498 971 1563 aliter
994 1520 1091 1584 quam
1115 1520 1171 1564 nos
1194 1499 1276 1584 legit
1299 1502 1509 1585 epitomator:
1536 1501 1640 1575 Φαίνο-

440 1631 504 1678 μαι
531 1603 580 1671 οὖν
601 1605 789 1679 δωδεκαέτης
809 1607 856 1683 ὤν,
877 1603 927 1671 ὅτε
949 1607 962 1668 ὃ
984 1609 1086 1682 πατὴρ
1108 1606 1165 1669 ὑπὸ
1187 1613 1245 1668 τῶν
1264 1608 1430 1682 τρισίκσντα
1441 1608 1638 1685 ιἰτέίνησκεν,

440 1710 518 1775 ὥστ’
549 1710 611 1775 οὐδ’
641 1709 714 1776 ὅτι
744 1713 918 1791 ὀλιγαρχία
944 1708 977 1783 ἦν
1001 1711 1090 1791 ᾔδειν,
1122 1711 1213 1774 οὐδέ
1243 1713 1292 1791 τῷ
1326 1713 1447 1788 τατρὶ
1474 1712 1640 1786 βοηθεῖν

439 1814 526 1887 cide
550 1820 579 1880 r'
604 1814 654 1889 ἦν.
679 1817 791 1902 Itaque
815 1816 967 1881 audacius
991 1816 1089 1880 fuerit
1112 1816 1197 1900 quod
1222 1816 1343 1893 dicam,
1367 1838 1424 1881 noc
1445 1827 1552 1881 tamen
1572 1815 1641 1902 pos

440 1945 519 1989 snm
540 1943 683 2008 premere
707 1942 833 2007 semper
854 1922 937 1985 mihi
959 1921 1019 1985 hoc
1042 1919 1110 1985 loco
1130 1920 1307 1987 claudicare
1327 1926 1640 2009 argument-ationem

441 2050 514 2095 esse
548 2031 662 2094 visam.
694 2027 791 2107 Quasi
821 2049 897 2093 voro
928 2029 984 2111 qui
1015 2048 1072 2111 per
1099 2034 1240 2093 aetatem.
1264 2027 1317 2092 vel
1341 2029 1380 2092 ob
1403 2049 1640 2112 quamcumque

442 2136 576 2202 tandem
600 2155 730 2200 oausam
752 2140 876 2219 patrem
900 2139 1111 2219 tyrannorum
1135 2135 1283 2199 manibus
1308 2156 1370 2199 non
1395 2134 1483 2200 valet
1507 2138 1638 2219 eripere,

442 2245 474 2307 is
506 2263 581 2306 cum
611 2241 720 2325 aliqua
750 2238 973 2325 probabilitate
1004 2241 1072 2304 sive
1095 2243 1166 2305 iure
1190 2243 1257 2304 sive
1280 2242 1400 2304 iniuria
1423 2243 1516 2325 argui
1539 2243 1640 2325 possit

442 2353 573 2433 patrem
606 2343 825 2411 interemisse!
860 2345 1071 2430 Expectarem
1101 2367 1230 2432 prorsus
1260 2345 1366 2411 aliud:
1409 2368 1529 2411 annum
1565 2354 1640 2411 tunc

441 2455 600 2538 temporis
630 2452 765 2538 agebam
796 2453 931 2516 tertium
963 2451 1142 2530 decimum;
1167 2455 1294 2536 itaque,
1318 2474 1397 2538 puer
1420 2474 1494 2518 cum
1517 2473 1638 2530 essem,

441 2581 549 2645 neque
580 2559 657 2644 quid
689 2560 897 2643 optimatium
929 2557 1024 2623 factio
1055 2565 1137 2624 osset
1160 2558 1404 2645 intellegebam,
1430 2582 1521 2643 ncqcc
1544 2559 1640 2640 ι’ρίίιιν

437 2666 580 2750 partiam
611 2665 712 2728 studio
743 2665 883 2746 adreptus
906 2670 1056 2745 poterone
1078 2664 1181 2727 mortio
1205 2672 1308 2727 auctor
1331 2665 1466 2728 catiliano
1489 2664 1552 2727 dici
1570 2686 1640 2746 poa-

442 2795 527 2848 cum,
560 2791 663 2855 neque
693 2777 731 2834 ut
753 2770 867 2854 opibus
890 2771 960 2833 eius
983 2772 1102 2855 potirer
1123 2770 1212 2835 idem
1235 2769 1338 2835 scelus
1361 2772 1519 2834 commisi.
1552 2769 1639 2849 Quae

443 2880 472 2942 ai
508 2877 663 2962 probatur
696 2877 913 2952 ratiocinatio,
950 2874 1063 2960 Lysias
1098 2878 1278 2961 scripserit:
1315 2875 1379 2939 οὔτ’
1418 2876 1464 2940 ίιν
1496 2878 1637 2947 ἐκείνοις

442 2984 680 3057 ἀδικουμέναις
705 2982 856 3057 ἐδυνάμην
881 2981 1040 3058 βοηθῆσαι.
1073 2981 1180 3046 Simul
1202 2990 1334 3067 apparet
1357 2988 1390 3047 et
1413 3005 1470 3047 our
1493 2982 1637 3060 addatur,

440 3094 608 3177 ignorasse
630 3110 663 3153 se
686 3088 720 3153 id
744 3091 858 3153 aetatis
881 3088 959 3172 quid
982 3095 1065 3152 esset
1087 3087 1278 3174 oligarcbia,
1303 3095 1335 3153 et
1359 3095 1443 3153 recte
1467 3110 1499 3153 se
1523 3089 1638 3153 habere

441 3196 525 3261 illud
553 3194 602 3271 civ,
626 3195 710 3280 quod
734 3201 767 3260 et
789 3197 981 3260 recentiores
1004 3193 1285 3280 (Frohbergerum,
1310 3195 1534 3268 Weidnerum,
1559 3194 1639 3260 Her-

442 3302 646 3377 werdenum,
667 3299 921 3378 Thalbeimium)
941 3298 1025 3364 male
1045 3301 1158 3365 habuit
1177 3308 1208 3365 et
1231 3308 1373 3366 veterem
1397 3304 1462 3365 iam
1486 3303 1639 3385 epitoma·

441 3417 563 3482 torem,
588 3409 644 3492 qui
668 3409 766 3471 etiam
791 3406 829 3470 do
853 3427 911 3470 suo
937 3406 1120 3478 intrauisse
1146 3407 1276 3472 videtur
1299 3406 1437 3484 dedisse,
1461 3407 1639 3492 periphrasi

439 3515 578 3591 (βοηθεῖν
602 3506 660 3583 olle
685 3515 714 3574 τ’
738 3506 785 3591 ἦν)
809 3511 1043 3596 quodammodo
1067 3512 1241 3578 occultasse
1265 3516 1458 3597 putaverim.
1484 3512 1521 3577 Iu
1541 3518 1639 3575 trans-

440 3638 538 3683 cursu
570 3638 698 3693 moneo,
725 3618 823 3682 etiam
848 3620 1062 3682 necessarium
1087 3617 1124 3682 ίιν
1149 3625 1220 3701 post
1245 3618 1460 3695 ἐπεβούλευσα
1482 3620 1516 3680 in
1540 3620 1639 3702 epito-

440 3726 576 3790 matorie
600 3722 706 3788 codice
729 3722 877 3788 defuisse.

489 3940 543 4006 Or.
567 3939 601 4003 X
623 3939 692 4024 §9z
725 3938 754 4004 εί
774 3940 821 4009 τίς
846 3963 881 4003 σε
905 3939 983 4004 είτσι
1007 3943 1094 4019 ῥίψαι
1119 3943 1174 4011 την
1198 3941 1335 4018 σὶστίδα,
1356 3942 1505 4002 -κσύκ
1525 3939 1563 4004 διν
1584 3937 1639 4001 ἐδι-

440 4046 538 4125 κάζσν
568 4048 668 4122 αὐτῷ,
700 4048 776 4109 ἀλλ’
807 4043 921 4123 ἐξήρκει
954 4044 993 4108 ἄν
1026 4069 1070 4108 σοι
1103 4045 1255 4122 ἐρριφέναι
1287 4049 1341 4119 την
1368 4044 1487 4108 ιίστίδα
1512 4044 1636 4119 λέγοντι

439 4151 524 4215 οὐδέν
549 4173 593 4214 σοι
613 4149 744 4227 μέλλει;
768 4148 839 4215 Non
860 4150 1060 4215 satisfactum
1081 4171 1149 4215 esse
1169 4153 1361 4226 sententiae,
1383 4151 1461 4213 siin
1482 4148 1542 4212 fine
1563 4169 1637 4212 cnm

438 4255 602 4341 Stephano
620 4256 779 4320 scribatur
798 4253 883 4319 οὐδέν
902 4279 947 4319 σοι
968 4254 1083 4331 μέλειν,
1105 4270 1213 4321 contra
1231 4255 1472 4321 Thalheimium
1489 4254 1638 4319 audacter

437 4382 515 4427 cum
540 4360 710 4446 permultis
734 4359 973 4425 affirmaverim.
999 4360 1109 4445 Neque
1134 4365 1219 4426 onim
1245 4360 1358 4438 ἐξήρκει
1384 4360 1422 4424 ίιν
1445 4385 1489 4423 σοι
1515 4361 1637 4434 λέγοντι

437 4474 477 4531 ut
509 4469 553 4531 sit
583 4469 605 4531 i.
627 4486 657 4549 q.
678 4469 781 4543 λέγειν
804 4471 973 4551 poetarum
997 4465 1076 4531 locis
1100 4473 1132 4531 et
1156 4469 1234 4551 ipsis
1258 4468 1447 4543 rarioribus,
1473 4464 1565 4550 quale
1589 4469 1638 4529 est

437 4570 657 4657 Sophocleum
689 4570 772 4635 illud
803 4569 832 4635 εί
860 4595 911 4650 μοι
941 4571 1041 4646 ξυνιίη
1066 4575 1188 4651 Φέρεντι
1212 4589 1281 4637 κτλ.
1306 4572 1356 4654 (Ο.
1382 4573 1420 4637 R.
1445 4572 1535 4652 863),
1561 4574 1638 4637 satis

1459 4691 1490 4740 la
