4525 5950
884 694 920 742 nr
943 693 1025 742 aeos
1047 692 1198 742 munseo.
1569 676 1634 746 427

437 859 499 926 dea
521 861 676 946 imaginis
699 863 830 945 propter
852 861 943 923 varia
967 859 1123 922 attributa
1146 860 1216 942 ipsa
1235 860 1424 944 perantiqua
1442 858 1548 926 Polias
1568 882 1636 926 asse

437 973 546 1053 potest
577 967 713 1052 ideoque
744 967 830 1030 vasis
860 966 1003 1050 porticus
1035 986 1110 1029 cum
1134 964 1323 1043 Erechthei,
1348 971 1401 1030 τοῦ
1426 966 1479 1030 νεὼ
1504 968 1534 1030 ἐν
1558 961 1579 1048 ᾧ
1603 973 1638 1032 τὸ

437 1074 572 1153 ἀρχαῖον
592 1071 753 1148 ἄγαλμα,
774 1090 944 1135 commune
964 1071 1061 1134 habet
1080 1069 1172 1134 nihil.
1193 1070 1362 1135 Praeterea
1380 1092 1453 1135 cum
1475 1078 1585 1157 patera
1602 1074 1636 1137 in

435 1179 648 1263 inscriptione
667 1177 817 1242 distincte
837 1184 1116 1254 commemoretur,
1141 1178 1248 1262 potius
1271 1176 1488 1241 Benndorfum
1508 1185 1638 1243 secutus

437 1283 607 1349 Minervae
631 1281 790 1348 Victoriae
814 1282 973 1368 abnegare
996 1281 1096 1346 velim
1119 1283 1299 1367 imaginem
1323 1303 1420 1367 quam
1444 1303 1519 1347 cum
1543 1283 1637 1350 11111-
1717 1269 1719 1272 ’

437 1389 603 1476 wanglero
625 1389 810 1454 attribuere.

484 1494 538 1560 Sic
561 1496 666 1581 igitur
688 1494 772 1558 mihi
794 1514 863 1558 rem
884 1498 1103 1578 repraesento:
1128 1493 1165 1557 In
1185 1492 1306 1577 templo
1323 1498 1442 1572 vetere,
1464 1494 1521 1560 ubi
1540 1496 1634 1561 initio

437 1604 573 1687 antiqua
591 1599 701 1665 Polias
721 1601 953 1676 asservabatur,
973 1605 1145 1684 postquam
1164 1620 1288 1664 novum
1307 1599 1528 1678 simulacrum,
1550 1601 1634 1686 qnod

434 1709 473 1771 in
485 1708 692 1790 inscriptione
705 1712 813 1770 nostra
825 1713 1032 1782 memoratur,
1042 1712 1090 1770 est
1101 1704 1303 1782 collocatum,
1312 1706 1564 1792 quandocunque
1576 1707 1635 1772 hoc

437 1812 562 1877 iactum
593 1818 657 1887 est,
694 1810 801 1876 Polias
832 1813 964 1895 antiqua
995 1809 1154 1895 paulatim
1180 1813 1307 1876 nonnisi
1328 1812 1502 1877 secundum
1526 1812 1635 1879 locum

435 1918 581 1983 obtinere
604 1919 719 2002 coepit.
744 1916 819 1981 Ideo
844 1916 1022 1982 sacerdotes
1045 1914 1183 2001 aliique,
1208 1919 1264 2002 qui
1294 1916 1471 2002 splendidis
1501 1918 1634 1985 aedibus

434 2021 622 2087 extruendis
656 2042 750 2105 saepe
784 2024 985 2100 restiterant,
1022 2021 1152 2086 tandem
1183 2024 1260 2087 novi
1289 2022 1461 2087 Erechthei
1492 2045 1522 2108 q.
1547 2045 1578 2089 v.
1610 2025 1633 2089 f.

437 2126 625 2193 aedificandi
649 2126 820 2193 consilium
843 2128 1117 2213 approbaverunt,
1143 2128 1227 2213 quod
1249 2130 1284 2192 in
1307 2149 1390 2194 novo
1413 2128 1536 2215 templo
1558 2150 1634 2195 cum

436 2235 532 2319 signa
563 2235 710 2317 antiqua:
745 2232 832 2310 olea,
863 2231 970 2310 lacus,
1002 2233 1124 2298 tridens
1154 2232 1345 2311 colerentur,
1375 2242 1448 2298 tum
1472 2233 1551 2299 cella
1573 2238 1638 2320 pri·

437 2342 543 2403 maria
562 2341 711 2423 antiquae
732 2338 857 2403 Poliadi
878 2338 1088 2403 dedicaretur.
1111 2339 1179 2416 lta,
1204 2340 1239 2402 ni
1258 2338 1361 2416 fallor,
1383 2340 1422 2405 ab
1440 2344 1526 2405 omni
1544 2346 1635 2426 parte

435 2443 616 2510 verisimile
639 2452 688 2509 est
711 2445 762 2507 τὸν
787 2447 919 2524 ἀρχαῖον
942 2444 1011 2507 νεὼν
1034 2465 1100 2509 esse
1124 2444 1286 2530 templum
1310 2451 1405 2509 vetus
1427 2445 1602 2531 Ddrpfsldi.

483 2550 633 2627 Accedit,
658 2550 743 2636 quod
768 2550 805 2614 dc
829 2552 943 2615 ceteris
965 2551 1079 2627 rebus,
1104 2571 1183 2635 quas
1206 2550 1381 2615 Pausanias
1402 2553 1435 2615 in
1455 2552 1633 2618 Erechtheo

435 2657 537 2721 fuisse
555 2656 648 2721 dicit:
666 2655 853 2721 candelabro
866 2653 1072 2732 Callimachi,
1092 2654 1171 2721 sella
1183 2655 1320 2740 plicatili
1332 2654 1480 2734 Daedali,
1493 2656 1635 2723 Masistii

434 2760 555 2838 lorica,
576 2760 738 2826 Mardonii
757 2763 899 2838 acinace,
921 2760 1024 2825 altum
1043 2763 1077 2824 in
1095 2763 1303 2845 inscriptione
1322 2760 1445 2826 obtinet
1456 2759 1633 2828 silent-ium.

436 2867 523 2932 Hinc
543 2866 697 2933 concludo
717 2870 768 2932 τὸν
789 2868 921 2946 ἀρχαῖον
939 2868 1007 2930 νεὼν
1019 2867 1117 2931 fuisse
1131 2866 1408 2951 Hecatompsdum
1420 2866 1636 2934 etllrechthei

431 2975 640 3040 donariorum
660 2996 772 3040 curam
792 2975 1015 3058 quaestoribus
1040 2974 1205 3039 Minervae
1229 2995 1291 3038 nou
1314 2974 1412 3039 luisse
1436 2975 1632 3040 mandatam.

433 3079 507 3145 Una
537 3101 587 3145 res
617 3079 836 3145 memorabilis
867 3086 993 3144 manet:
1026 3100 1120 3144 versu
1145 3078 1188 3144 95
1216 3078 1376 3166 legimus:
1402 3082 1633 3161 droppasrtpscv

434 3191 578 3264 χρυσοῦν,
610 3182 624 3249 ὃ
657 3187 671 3250 d
696 3184 820 3262 ἀνδριὰς
846 3186 924 3265 ἔχει.
950 3182 1051 3251 Cuius
1074 3185 1138 3249 fuit
1161 3186 1213 3249 hic
1236 3184 1382 3261 ἄνδριᾶςῗ
1405 3185 1495 3252 ldem
1519 3208 1556 3251 ac
1579 3189 1634 3261 τὴν

435 3292 500 3356 θεόν
532 3291 681 3356 denotare
712 3291 793 3356 hanc
825 3289 976 3355 voculam
999 3291 1055 3354 vix
1079 3289 1181 3354 credo.
1211 3290 1326 3354 Potius
1349 3290 1537 3355 crediderim
1561 3313 1631 3358 eam

434 3396 535 3460 fnisse
554 3402 696 3461 statuam
716 3395 916 3476 (Bildsiiule),
940 3397 992 3460 cui
1015 3394 1142 3459 labrum
1165 3398 1199 3458 in
1223 3416 1337 3460 manus
1361 3396 1473 3461 datum
1496 3403 1580 3462 esset
1597 3400 1631 3462 in

434 3522 533 3566 usum
559 3507 728 3567 sacratum.

481 3718 529 3783 De
561 3719 682 3803 postica
705 3721 794 3802 parte
819 3715 1051 3800 Hecatompedi
1073 3714 1238 3799 hueusque
1262 3716 1365 3790 tacui,
1390 3713 1445 3779 sed
1469 3717 1568 3780 etiam
1591 3715 1630 3781 de

433 3827 533 3890 huius
565 3826 665 3908 partis
696 3844 759 3887 usn
791 3827 822 3887 et
854 3821 971 3886 honore
995 3841 1112 3905 magna
1135 3826 1184 3884 est
1207 3822 1437 3896 controversia,
1462 3820 1632 3885 cohaerens

435 3951 511 3994 cum
547 3930 749 4014 quaestione,
785 3928 842 3991 ubi
879 3925 978 3991 fuerit
1008 3926 1021 3989 ὃ
1054 3924 1276 4000 Ὀπισθόδομος
1307 3927 1364 4010 qui
1396 3924 1514 3990 dicitur
1545 3925 1630 4011 apud

433 4041 579 4100 auctores
603 4039 634 4097 et
657 4035 691 4096 in
714 4032 952 4096 traditionibus.

480 4138 615 4215 Omnes,
648 4141 683 4202 ni
711 4137 812 4213 fallor,
837 4138 900 4201 viri
924 4136 1009 4201 docti
1032 4137 1236 4200 consentiunt
1260 4156 1342 4200 anno
1366 4135 1430 4200 fere
1455 4135 1531 4214 450,
1555 4156 1631 4202 cum

433 4247 595 4312 sociorum
626 4245 749 4309 tributa
780 4242 860 4308 Delo
891 4243 1033 4307 Athenas
1063 4239 1217 4306 translata
1247 4246 1340 4317 sunt,
1371 4243 1405 4305 in
1428 4262 1499 4307 arce
1521 4241 1629 4307 locum

433 4371 538 4415 anum
571 4349 610 4415 ad
638 4350 806 4434 capiendas
829 4350 980 4433 pecunias
1001 4346 1075 4411 illas
1098 4346 1250 4411 idoneum
1274 4346 1372 4411 fuisse
1396 4347 1630 4434 Hecatompedi

433 4461 560 4542 partem
583 4457 758 4540 posticam,
783 4475 864 4540 quae
887 4453 1024 4518 habebat
1048 4451 1266 4528 vestibulum,
1291 4454 1431 4528 atrium,
1456 4452 1518 4517 duo
1542 4454 1629 4519 cubi·

431 4560 524 4639 cula,
556 4563 694 4639 spissas,
727 4562 875 4639 μέγαρον,
901 4558 951 4624 aa
974 4559 1143 4636 οἰκήματα.
1176 4556 1347 4642 Ddrpfeld,
1377 4579 1474 4644 quem
1501 4579 1626 4645 sequor,

430 4670 608 4734 arbitratur
639 4667 719 4731 hanc
752 4664 867 4752 templi
899 4671 1024 4750 partem
1056 4664 1198 4729 denotari
1229 4685 1307 4730 voce
1339 4663 1552 4744 Ὀπισδοδόμῳ
1584 4668 1630 4732 sic

433 4774 519 4839 nuda
539 4776 644 4860 posita
664 4780 696 4838 et
716 4772 896 4838 Herodoteo
915 4770 972 4836 illo
993 4773 1035 4851 τῷ
1055 4772 1184 4849 μεγάρῳ
1203 4772 1245 4849 τῷ
1265 4770 1337 4847 πρὸς
1357 4771 1484 4850 ἑσπέρην
1497 4795 1630 4851 serpeu-
