4525 5950
935 686 976 732 nu
1000 683 1143 733 cassum.
1523 749 1525 753 Ι
1568 668 1634 733 259

436 855 538 919 fuisse
571 851 767 928 Pindarum,
802 855 878 914 tuuc
902 850 1136 935 proculdubio
1160 851 1223 915 fuit
1246 871 1284 914 ex
1310 850 1442 936 Aegidis
1465 850 1635 916 Thebanis.

436 960 500 1025 Sed
524 957 686 1044 quomodo
712 957 864 1020 Thebaeas
888 962 1012 1041 poterat
1035 955 1154 1021 dicere:
1180 958 1213 1019 τὸ
1239 954 1265 1018 δ’
1292 956 1363 1030 ἐμὸν
1386 957 1530 1032 ναρὺοντ*
1555 957 1634 1019 ἀπὸ

438 1069 639 1144 Σπάρτας
673 1064 821 1142 ἐπήρατον
853 1059 962 1133 satas?
990 1083 1065 1126 nam
1097 1060 1236 1126 licet-
1264 1068 1301 1126 ut
1324 1062 1470 1148 perhibet
1493 1062 1635 1127 Herodo-

436 1181 489 1236 tus
516 1209 557 1219 —-
585 1169 727 1255 Aegidae
752 1167 898 1233 nonnulli
922 1167 1039 1231 Thebis
1063 1167 1195 1251 profecti
1219 1167 1366 1252 Spartam
1391 1171 1566 1254 petiverint
1589 1172 1636 1234 in·

437 1277 542 1362 deque
571 1276 710 1340 'lberam
733 1280 766 1339 et
790 1273 950 1360 Cyrenam
973 1275 1175 1359 navigarint,
1200 1274 1338 1338 Pindaro
1363 1275 1519 1360 profecto,
1544 1279 1635 1341 cuius

436 1386 577 1448 maiores
602 1382 705 1444 rasta
728 1388 929 1457 manserant,
954 1380 986 1444 id
1011 1378 1094 1444 nulli
1118 1386 1243 1465 poterat
1266 1401 1334 1445 esse
1353 1380 1477 1446 honori.
1503 1382 1634 1446 Accedit

435 1488 524 1574 quod
557 1491 613 1572 qui
643 1486 767 1553 dicant:
805 1484 883 1549 ἔνθεν
914 1484 1137 1562 ἀναδεξάμενοι
1171 1486 1310 1563 Κυράνας
1343 1487 1431 1550 πάλιν
1468 1486 1631 1566 σεβίζομεν

434 1596 591 1673 Kaparhs,
617 1592 698 1657 nulli
722 1592 780 1657 elii
800 1612 896 1676 quam
926 1593 1057 1675 Cyrenas
1073 1592 1196 1684 lineatas
1220 1613 1288 1656 esse
1312 1594 1436 1677 possint
1444 1612 1452 1670 ;
1478 1614 1579 1677 neque
1599 1593 1631 1657 id

433 1702 525 1787 fugit
560 1699 795 1777 Boeckhianos,
833 1700 888 1784 qui
923 1697 961 1762 ad
995 1700 1110 1762 incitas
1144 1698 1263 1763 redacti
1298 1705 1481 1764 statuerunt
1511 1699 1632 1764 -sed

433 1828 553 1892 parum
578 1803 784 1891 probabiliter
806 1841 846 1852 ·—
868 1825 930 1888 quo
950 1810 1093 1887 tempore
1112 1804 1232 1869 festum
1253 1803 1408 1869 Arcesilai
1426 1790 1460 1868 in
1480 1805 1633 1869 honorem

432 1918 591 1998 ageretur
613 1909 790 1974 Pindarum
814 1907 974 1995 Cyrenam
999 1911 1147 1973 visitasse
1164 1908 1197 1989 ¹).

480 2020 637 2082 Attamen
667 2015 798 2080 infitiari
822 2036 884 2079 non
908 2036 1039 2100 possum
1063 2014 1194 2079 Pindari
1220 2036 1352 2091 nomen,
1378 2019 1563 2101 ceteroquin
1587 2037 1636 2081 ra-

431 2129 622 2200 rissimum,
654 2125 757 2187 tribus
787 2122 1050 2208 inscriptionibus
1082 2122 1232 2206 Anaphae
1255 2124 1288 2184 in
1312 2121 1417 2186 insula
1440 2121 1562 2187 Therae
1585 2127 1633 2188 vi-

434 2236 508 2297 cina
539 2232 673 2315 repertis
705 2251 773 2294 esse
806 2229 962 2293 traditum
977 2226 1019 2305 ²);
1045 2227 1114 2292 ficri
1137 2229 1240 2314 igitur
1263 2231 1404 2312 potuisse
1427 2233 1464 2292 ut
1487 2226 1630 2315 (lyrense

435 2357 566 2422 quoque
588 2335 718 2399 Pindari
743 2334 851 2399 affines
874 2332 998 2417 aliquot
1020 2333 1213 2398 habitarent.

481 2441 547 2507 Sed
579 2444 685 2506 missis
716 2441 765 2505 his
796 2442 1038 2515 controversiis,
1063 2438 1154 2503 docet
1177 2460 1235 2503 nos
1258 2446 1350 2524 poeta
1373 2439 1506 2520 Aspidas
1529 2440 1626 2504 fuisse

432 2551 491 2633 qui
512 2546 617 2611 Thera
636 2546 770 2631 profecti
790 2543 911 2611 Oarnea
932 2543 1154 2609 transtulerint
1173 2541 1343 2629 Cyrenam.
1366 2545 1505 2631 Aegidas
1520 2551 1629 2610 autem

432 2654 598 2718 habitasse
627 2659 695 2717 tam
719 2651 850 2736 Spartae
874 2671 971 2736 quam
996 2649 1133 2727 Thebis,
1157 2653 1304 2735 quinimo
1328 2651 1427 2716 fuisse
1451 2651 1553 2729 <trata
1573 2675 1632 2726 με·

434 2762 543 2835 raso
568 2764 597 2820 ἐν
621 2760 764 2837 Σπάρτῃ,
789 2762 971 2822 asseverant
993 2756 1168 2834 Pindarus,
1193 2756 1386 2822 Herodotus.
1488 2755 1493 2766 '

483 2862 675 2928 Venerintne
698 2865 732 2926 in
757 2862 947 2927 Laconicam
970 2862 1070 2927 simul
1094 2884 1169 2927 cum
1194 2862 1392 2940 Heraclidis,
1413 2862 1496 2947 quod
1516 2862 1633 2928 Pinda-

432 2992 490 3035 rus
522 2968 669 3054 perhibet
683 2966 718 3048 ³),
740 2989 779 3033 an
804 2967 1048 3034 Heraclidarum
1072 2971 1139 3033 iam
1165 2975 1236 3034 ante
1260 2969 1418 3046 reditum,
1444 2977 1481 3034 ut
1503 2975 1631 3034 strenue

430 3076 600 3142 contendit
623 3075 802 3141 Muellerus
816 3075 853 3155 ⁴),
868 3112 909 3124 —
923 3075 1004 3139 nihil
1028 3075 1066 3140 ad
1091 3096 1177 3154 rem3
1203 3076 1236 3139 id
1261 3085 1345 3140 certe
1368 3082 1492 3140 constat
1515 3079 1632 3141 colonas

431 3185 563 3247 Boeotos
595 3188 627 3247 et
656 3182 806 3268 Spartam
838 3190 870 3247 et
893 3182 1031 3247 'lberam
1055 3188 1088 3247 et
1112 3179 1272 3268 Cyrenam
1298 3204 1406 3248 secum
1430 3181 1631 3247 transtulisse

432 3288 549 3356 Carnci
571 3288 706 3353 cultum.
732 3286 847 3353 (larnai
868 3291 971 3374 igitur
990 3290 1128 3372 patriam
1148 3309 1215 3353 esse
1227 3288 1441 3373 quaerendam
1453 3292 1485 3351 in
1499 3288 1631 3353 Boeotia

433 3403 469 3460 et
502 3394 672 3469 Thessalia,
704 3395 820 3479 quibus
851 3396 883 3457 in
914 3395 1099 3480 regionibus
1131 3392 1210 3458 olim
1235 3394 1387 3459 sedebant
1409 3393 1552 3481 Minyae.
1577 3394 1630 3458 Sic

432 3521 520 3566 nora
540 3503 660 3564 ratione
679 3500 891 3586 probavimus
912 3499 995 3583 qnod
1016 3502 1081 3564 iam
1101 3500 1164 3564 alia
1182 3502 1236 3564 via
1247 3520 1504 3585 reppereramus:
1521 3499 1629 3563 Coraci

430 3606 569 3670 acuminis
591 3605 734 3685 oripiaera
757 3604 810 3688 qai
833 3612 974 3688 quaerat,
998 3612 1098 3686 petere
1120 3606 1223 3668 debera
1248 3606 1452 3668 Thessaliam!

479 3712 594 3775 Pheris
618 3713 798 3797 antiquitus
822 3732 962 3796 gregum
987 3711 1121 3775 daemon
1144 3710 1377 3797 ithyphallicus
1396 3714 1488 3775 iuxta
1505 3711 1627 3789 Brimo,

428 3818 525 3881 deam
559 3817 718 3881 Artemidi
751 3814 972 3893 simillimam,
1003 3815 1176 3881 colebatur.
1207 3816 1348 3881 Daemon
1373 3822 1481 3880 antem
1504 3815 1561 3882 ille
1586 3854 1628 3865 -

426 3925 554 4009 posteri
575 3922 774 3987 Mercurium
795 3924 1007 3988 vocabant-
1023 3922 1132 3986 Brimo
1153 3944 1169 3987 e
1185 3924 1271 4007 regis
1282 3922 1458 3986 inferorum
1471 3929 1628 4008 potestate

424 4034 576 4112 ereptam
604 4031 638 4090 in
668 4027 775 4092 lucem
807 4028 994 4105 reduxerat;
1028 4050 1103 4092 nam
1135 4030 1233 4092 etiam
1262 4031 1416 4092 introitus
1446 4028 1484 4093 ad
1509 4030 1627 4095 Orcum

426 4134 547 4198 Pheris
581 4140 666 4210 erat,
701 4135 759 4199 ubi
791 4136 905 4199 ovibus
936 4136 1084 4198 mactatis
1115 4136 1241 4198 animae
1271 4142 1475 4200 mortuorum
1504 4138 1628 4200 evocari

430 4333 630 4345 .-—-—-———--

462 4475 491 4534 1)
515 4471 548 4520 Oi
572 4472 715 4521 studuicrla
736 4474 830 4536 Kyrene
847 4488 871 4537 p.
890 4472 930 4531 76,
948 4472 988 4525 ll.
1007 4473 1052 4522 cui
1070 4472 1209 4537 obloquitur
1226 4473 1318 4538 Gaspar
1335 4473 1400 4522 Phasi
1418 4474 1447 4522 de
1464 4474 1624 4539 Chrouologie

421 4554 574 4623 pindarique
592 4571 614 4618 p.
635 4554 690 4603 lae.

461 4637 489 4697 2)
507 4637 564 4684 01.
577 4638 606 4685 G.
625 4636 700 4695 2480,
718 4636 741 4695 b,
751 4638 773 4685 d.

460 4721 492 4783 3)
511 4719 599 4767 lsthm.
617 4720 661 4777 Vl,
684 4720 777 4783 lisqq.

459 4802 491 4865 4)
509 4800 625 4849 Orchom.
643 4816 665 4864 p.
686 4800 743 4850 ³20.
