4525 5950
641 692 708 759 262
1117 713 1366 762 mrsrornnuus.
1415 697 1417 699 ’
1527 774 1529 778 ,

685 872 738 941 Vs.
763 875 816 941 42.
840 877 872 940 τί
895 876 921 941 δ’
946 875 983 940 άν
1007 883 1153 953 γυναῖκες
1179 875 1325 956 Φρίνιμον
1350 879 1530 955 ἒργασαί
1538 903 1630 958 ατο,

844 984 860 1057 ἢ
887 982 1040 1060 λαμπράν,
1065 975 1100 1046 αἳ
1124 985 1272 1059 καθήμεθ’
1297 983 1508 1060 ἕξανίισμίναι
1533 986 1599 1050 xri.

638 1087 726 1153 Haec
749 1091 896 1153 omnium
920 1087 1077 1152 librorum
1100 1087 1196 1153 lectio
1220 1089 1343 1154 doctior
1366 1089 1494 1155 ridetur
1518 1112 1616 1175 quam
1642 1112 1731 1176 quae
1754 1114 1840 1157 mero

637 1197 736 1259 errori
768 1194 879 1259 debeat
910 1196 1088 1279 originem,
1115 1215 1212 1279 quare
1236 1217 1298 1260 nou
1322 1198 1427 1260 ausim
1451 1217 1525 1260 cum
1549 1196 1676 1262 editore
1700 1202 1841 1283 recipere

639 1297 814 1366 Clementis
845 1300 1053 1365 Alexandrini
1085 1303 1278 1386 scripturam
1311 1302 1543 1380 ἐργασαίμεθα,
1574 1307 1672 1369 cuius
1698 1308 1843 1369 testimo

638 1409 729 1470 nium
771 1405 870 1472 altero
906 1410 976 1471 eius
1010 1404 1098 1484 loco,
1136 1407 1192 1471 ubi
1228 1410 1422 1485 ἐργασαίατο
1455 1411 1607 1484 recurrit,
1645 1409 1842 1474 destruitur.

638 1511 750 1576 Potius
770 1511 957 1576 crediderim
978 1533 1025 1576 rs.
1041 1511 1084 1575 42
1104 1513 1270 1597 integrum
1290 1533 1307 1576 e
1327 1512 1492 1598 tragoedia
1503 1512 1611 1598 aliqua
1623 1513 1844 1601 (Euripidisi)

638 1637 656 1680 a
687 1626 780 1701 poeta
810 1619 952 1702 petitum
982 1638 1049 1682 esse
1082 1623 1114 1681 et
1146 1616 1318 1683 lectionem
1350 1620 1564 1696 ἐργασαίμεθα
1597 1619 1715 1686 deberi
1747 1621 1844 1687 alicui

634 1726 847 1808 grammatico
872 1723 909 1788 de
934 1723 1063 1808 vulgari
1088 1726 1218 1809 syntaxi
1242 1726 1340 1789 nimis
1365 1724 1513 1791 sollicito.

684 1940 737 2006 Vs.
764 1941 818 2007 63.
1251 1945 1268 2017 ἦ
1293 1948 1368 2018 γοῦν
1393 1943 1558 2021 Θεογένους

842 2050 879 2119 ὥς
905 2049 982 2125 δεῦρ’
1007 2049 1094 2112 loica
1120 2048 1344 2113 τάαάτειον
1368 2049 1496 2130 ᾔρετο.

637 2152 804 2219 Facillime
828 2174 901 2219 sane
926 2156 1078 2219 correctio
1103 2156 1332 2239 procuratrice
1357 2157 1441 2229 ἤρετο
1465 2154 1572 2233 (Rar.)
1596 2154 1664 2233 (Of.
1693 2157 1845 2222 Meister·

637 2259 732 2324 hans³
755 2282 787 2344 p.
812 2259 880 2337 50),
911 2263 946 2324 in
976 2262 1068 2325 cuius
1099 2259 1196 2324 fidem
1227 2263 1326 2325 miror
1349 2259 1575 2325 beeuweuium
1599 2281 1665 2323 non
1693 2263 1843 2326 attulisse

637 2365 848 2430 Plutarchum
873 2365 911 2431 de
936 2366 1008 2430 aud.
1033 2372 1116 2450 poet.
1141 2365 1156 2430 I
1180 2373 1225 2445 (et
1249 2364 1340 2446 alibi)
1364 2366 1490 2430 οὶκάειον
1513 2364 1548 2444 (l.
1573 2367 1743 2448 οὶκοὶτειον)
1772 2371 1844 2448 ἀρά-

637 2496 726 2545 μενον
759 2473 901 2549 Φεύγειν,
935 2470 1010 2536 licet
1042 2471 1074 2535 h.
1104 2471 1126 2535 l.
1159 2471 1197 2536 de
1229 2471 1308 2557 fuga
1338 2474 1506 2556 praecipiti
1536 2491 1640 2535 sermo
1678 2495 1746 2538 non
1781 2475 1842 2538 fiat.

637 2576 755 2642 Suidae
787 2584 820 2641 et
850 2576 947 2641 schol.
983 2576 1062 2643 Rau.
1087 2576 1183 2641 lectio
1207 2574 1308 2662 vulgo
1332 2585 1457 2661 recepta
1481 2578 1656 2639 θοὺκοὶτεισν
1682 2580 1842 2656 (Hecatae

635 2685 781 2768 signum)
803 2685 850 2746 ita
875 2688 1001 2747 tantum
1025 2703 1102 2748 vera
1122 2704 1190 2746 esse
1210 2690 1325 2766 potest,
1345 2686 1371 2746 si
1391 2682 1515 2767 quando
1534 2684 1701 2748 constabit
1723 2687 1842 2751 Achar-

636 2792 783 2853 nensium
804 2787 983 2853 aliorumve
1005 2786 1155 2853 mulieres
1176 2809 1244 2852 rem
1264 2791 1448 2873 graviorem
1466 2809 1681 2874 aggressurae
1695 2790 1841 2857 Hecaten

636 2894 842 2959 consultasse.
866 2893 1029 2979 Quidquid
1052 2895 1212 2971 scribitur,
1237 2892 1326 2958 locus
1350 2901 1458 2958 manet
1481 2895 1751 2962 obscurissimus.

679 3112 732 3178 Vs.
757 3113 811 3179 84.
860 3111 938 3197 ᾇπερ
964 3116 1109 3190 ἱερεῖον
1134 3115 1181 3177 τοί
1205 3115 1240 3189 μ’
1265 3112 1521 3189 ὑποψαλάσσετε.

633 3217 768 3285 Dialecti
792 3223 873 3285 ratio
897 3218 1038 3306 postulat
1061 3222 1228 3298 ἱαρεῖον.

680 3421 732 3488 Vs.
761 3423 835 3487 106.
861 3422 1227 3503 πορπακισάμενος
1252 3420 1379 3497 Φροῦδος
1404 3420 1614 3494 ἀμπτάμενος
1643 3421 1726 3497 ἔβα.

633 3528 704 3594 Non
736 3530 844 3592 oblitus
875 3533 933 3603 (sic
956 3550 987 3593 r.
1013 3527 1193 3607 Leeuwen),
1225 3528 1345 3611 opinor,
1378 3529 1562 3611 peregrinae
1587 3525 1760 3606 dictionis,
1788 3531 1840 3595 sed

634 3643 738 3699 metro
769 3635 945 3712 cohibitus,
979 3636 1025 3698 ita
1048 3637 1177 3718 scripsit
1202 3631 1433 3717 Aristophanes
1457 3652 1514 3717 pro
1542 3635 1838 3711 τορτακιξοέμενος.

634 3741 755 3806 Eodem
779 3762 873 3805 sensu
897 3742 965 3825 ipse
990 3738 1066 3803 Ach.
1092 3736 1158 3802 368
1182 3740 1287 3802 utitur
1311 3738 1408 3803 verbo
1433 3737 1685 3802 ἕναστιδοῦσίαι.

680 3950 733 4015 Vs.
762 3949 836 4015 133.
861 3948 947 4026 ἄλλ’,
973 3947 1048 4012 ἄλλ’
1072 3944 1138 4012 ὅτι
1162 3949 1281 4025 βούλει,
1306 3948 1360 4023 ιιῆν
1383 3973 1424 4024 με
1448 3958 1521 4028 χρῇ,
1545 3947 1597 4012 διά
1622 3956 1684 4014 τοῦ
1710 3957 1809 4035 τυρὸς

862 4054 952 4119 ἐθέλοι
977 4053 1135 4135 βαδίζειν·
1160 4058 1279 4117 τοῦτο
1303 4058 1426 4128 μᾶλλον
1450 4059 1502 4117 τοῦ
1526 4054 1660 4125 πέους.

862 4160 1029 4238 οὐδὲνγὰρ
1054 4154 1089 4222 el
1095 4182 1151 4236 ον,
1177 4154 1197 4221 ὦ
1220 4158 1299 4236 Φίλιι
1323 4160 1530 4238 Λυσιστράτη.

634 4266 832 4331 Adnotatum
854 4269 977 4347 ,,τοι”ιτο]
998 4264 1110 4329 malim
1131 4268 1194 4327 τοῖν
1214 4288 1254 4340 τι,
1275 4268 1418 4350 suspicor
1436 4272 1545 4330 autem
1563 4264 1646 4330 olim
1673 4276 1774 4335 τοῦτο
1796 4296 1844 4337 su·

635 4375 847 4458 perscriptum
878 4392 944 4436 esee
977 4373 1049 4436 roci
1081 4365 1150 4446 οίον,
1181 4369 1292 4434 deinde
1324 4370 1387 4435 huc
1417 4370 1615 4455 irrepsisse.’'
1643 4372 1738 4439 Satis
1767 4399 1843 4441 sane

635 4477 851 4564 probabiliter,
876 4476 930 4542 sed
951 4483 1112 4562 praeterea
1132 4476 1246 4540 haereo
1266 4479 1299 4539 in
1321 4478 1403 4540 mira
1423 4475 1687 4559 breviloquentia
1715 4486 1844 4552 μᾶλλον

636 4589 688 4648 τοῦ
714 4584 802 4651 τίους
826 4606 884 4668 pro
908 4587 1031 4656 μᾶλλον
1055 4586 1107 4645 τοῦ
1134 4582 1310 4662 άτίχεσίαι
1335 4587 1388 4644 τοῦ
1411 4583 1519 4657 πέους,
1543 4602 1619 4645 eum
1641 4592 1844 4667 praesertim

635 4692 771 4755 verbum
803 4689 976 4766 απίχεσίαι
1009 4686 1118 4751 decem
1148 4688 1212 4751 fere
1244 4708 1398 4751 versuum
1423 4685 1594 4751 intervallo
1618 4687 1701 4754 hinc
1727 4691 1844 4759 distet.

635 4796 771 4881 Legitur
806 4797 892 4857 enim
926 4813 974 4857 vs.
1010 4790 1073 4855 124
1110 4794 1256 4871 άφτιιτία
1291 4795 1387 4855 τοίνυν
1419 4791 1502 4853 ἐστὶν
1533 4793 1607 4866 ἡμῖν
1640 4798 1701 4857 τοῦ
1735 4802 1843 4871 πέους.
