4525 5950
638 652 705 717 388
1172 671 1311 718 onnus

638 844 682 897 at
717 835 826 897 tersior
857 836 1099 920 eleqntiorqne,
1128 857 1243 919 qnoque
1273 836 1304 896 ἐι
1335 857 1389 897 no
1420 844 1597 917 armento
1623 838 1838 918 pertractando

634 941 770 1026 feliciae
793 949 939 1018 catatu,
963 965 997 1004 eo
1020 943 1133 1020 nupia,
1156 942 1329 1022 inprudens
1352 941 1539 1026 inritusque,
1562 943 1628 1021 (qi
1639 951 1748 1024 paret.
1774 944 1837 1004 Cn

640 1069 706 1108 cero
731 1048 826 1116 ιῦτὲς
848 1047 959 1110 iacui
982 1064 1030 1110 est
1054 1048 1230 1116 latebram
1254 1047 1356 1126 1019oe
1378 1046 1457 1108 locor
1480 1055 1568 1109 {aab
1585 1049 1707 1130 μιςᾱ
1727 1056 1794 1110 crte
1811 1056 1839 1110 ut

640 1175 677 1214 re
706 1153 912 1214 eererim'nae
933 1154 1049 1236 quiden
1073 1159 1103 1214 et
1124 1152 1251 1214 Honen'
1268 1151 1466 1234 plesiaci-ae
1488 1175 1580 1215 enm
1602 1154 1773 1237 quidqu:
1793 1153 1839 1215 b

639 1260 728 1321 beant
749 1260 830 1342 quod
852 1259 1080 1340 repetendam.

685 1363 755 1428 Hoc
791 1384 906 1428 rerum
940 1385 1028 1436 mse.
1063 1363 1125 1427 boc
1159 1365 1223 1447 ipsi
1257 1365 1306 1426 rei
1339 1378 1472 1427 naturae
1501 1367 1690 1438 convenire,
1722 1367 1840 1448 optime

639 1473 746 1534 sciunt
776 1473 984 1554 sentiuntque
1014 1468 1065 1533 illi
1087 1472 1145 1554 qui
1167 1472 1298 1533 omnino
1321 1469 1360 1532 ad
1385 1469 1613 1534 huiuscemodi
1636 1473 1841 1553 quaestiones

639 1575 835 1640 dirimsudns
873 1579 1015 1640 mxime
1052 1590 1128 1638 sunt
1165 1574 1291 1646 idonei.
1321 1596 1376 1639 eos
1407 1574 1478 1639 dioo
1508 1579 1566 1660 qui
1597 1579 1665 1660 ipsi
1698 1577 1841 1641 versibus

640 1681 763 1746 Ietinis
805 1680 983 1766 pangendis
1025 1679 1138 1744 sedulo
1179 1679 1256 1743 dant
1290 1701 1430 1765 operam
1467 1680 1495 1744 E
1528 1701 1674 1764 quorum
1710 1681 1841 1745 artificio

639 1784 827 1870 exemplum
857 1785 967 1850 nieme
997 1784 1086 1850 lubet
1116 1784 1202 1869 quod
1233 1806 1321 1860 rem,
1353 1788 1387 1848 in
1417 1806 1482 1870 qua
1504 1807 1691 1862 versamur,
1716 1790 1840 1873 egregie

639 1891 804 1956 illustrare
828 1891 967 1955 ridetur.
998 1890 1078 1970 Quis
1100 1906 1270 1974 poetarum
1292 1894 1493 1954 noviciorum
1516 1913 1647 1976 semper
1671 1896 1770 1957 auxie
1792 1893 1841 1956 dn

637 2017 766 2081 operam
788 2010 823 2058 ut
843 1998 1027 2060 hexameter
1043 2010 1136 2060 exeat
1156 1999 1191 2058 in
1212 2016 1325 2060 rocem
1345 1997 1495 2060 binarum
1515 2010 1733 2062 ternarumve
1750 1997 1840 2083 sylla

642 2098 778 2166 berum?
801 2100 880 2179 Quis
902 2122 1017 2164 eorum
1040 2121 1171 2164 versum
1194 2101 1354 2185 improbet
1377 2100 1482 2185 qualis
1504 2101 1557 2166 hic
1581 2114 1651 2166 est:

777 2206 826 2272 Ne
851 2228 926 2271 vero
949 2206 1106 2282 barium,
1129 2214 1197 2270 tam
1221 2206 1355 2282 fortem,
1380 2216 1447 2270 tam
1470 2207 1678 2292 sapientem?

642 2313 685 2377 Et
708 2326 834 2388 umen,
857 2315 914 2396 qui
937 2315 973 2375 in
996 2312 1056 2376 boc
1072 2314 1204 2397 negotio
1222 2332 1285 2374 uon
1303 2310 1394 2375 rudis
1411 2322 1476 2388 est,
1497 2315 1667 2378 rarissime
1687 2313 1840 2380 eiusmodi

645 2419 851 2483 hexametros
873 2421 906 2480 in
930 2420 1072 2482 carmina
1094 2437 1154 2481 sua
1173 2416 1330 2480 admittit.

688 2522 770 2586 Tota
798 2544 877 2608 ergo
905 2526 1115 2607 investigatio
1146 2530 1254 2586 nostra
1276 2543 1314 2586 eo
1336 2522 1426 2586 ducit
1448 2532 1486 2586 ut
1508 2527 1644 2607 penitus
1668 2529 1838 2590 effluamus

643 2630 866 2693 hexametrum
889 2628 986 2692 illum
1009 2649 1027 2691 e
1049 2625 1185 2692 Graecia
1209 2631 1347 2712 petitum
1369 2629 1461 2692 bonis
1479 2632 1586 2712 poetis
1607 2630 1741 2695 latinis
1761 2653 1838 2707 ,eon

643 2734 814 2799 suetudine
837 2737 872 2798 in
894 2750 1045 2799 naturam
1070 2733 1238 2799 vertisse.”

1130 3215 1273 3283 CAPUT
1296 3216 1354 3282 [IL

774 3403 817 3448 DE
840 3401 1144 3449 ΙΠΠΟΒΡΠΟΒΙΟΙ
1168 3402 1309 3449 amu
1332 3402 1445 3450 Pffl'IB
1467 3404 1721 3453 ammosa

689 3567 800 3630 Primo
823 3570 928 3650 capite
952 3570 1110 3631 virtutem
1134 3567 1294 3651 quandam
1319 3567 1446 3645 Ovidii,
1469 3571 1503 3632 in
1527 3573 1645 3634 ceteris
1671 3571 1836 3636 Memnon

642 3674 781 3758 phoseon
801 3672 892 3736 libris
911 3676 1135 3756 conspicuam,
1157 3674 1432 3759 praedicavimus,
1453 3689 1486 3738 at
1505 3696 1524 3739 e
1542 3674 1637 3739 libris
1651 3677 1731 3742 xlv
1741 3693 1772 3743 et
1784 3676 1834 3741 XV

642 3780 717 3842 huic
737 3781 893 3842 contraria
912 3777 1109 3861 protulimus
1128 3781 1220 3842 vitia.
1240 3779 1334 3843 Nunc
1351 3780 1521 3844 videamus
1539 3784 1835 3864 possimusneetex

643 3883 708 3948 alio
728 3905 844 3969 genere
863 3883 974 3947 efferre
993 3899 1187 3969 argumente
1207 3884 1246 3948 ad
1266 3885 1551 3950 demonstrandum
1562 3884 1722 3952 ultimam
1735 3890 1835 3973 magui

644 3993 749 4074 operis
772 4005 898 4073 partem
923 3990 1184 4073 praecedentibus
1208 3994 1316 4054 minus
1340 4013 1407 4056 esee
1429 3990 1577 4055 limatm
1602 3991 1800 4079 cultamque

691 4094 829 4159 Omnino
861 4094 996 4160 Ovidius
1026 4095 1163 4180 limpida
1187 4097 1392 4183 simplicique
1415 4100 1521 4162 utitur
1543 4102 1785 4175 enuntiatione,
1807 4102 1835 4162 in

645 4200 955 4286 Metamorphosesin
980 4224 1056 4267 vero
1079 4223 1186 4266 sermo
1208 4206 1277 4268 eius
1301 4211 1368 4268 tam
1392 4207 1578 4288 perspicuus
1602 4204 1773 4290 facilisque
1793 4212 1835 4269 est

644 4321 682 4369 ut
717 4310 817 4370 etiam
852 4310 944 4389 pueri
976 4329 1038 4371 non
1071 4310 1170 4371 nimis
1201 4308 1285 4372 tardi
1315 4312 1384 4374 sine
1415 4308 1483 4372 ulla
1505 4307 1656 4373 molestia
1681 4331 1737 4375 eos
1758 4318 1834 4375 certe

643 4410 745 4487 locos,
774 4415 831 4496 qui
855 4413 1038 4476 nominibus
1063 4412 1294 4499 mythologicis
1317 4415 1607 4500 geographicisque
1628 4425 1751 4491 carent,
1775 4436 1834 4499 per

642 4516 752 4602 legere
784 4522 905 4601 possint
937 4525 969 4582 et
999 4525 1111 4603 sponte
1143 4523 1299 4584 memoria
1328 4531 1465 4585 teneant.
1497 4520 1569 4584 Non
1600 4541 1686 4605 nego
1710 4521 1832 4605 quidem

642 4624 696 4687 hic
722 4622 791 4686 illic
814 4637 1011 4688 structuram
1035 4624 1228 4709 deprehendi
1251 4625 1348 4710 paulo
1371 4630 1615 4702 contortiorem;
1647 4627 1706 4691 sed
1730 4646 1832 4692 versus

644 4726 754 4812 quales
777 4728 810 4791 bi
834 4739 910 4791 sunt
933 4739 985 4807 (ex
1008 4732 1102 4794 initio
1125 4729 1202 4793 libri
1224 4730 1304 4809 IX):
