4525 5950
646 671 712 735 226
1072 685 1393 735 oasnsvsmnucnnxn

643 856 747 915 vatur.
783 849 870 934 Ergo
901 872 963 914 non
996 849 1034 913 ad
1065 848 1248 934 exemplum
1280 851 1326 914 rei
1356 849 1582 914 vindicationis
1605 847 1836 934 hypothecaria

643 958 726 1020 actio
761 958 878 1040 scripta
911 961 976 1032 est,
1013 955 1067 1019 sed
1101 978 1172 1018 eoae
1207 956 1320 1033 (tolet)
1352 955 1538 1018 condiciones
1553 953 1586 1034 ¹).
1618 953 1712 1034 Quod
1743 974 1834 1039 argu·

644 1067 789 1125 mentum
829 1062 1000 1136 obtinebit,
1039 1064 1098 1124 etsi
1140 1063 1211 1144 quis
1247 1063 1464 1144 exceptionem
1500 1062 1744 1146 pignoratitiam
1779 1079 1834 1144 pro

643 1165 796 1231 Serviano
830 1166 948 1230 iudicio
978 1168 1174 1249 reposuerit,
1205 1186 1281 1229 nam
1311 1168 1505 1250 exceptionis
1533 1170 1566 1229 et
1597 1166 1734 1229 actionis
1765 1184 1835 1228 ean·

644 1273 717 1336 dem
745 1273 899 1336 hactenus
923 1292 1052 1336 caueam
1076 1292 1144 1335 esse
1166 1269 1345 1355 apparct').
1378 1270 1490 1354 ltaque
1513 1272 1569 1354 qui
1591 1268 1779 1334 Servianam
1802 1276 1833 1333 et

642 1379 733 1461 quasi
753 1375 939 1441 Seruianam
959 1375 1093 1440 fiduciae
1111 1376 1237 1441 fictione
1258 1377 1429 1440 consistere
1449 1373 1610 1439 contendit
1627 1374 1786 1439 Bachcfen
1798 1372 1832 1452 ³),

640 1480 728 1545 idem
759 1482 840 1544 hanc
869 1480 1029 1544 fictionem
1059 1489 1169 1564 postea
1200 1481 1388 1564 abrogatam
1419 1479 1528 1544 dooere
1551 1481 1681 1564 cogitur
1704 1485 1738 1544 et
1763 1480 1834 1544 sub

642 1588 792 1649 stitutum
831 1588 987 1650 actionem
1024 1608 1060 1648 ee
1092 1592 1183 1666 pacto
1196 1585 1240 1664 ⁴),
1272 1584 1356 1669 quod
1391 1587 1488 1648 nimis
1521 1604 1587 1648 esse
1622 1583 1833 1648 artificiosum

642 1697 726 1754 recte
756 1690 880 1754 dicebat
909 1689 1019 1754 Keller
1032 1691 1068 1768 ⁵).
1101 1689 1215 1755 Solum
1245 1689 1408 1774 reliquum
1439 1695 1487 1754 cst
1515 1692 1567 1753 ius
1591 1686 1753 1754 Graecum
1778 1695 1834 1753 aut-

641 1793 723 1858 nihil
745 1795 979 1878 quaerendum,
1004 1794 1088 1879 quod
1113 1798 1154 1859 sit
1181 1794 1265 1859 ultra
1287 1795 1445 1859 iudicium
1469 1793 1670 1858 Servianum.
1695 1793 1744 1856 Ex
1764 1795 1834 1857 iure

642 1898 762 1965 Graeco
796 1899 1028 1984 hypothecam,
1063 1899 1097 1962 id
1131 1908 1180 1964 est
1209 1903 1328 1985 pignus
1360 1897 1619 1974 conventionale,
1644 1897 1833 1963 descendere

641 2004 773 2089 quidam
796 2010 1007 2088 putaverunt;
1032 2003 1121 2068 addit
1144 2007 1324 2069 convitium
1347 2003 1522 2083 Erman⁰):
1547 2009 1709 2089 receptam
1732 2003 1834 2088 hypo

642 2109 769 2172 thecam
802 2129 865 2173 non
899 2107 1062 2173 intellecta
1098 2115 1382 2179 monumentorum
1416 2108 1576 2185 utilitate,
1612 2115 1719 2193 spreta
1749 2115 1833 2174 certe

641 2219 766 2290 („untcr
782 2213 991 2276 Fallcntaeaen
1010 2215 1064 2276 der
1083 2213 1311 2293 Publicitoet’b.
1333 2214 1431 2293 Quasi
1448 2235 1523 2279 vero
1542 2219 1600 2277 aut
1618 2213 1704 2298 apud
1723 2233 1834 2278 omnes

645 2316 796 2384 Graeciae
828 2317 962 2402 populos
992 2325 1204 2384 monumenta
1226 2318 1355 2403 publica
1377 2318 1497 2383 fuerint
1519 2355 1562 2368 —
1583 2339 1644 2383 non
1667 2318 1768 2382 luisse
1790 2320 1834 2382 ni·

641 2427 705 2487 mis
735 2423 901 2488 evidenter
930 2423 1021 2488 docet
1052 2423 1290 2508 Theophrastus
1304 2423 1328 2501 ἵ)
1354 2431 1475 2488 -aut
1503 2429 1644 2509 praestet
1667 2424 1833 2488 decretum

641 2526 836 2612 Delphicum
867 2528 1003 2606 (Michel
1034 2549 1085 2594 ne.
1118 2527 1209 2608 263),
1241 2529 1326 2613 quod
1358 2530 1397 2594 ob
1422 2550 1493 2594 eam
1520 2549 1588 2593 rem
1611 2527 1782 2593 extollitur
1796 2527 1831 2606 8),

640 2633 708 2719 legi
730 2633 960 2711 Malacitanae,
984 2655 1057 2700 nam
1090 2655 1126 2699 ea
1158 2655 1283 2720 quoque
1316 2635 1406 2700 iubet
1436 2642 1518 2718 (cap.
1551 2632 1607 2713 63)
1639 2634 1769 2718 praedia
1799 2636 1832 2696 in

640 2737 807 2823 publicum
843 2739 1029 2825 subsignata
1062 2742 1095 2802 in
1130 2738 1256 2805 tabulas
1292 2738 1435 2824 publicas
1467 2739 1594 2816 referri,
1626 2739 1664 2804 de
1696 2741 1832 2822 privatis

640 2850 750 2908 autem
769 2844 958 2930 hypothecis
977 2865 1016 2909 ne
1036 2843 1191 2929 Delphico
1211 2845 1341 2929 quidem
1362 2845 1487 2910 decreto
1499 2844 1673 2930 quidquam
1687 2850 1831 2909 caretur.

639 2947 701 3014 Sed
721 2969 887 3033 perperam
900 2949 1050 3014 dixerunt
1061 2949 1274 3035 hypothecam
1286 2971 1325 3016 ex
1337 2948 1458 3017 Graeco
1467 2953 1538 3017 iure
1550 2949 1754 3028 descendere,
1775 2970 1832 3015 cur

675 3223 701 3285 1)
719 3221 746 3269 L.
766 3221 796 3270 18
814 3223 850 3282 (4
868 3222 897 3269 Ι).
917 3221 990 3270 881.

673 3302 701 3365 a)
724 3316 744 3350 c.
763 3302 777 3350 1
795 3301 824 3351 C.
842 3303 866 3350 8.
876 3302 908 3349 88
926 3302 977 3362 (88)
998 3324 1022 3343 =
1043 3317 1063 3350 c.
1082 3302 1095 3349 l
1114 3301 1142 3350 O.
1159 3304 1183 3350 4.
1194 3302 1235 3351 88.
1256 3302 1363 3351 Intentio
1384 3303 1440 3352 daei
1452 3302 1562 3366 pipeorie
1577 3319 1651 3367 neque
1667 3304 1779 3353 redditae
1788 3320 1833 3367 pe-

639 3383 723 3433 cuniae
745 3398 794 3432 ecee
817 3398 864 3432 non
888 3386 967 3448 potest
990 3383 1036 3432 nisi
1058 3383 1165 3448 exceptio
1182 3383 1339 3448 pignoratitia
1356 3385 1397 3448 (cl.
1417 3383 1434 3432 l.
1452 3384 1483 3434 18
1502 3400 1538 3450 pr.
1558 3386 1586 3434 11.
1604 3385 1645 3434 88.
1655 3386 1697 3448 8);
1714 3386 1831 3450 quidquid

639 3464 664 3513 in
679 3465 825 3513 contrarium
843 3464 950 3528 disputet
969 3462 1103 3523 Bachcten,
1121 3466 1227 3529 Psandr.
1247 3480 1270 3528 p.
1288 3464 1359 3527 48)·7.
1385 3464 1457 3514 Ultro
1474 3465 1570 3528 quidem
1588 3466 1678 3515 fatetur
1694 3466 1775 3515 solute
1792 3482 1833 3531 pe·

638 3544 709 3594 cunia
733 3545 831 3609 perinde
857 3545 954 3594 dissolvi
979 3545 1140 3610 exceptionem
1164 3548 1236 3609 atquc
1258 3547 1375 3595 sotionem
1397 3548 1469 3603 odo
1490 3546 1587 3595 &erm
1603 3546 1655 3611 aes
1667 3547 1707 3596 die
1723 3548 1832 3613 exceptio

638 3626 714 3689 erqibt
731 3626 781 3674 sier
801 3641 842 3674 oon
859 3626 963 3687 seltel’).
982 3627 1052 3691 Quod
1070 3624 1138 3675 nobie
1157 3626 1239 3689 ntique
1253 3627 1347 3676 suflicit.

673 3709 701 3768 8)
726 3710 827 3773 Propter
849 3708 865 3757 Ι.
885 3710 915 3757 18
941 3710 968 3757 D.
987 3708 1044 3757 el.
1068 3710 1123 3757 Nou
1141 3709 1227 3757 sufficit
1245 3709 1367 3773 responsio
1386 3709 1478 3758 Kelleri
1496 3709 1575 3771 (Krit.
1592 3710 1676 3758 caere.
1696 3711 1726 3759 81
1745 3710 1832 3771 (1847)

638 3806 661 3854 p.
680 3790 754 3854 ⁹⁷⁶)=
773 3790 857 3839 utilem
875 3790 993 3838 sotionem
1011 3804 1058 3838 non
1077 3790 1159 3853 ntique
1176 3805 1225 3838 eece
1243 3790 1365 3849 cerisium,
1379 3790 1436 3853 quie
1450 3790 1486 3838 rel
1502 3790 1536 3838 sic
1550 3788 1664 3839 monebit:
1681 3805 1730 3839 esee
1746 3791 1832 3840 utilem

638 3870 768 3928 actionem,
792 3885 852 3933 quse
877 3871 906 3918 ed
930 3869 1064 3933 exemplum
1085 3868 1184 3918 alterius
1200 3869 1300 3919 actionis
1319 3870 1395 3920 detur.
1414 3871 1459 3919 Scd
1476 3869 1627 3920 concellania
1643 3872 1701 3919 eunt
1717 3871 1830 3920 omnino:

638 3952 713 4002 eiecti
729 3952 803 4014 ipsios
813 3952 892 4015 foedi
908 3952 975 4000 stilio
989 3951 1076 4015 petitio
1092 3951 1196 4000 dodim

673 4035 702 4097 4)
720 4034 871 4097 Psaedreclet
887 4030 972 4094 (1847)
988 4048 1011 4097 p.
1031 4033 1137 4090 88-48,
1155 4032 1262 4081 48-44.

674 4117 702 4177 8)
726 4114 790 4163 Krit.
814 4113 899 4162 saort.
921 4113 952 4162 al
976 4111 1061 4174 (1847)
1078 4128 1101 4177 p.
1119 4112 1176 4164 878.
1194 4111 1280 4161 Obstat
1298 4115 1421 4177 pneteree
1436 4113 1557 4179 opinioni,
1573 4114 1612 4164 cui
1629 4114 1832 4176 contredicinrne,

637 4197 715 4260 qood,
738 4196 784 4245 nisi
807 4194 971 4244 testimoninm
994 4195 1023 4242 de
1045 4194 1099 4242 utili
1123 4194 1216 4243 actione
1237 4202 1272 4242 eet
1291 4194 1474 4260 interpolatum,
1493 4211 1522 4244 ne
1538 4195 1651 4259 abrogata
1666 4195 1765 4260 quidem
1782 4196 1830 4245 erit

639 4276 706 4326 utilis
726 4275 797 4325 actio.

672 4358 700 4421 8)
723 4359 776 4406 Dae
799 4360 855 4406 rien.
873 4356 951 4406 hecht
967 4372 1009 4405 coe
1026 4355 1091 4404 1884
1108 4356 1143 4405 ee
1165 4355 1226 4404 1884
1246 4356 1335 4419 (1888)
1353 4372 1377 4421 p.
1395 4356 1435 4408 17.
1459 4357 1531 4406 Hand
1549 4357 1620 4423 poulo
1636 4357 1764 4409 iustiorem
1783 4360 1830 4409 lert

636 4438 780 4487 sententiam
797 4437 940 4502 discipulus,
959 4435 1055 4500 Origine
1071 4438 1100 4485 de
1113 4436 1231 4500 clypaeo.
1250 4452 1273 4501 p.
1292 4438 1354 4495 818)
1372 4474 1378 4487 .

671 4520 700 4583 7)
722 4517 783 4580 Περὶ
804 4517 965 4579 συμβολαίων
988 4518 1029 4579 (8
1053 4516 1205 4580 (Thelheim,
1228 4518 1477 4568 Recbhalterthrieeer
1497 4520 1582 4581 (1884)
1599 4535 1623 4584 p.
1643 4520 1712 4581 180).
1740 4520 1829 4572 Scribit

636 4600 793 4650 nihilominus
815 4599 922 4659 Hersen,
939 4614 977 4664 op.
995 4599 1035 4648 cit.
1054 4614 1077 4663 p.
1096 4599 1157 4648 208:
1179 4602 1219 4649 ola
1235 4598 1406 4650 thudestisite‘
1422 4633 1496 4650 .....
1514 4605 1548 4651 eet
1566 4638 1639 4653 .....
1657 4618 1703 4652 ese
1717 4604 1828 4668 partin·

637 4682 761 4730 teritorio
777 4680 876 4744 cystim
896 4680 1012 4728 romain.''

670 4763 697 4823 8)
715 4762 782 4810 Bou.
799 4763 828 4810 de
845 4776 905 4810 corr.
923 4760 977 4810 teu.
998 4761 1017 4807 V
1036 4760 1124 4825 (1881)
1142 4778 1166 4826 p.
1186 4762 1242 4814 171.
1320 4762 1325 4775 “
