4525 5950
532 627 598 694 376
1061 646 1200 695 omnrus.

574 813 614 890 ll,
643 812 708 878 591
748 814 797 877 An
820 833 901 898 quae
924 833 980 897 per
1004 817 1106 877 totam
1130 833 1180 877 ree
1204 819 1251 878 est
1275 816 1443 878 notissima
1466 813 1610 879 Lesbon.

456 932 459 941 “
565 959 608 969 -
644 920 709 985 605
745 918 925 984 Indevitato
951 921 1077 983 traiecit
1100 924 1231 1003 pectora
1254 918 1328 984 telo.

566 1064 608 1076 -
645 1025 709 1091 745
747 1025 812 1090 Ν88
836 1025 959 1111 fingam
982 1045 1110 1103 caueas;
1137 1033 1173 1089 tu
1198 1032 1326 1089 tantum
1351 1024 1413 1089 fida
1436 1028 1551 1090 sorori.

563 1134 619 1207 III,
645 1132 710 1197 436
752 1133 853 1196 I'ecum
876 1132 1017 1207 discedet,
1041 1131 1069 1193 si
1093 1138 1126 1193 tu
1150 1131 1301 1194 discedere
1318 1131 1430 1213 possis.

563 1277 605 1289 -
644 1237 709 1304 718
744 1238 821 1301 Iam
844 1260 883 1301 ae
906 1238 1160 1313 damnantem,
1185 1237 1257 1299 ium
1277 1259 1315 1299 88
1334 1259 1511 1318 peccasse
1524 1238 1735 1321 fatentem.

562 1345 615 1424 IV,
664 1344 706 1409 62
741 1344 789 1408 Ex
813 1364 913 1429 aequo
937 1345 1037 1427 captis
1061 1342 1215 1407 ardebant
1238 1343 1402 1408 mentibus
1425 1343 1532 1408 ambo.

566 1490 605 1500 -
643 1449 710 1516 698
745 1449 849 1530 Quam
872 1448 1014 1514 clausam
1037 1447 1189 1533 implevit
1213 1448 1348 1514 fecundo
1371 1448 1518 1534 luppiter
1543 1470 1637 1515 auro.

581 1557 618 1635 V,
667 1556 707 1621 91
744 1556 919 1640 Expectem
943 1554 1061 1619 trustra
1084 1552 1162 1619 belli
1186 1561 1219 1619 et
1242 1560 1356 1619 neutra
1380 1574 1470 1620 arma
1494 1563 1664 1621 secutum.

566 1699 605 1711 -
666 1661 708 1726 94
744 1660 847 1741 Quem
870 1661 975 1726 fecisti
998 1660 1123 1725 hostem
1148 1680 1307 1745 pensaque
1329 1659 1390 1725 hcc
1415 1659 1552 1726 vulnere
1577 1661 1713 1727 vulnus.

564 1805 607 1818 -
642 1766 708 1831 550
744 1767 885 1853 Ignarus
909 1766 1009 1842 bubo,
1036 1765 1143 1829 dirum
1167 1764 1359 1831 mortalibus
1383 1787 1489 1831 omen.

562 1873 615 1952 VI,
641 1871 706 1938 195
743 1873 878 1936 Maior
897 1895 976 1936 sum
998 1894 1106 1956 quum
1130 1872 1344 1954 euiposeu't
1366 1872 1552 1936 Fortuna
1576 1897 1733 1940 uouere.

567 2018 605 2032 -
643 1978 710 2044 200
744 1980 881 2042 Latonae
906 1979 1031 2056 turdum,
1056 2001 1131 2063 quae
1153 1985 1296 2063 quantum
1318 1978 1417 2041 distat
1439 1979 1476 2041 ab
1500 1981 1587 2044 orba.

565 2123 605 2135 -
643 2084 708 2150 333
745 2083 860 2149 Orbem
884 2083 1069 2163 interdixit,
1094 2104 1191 2168 quam
1215 2087 1270 2148 vix
1293 2087 1428 2149 erratica
1452 2083 1563 2150 Delos.

565 2230 605 2243 -
643 2190 709 2256 369
747 2194 929 2270 „Aeternum
952 2190 1077 2271 etoquo”
1101 2190 1183 2253 diuu’t
1207 2190 1339 2267 „vivetur
1362 2191 1396 2254 in
1418 2190 1511 2254 illd'.

565 2336 605 2347 -
643 2297 708 2364 533
743 2297 1142 2379 Iuteudeuapulmua
1167 2319 1204 2373 „u
1228 2296 1336 2359 diuis
1359 2297 1734 2383 burburefuctie.”

565 2441 607 2453 —
644 2401 710 2470 570
746 2405 795 2467 Ee
820 2403 930 2484 ducet
952 2425 1026 2466 uou
1049 2403 1108 2466 sic
1132 2403 1446 2486 duceuduesuta
1467 2405 1648 2468 sororia.

549 2508 618 2587 VII,
645 2507 709 2574 197
744 2512 904 2593 duraeque
926 2515 955 2572 et
976 2508 1058 2571 uenti
1081 2515 1247 2591 mentuque
1269 2530 1424 2592 amnesque
1448 2508 1606 2594 lucusque.

529 2613 613 2693 VIII,
666 2613 707 2679 31
744 2614 797 2679 Sic
822 2613 988 2678 Phoebum
1012 2616 1151 2698 sumptis
1174 2613 1300 2678 iurabat
1323 2621 1406 2678 stare
1428 2616 1576 2698 sagittis.

566 2758 605 2768 -
645 2720 710 2784 118
747 2719 918 2785 Terrarum
941 2719 1031 2784 nobis
1054 2724 1092 2783 ut
1116 2715 1210 2784 Crete
1232 2717 1298 2784 sola
1320 2725 1454 2803 pateret.

564 2863 604 2874 -
640 2825 706 2890 293
744 2825 786 2890 Et
809 2826 928 2891 frustra
951 2830 1134 2909 exspectant
1157 2827 1328 2909 promissas
1350 2825 1464 2890 horrea
1485 2846 1626 2891 messes.

565 2970 607 2984 —
644 2931 710 2997 486
747 2934 796 2996 Au
810 2931 903 3018 fellu
930 2931 1043 2996 Oeneus
1066 2938 1138 2995 ueto
1160 2931 1271 2995 uictore
1286 2933 1421 3016 seretur.

563 3037 620 3115 IX,
667 3038 710 3102 23
746 3037 830 3103 Nam
855 3059 918 3122 quo
942 3044 975 3103 te
998 3039 1114 3114 iactas,
1140 3036 1292 3102 Alcmene
1315 3043 1406 3113 nate,
1431 3044 1593 3102 creatum.

564 3182 604 3193 -
642 3143 707 3209 539
744 3144 786 3209 Et
808 3144 909 3209 crebri
933 3142 1119 3230 amplexus,
1145 3149 1177 3209 et
1202 3164 1302 3229 quae,
1327 3147 1355 3209 si
1378 3144 1460 3209 forte
1482 3149 1623 3210 notasti.

561 3287 603 3299 -
641 3249 706 3314 593
742 3249 812 3315 Non
837 3249 1009 3335 exploratis
1033 3248 1169 3334 impleri
1191 3248 1291 3315 lintea
1314 3249 1404 3315 vebs.

564 3393 604 3405 -
642 3354 707 3420 636
738 3355 824 3420 Tum
846 3377 923 3421 vero
947 3361 1103 3420 maestam
1127 3360 1195 3420 tota
1219 3355 1368 3421 Miletida
1391 3360 1512 3421 mente.

565 3498 604 3511 -
643 3461 708 3526 682
743 3461 824 3526 Tam
848 3464 904 3546 qui
926 3461 1098 3526 mandabat
1122 3482 1220 3545 quam
1244 3464 1297 3526 cui
1319 3460 1470 3526 mandata
1494 3462 1674 3530 dabantur.

566 3604 606 3615 -
643 3565 708 3632 726
743 3565 815 3632 Η88
836 3570 945 3652 ipsum
970 3566 1134 3643 flammae,
1159 3567 1311 3651 ardetque
1333 3570 1367 3631 in
1391 3570 1520 3653 virgine
1547 3572 1660 3657 virgo.

574 3673 616 3750 X,
687 3673 705 3736 5
741 3672 808 3737 Ν88
830 3672 933 3738 laetos
956 3672 1068 3737 vultus
1090 3693 1147 3736 nec
1170 3672 1246 3737 felix
1271 3672 1383 3738 attulit
1405 3694 1510 3739 omen.

564 3816 604 3829 —
642 3777 707 3843 365
744 3778 815 3843 Non
839 3778 1036 3844 intellectam
1060 3800 1173 3844 vocem
1196 3779 1363 3844 conlaudat
1386 3786 1419 3844 et
1444 3782 1571 3857 „esto’'.

562 3886 619 3963 Xl,
666 3886 710 3950 42
746 3886 892 3949 Auditum
914 3886 998 3949 cuuis
1023 3886 1261 3971 intellectumque
1274 3886 1429 3971 ferarum.

563 4028 604 4040 -
641 3991 706 4055 266
742 3989 835 4056 Felix
858 3997 889 4055 et
914 3997 1008 4068 nato,
1033 3990 1110 4055 felix
1135 3999 1167 4056 et
1191 3994 1328 4077 coniuge
1351 3989 1475 4056 Peleus.

564 4134 606 4145 -
643 4095 708 4162 299
744 4095 836 4160 Illius
860 4098 964 4161 virtus
987 4117 1079 4181 reges
1101 4104 1277 4182 gentesque
1301 4097 1438 4182 subegit.

564 4240 604 4252 -
643 4201 709 4267 343
745 4202 909 4267 Virtutem
932 4206 1116 4287 antiquam,
1141 4206 1277 4268 maiores
1300 4224 1428 4288 corpore
1452 4204 1552 4269 vires.

543 4308 618 4385 XII,
643 4308 707 4374 241
750 4310 1001 4393 Certatimque
1033 4331 1150 4372 omues
1182 4332 1253 4372 uuo
1277 4331 1339 4372 ore
1363 4332 1503 4386 „urmu,
1529 4317 1662 4377 armd'
1687 4317 1731 4378 lu

529 4414 619 4493 XIII,
668 4413 710 4480 97
745 4418 844 4499 Atque
856 4415 937 4478 diae
949 4415 1052 4491 armis,
1065 4437 1125 4478 uon
1137 4415 1227 4477 Aiaci
1238 4438 1322 4478 erma
1327 4421 1485 4495 petuntur.
1539 4416 1729 4504 [quuatur.

565 4557 607 4569 -
644 4519 709 4585 665
746 4519 818 4585 Nou
842 4520 894 4585 hic
918 4521 1058 4596 Aeneae,
1083 4542 1163 4598 non,
1189 4523 1243 4605 qui
1268 4520 1449 4584 defenderet
1472 4521 1624 4589 Andron.

564 4662 604 4675 —
643 4625 709 4690 806
745 4625 816 4690 Non
841 4632 970 4691 tantum
993 4646 1086 4691 cervo
1110 4625 1204 4691 claris
1227 4626 1397 4691 latratibus
1421 4633 1502 4692 acto.

546 4732 615 4811 XV,
663 4732 705 4797 39
744 4731 770 4795 Ο
794 4735 847 4796 cui
869 4734 921 4797 ius
944 4730 1023 4797 caeli
1048 4733 1096 4797 bie
1120 4754 1175 4797 aex
1199 4733 1299 4797 fecere
1321 4731 1454 4797 labores.
