4525 5950
533 673 599 739 408
1059 687 1198 734 onmes.

576 855 614 920 In
643 862 750 919 nostra
782 874 859 939 ergo
890 855 1076 938 quaestione
1107 858 1182 918 ante
1212 855 1321 919 omnia
1352 854 1573 939 quaerendum
1599 854 1723 919 videtur

532 982 613 1047 quae
641 959 766 1025 indoles
797 961 840 1023 sit
863 957 991 1023 Ovidii:
1015 961 1060 1023 sic
1084 961 1205 1044 optime
1227 979 1458 1045 cognoscemus
1481 980 1546 1045 qno
1568 959 1666 1025 modo
1689 960 1725 1024 ab

531 1088 568 1132 eo
592 1063 754 1130 consultos
777 1084 844 1129 esse
868 1070 1011 1129 auctores
1034 1062 1108 1129 illos
1131 1066 1175 1128 sit
1199 1063 1387 1130 vermimile.

578 1170 684 1256 Ipsius
715 1169 824 1236 Ovidii
847 1175 951 1235 aetate
973 1169 1065 1234 nulla
1087 1169 1160 1235 leus
1183 1177 1251 1235 erat
1273 1190 1371 1255 quam
1394 1168 1587 1256 diligentius
1611 1170 1730 1236 studio·

531 1280 662 1362 eiusque
684 1275 875 1361 appetebant
894 1281 1006 1362 poetae
1025 1296 1122 1360 quem
1142 1275 1313 1355 doctrinam
1334 1275 1421 1341 docti
1440 1275 1545 1341 videri
1565 1274 1727 1351 volebant,

533 1383 642 1449 doctos
673 1384 812 1447 intense
835 1380 1076 1467 appellitabant.
1107 1382 1150 1446 ut
1174 1403 1237 1467 quo
1261 1403 1357 1448 sensu
1379 1388 1457 1447 tuno
1479 1380 1539 1447 illa
1561 1404 1630 1448 vox
1654 1384 1728 1447 acci-

534 1489 693 1576 piebatur,
724 1507 835 1565 nemo,
867 1492 905 1550 ut
935 1489 1057 1571 opinor,
1085 1486 1201 1552 Ouidio
1225 1487 1354 1574 dignior
1376 1493 1444 1553 erat
1466 1487 1555 1553 docti
1580 1490 1727 1565 nomiue;

533 1615 629 1660 nemo
659 1594 745 1658 enim
777 1590 870 1678 plura
897 1591 1038 1679 legerat,
1072 1613 1166 1658 nemo
1197 1591 1291 1678 plura
1314 1593 1441 1658 tenebat
1463 1595 1638 1658 memoria
1669 1591 1726 1658 sed

534 1699 633 1766 simul
656 1720 750 1765 nemo
774 1696 920 1763 mortalis
942 1700 1028 1763 vixit
1051 1719 1211 1784 unquam,
1235 1702 1291 1785 qui
1313 1700 1353 1763 ab
1376 1719 1412 1764 eo
1436 1701 1528 1777 viro,
1552 1719 1655 1784 quem
1677 1720 1728 1761 scs

533 1807 662 1872 doctum
695 1803 851 1877 dicimus,
880 1809 946 1868 tam
974 1801 1071 1888 longo
1095 1803 1230 1869 distaret
1252 1806 1366 1888 spatio.
1388 1803 1473 1869 Satis
1497 1810 1547 1869 est
1571 1803 1614 1870 de
1637 1824 1675 1869 ea
1695 1823 1727 1867 re

532 1911 607 1977 illos
630 1908 811 1986 consulere,
835 1909 952 1994 quibus
975 1911 1060 1974 inter
1081 1911 1169 1994 ipsos
1192 1909 1352 1976 Romanos
1374 1931 1468 1974 nemo
1492 1910 1555 1975 fuit
1581 1909 1624 1975 de
1643 1911 1727 1976 omni

532 2017 701 2084 literarum
736 2036 851 2101 genere
887 2017 993 2101 magis
1022 2016 1156 2081 idoneus
1186 2017 1302 2093 iudex,
1334 2037 1470 2102 quonum
1503 2015 1589 2081 alter
1622 2016 1727 2082 Ouidii

407 2166 410 2172 -
533 2125 636 2210 ipsius
667 2122 731 2186 fuit
760 2123 923 2207 magister,
956 2119 1037 2186 alter
1067 2128 1175 2187 totum
1205 2144 1309 2208 genus
1336 2123 1518 2187 humanum
1541 2121 1656 2188 literae
1678 2121 1729 2188 do

534 2232 639 2297 cuisse
661 2231 731 2293 iure
755 2228 884 2304 dicitur,
908 2226 1060 2293 Senecam
1084 2231 1240 2294 maiorem
1263 2227 1336 2295 volo
1359 2234 1392 2293 et
1414 2227 1668 2309 Quintilianum.

578 2336 696 2402 Seneca
719 2355 796 2420 ergo
820 2335 922 2400 maior
945 2331 1051 2413 (Gont.
1075 2334 1121 2415 X)
1150 2356 1236 2412 „non
1260 2334 1445 2420 ignoravit''
1470 2336 1518 2400 ait
1543 2333 1728 2415 ,‚(Ovidius)

534 2443 615 2508 vitia
637 2461 695 2506 sua
718 2438 773 2504 sed
796 2438 952 2505 amavit’'.

579 2544 797 2627 Quintilianus
819 2544 860 2622 X,
888 2544 916 2622 l,
930 2543 991 2610 88:
1016 2544 1174 2622 ,Ovidius
1195 2547 1293 2610 nimis
1314 2550 1439 2611 amator
1459 2546 1590 2632 ingenii
1612 2547 1685 2611 sui”

805 2655 839 2715 et
862 2688 904 2698 —
929 2649 990 2715 98:
1016 2650 1147 2728 „Ovidii
1165 2652 1281 2717 Medea
1298 2651 1430 2716 videtur
1448 2650 1532 2715 mihi
1551 2651 1726 2726 ostendere,

533 2763 691 2845 quantum
720 2754 777 2822 ille
810 2759 861 2821 vir
889 2762 1050 2842 praestare
1082 2761 1240 2844 potuerit,
1274 2759 1301 2822 si
1331 2759 1462 2842 ingenio
1485 2777 1545 2822 suo
1570 2759 1725 2843 imperare

533 2885 630 2950 quam
652 2862 821 2949 indulgere
843 2861 1044 2928 maluisset’'.

577 2969 790 3056 lepidissime
813 2968 898 3035 dicta
920 2969 997 3035 haec
1020 2975 1113 3048 sunt,
1136 2970 1305 3035 verissima
1324 2990 1391 3036 esse
1410 2966 1462 3034 vel
1482 2967 1539 3036 ille
1560 2974 1655 3036 novit
1673 2972 1724 3056 qni

532 3076 636 3160 ipsius
659 3079 770 3160 poetae
793 3074 943 3159 quamvis
966 3094 1098 3158 parvam
1121 3079 1247 3159 partem
1269 3072 1353 3159 legit
1374 3072 1622 3158 perpenditque.
1646 3071 1725 3153 Quid

533 3185 642 3247 autem
673 3179 852 3258 doctrinae,
878 3200 975 3265 quem
1000 3202 1056 3245 uos
1079 3201 1116 3245 eo
1141 3182 1269 3245 nomine
1292 3179 1424 3266 dignam
1447 3200 1637 3256 censemus,
1661 3202 1726 3246 con·

532 3289 670 3351 tranium
693 3288 816 3371 magis,
838 3305 935 3370 quem
954 3288 1035 3350 vitia
1054 3284 1129 3362 illa,
1151 3306 1232 3370 quae
1253 3292 1320 3350 tam
1339 3284 1552 3350 clementibus
1564 3285 1726 3352 vocabulis

533 3414 552 3460 a
575 3392 693 3458 Seneca
715 3390 977 3477 Quintilianoque
1001 3390 1244 3479 significantur?
1275 3392 1318 3456 Et
1341 3398 1494 3478 putemus
1518 3394 1650 3471 sirum,
1673 3394 1726 3478 qui

532 3497 598 3563 illis
640 3501 729 3563 vitiis
762 3497 938 3577 laboravit,
981 3498 1015 3563 id
1049 3499 1151 3565 facere
1186 3501 1327 3584 potuisse
1362 3498 1447 3584 quod
1482 3520 1569 3564 nunc
1606 3521 1625 3564 a
1659 3501 1725 3565 viro

534 3604 627 3669 docto
655 3606 726 3669 iure
757 3602 977 3689 postulamus,
1009 3610 1047 3669 ut
1077 3607 1130 3670 sie
1153 3611 1185 3669 et
1209 3607 1330 3670 ratione
1353 3601 1485 3691 ageret?
1509 3602 1725 3671 Credamusne

533 3731 608 3775 eum
639 3716 725 3775 certa
755 3709 862 3795 eliqua
891 3711 1042 3776 imitandi
1072 3732 1185 3776 norma
1216 3708 1332 3775 usum?
1366 3710 1470 3776 Immo
1502 3731 1599 3789 vero,
1631 3716 1725 3797 prout

531 3816 652 3881 ferebat
686 3818 873 3902 ingenium,
908 3816 1002 3882 modo
1036 3819 1082 3881 sic
1118 3817 1213 3882 modo
1249 3816 1343 3882 aliter
1378 3837 1452 3882 eum
1488 3818 1598 3903 egisse
1629 3838 1723 3903 quam

532 3924 675 3987 manime
706 3928 755 3987 est
778 3921 971 4001 verisimile;
997 3921 1083 3988 ultro
1106 3923 1282 4009 quidquam
1306 3945 1363 4009 pro
1386 3930 1472 3989 nerto
1497 3929 1641 3990 statuere
1665 3945 1722 3988 non

531 4048 582 4094 res
614 4025 720 4092 solum
754 4026 943 4093 difficillima
970 4033 1018 4093 est
1043 4029 1097 4094 sed
1121 4030 1186 4094 fere
1208 4026 1239 4093 ἕν
1262 4052 1293 4092 τι
1317 4036 1374 4092 τῶν
1398 4028 1567 4093 ἀδυνάτων.
1603 4028 1724 4115 Quique

531 4135 805 4199 accuratissimam
836 4134 888 4199 hic
919 4134 1139 4219 investigandi
1168 4136 1327 4201 rationem
1357 4139 1433 4200 sunt
1462 4136 1585 4211 secuti,
1622 4137 1724 4221 magis

532 4240 615 4305 mihi
637 4238 794 4304 librorum
817 4239 1080 4318 (enchiridiomm
1104 4244 1317 4326 praesertim),
1343 4243 1398 4325 qui
1422 4239 1539 4304 ovidio
1565 4262 1642 4325 prae
1664 4261 1725 4305 mn

532 4347 629 4411 nibus
659 4345 806 4422 fuerunt,
838 4352 987 4410 naturam
1018 4346 1324 4432 dispositionemque
1355 4348 1493 4424 eruisse,
1529 4368 1629 4432 quam
1664 4368 1723 4433 quo

534 4452 629 4517 modo
651 4472 730 4516 usus
750 4454 791 4516 iis
815 4457 897 4517 esset
920 4451 1056 4517 Ovidius
1079 4454 1238 4518 invenisse
1261 4453 1421 4518 videntur.

579 4556 640 4622 Sed
663 4578 852 4643 quocunque
874 4557 969 4622 modo
994 4578 1027 4622 se
1051 4578 1088 4623 ea
1110 4578 1160 4623 res
1182 4558 1295 4634 habet,
1319 4563 1395 4623 sunt
1417 4557 1577 4642 quaedam
1611 4558 1724 4624 fabula

532 4684 606 4728 rum
631 4665 715 4727 inter
737 4685 770 4728 se
793 4663 1029 4750 iungendarum
1054 4663 1205 4741 artificia,
1231 4684 1311 4748 quae
1336 4665 1412 4747 quin
1436 4664 1476 4727 ab
1499 4666 1572 4748 ipso
1595 4668 1661 4729 sint
1683 4668 1724 4728 in·

531 4775 628 4835 venta
657 4768 773 4834 Ouidio
805 4771 939 4834 minime
970 4768 1183 4834 dubitandum
1215 4769 1350 4847 videtur,
1374 4770 1528 4853 quoniam
1552 4768 1664 4835 nullus
1686 4771 1722 4833 iis
