<?xml version="1.0" encoding="UTF-8"?>
<!DOCTYPE html PUBLIC "-//W3C//DTD XHTML 1.0 Transitional//EN"
    "http://www.w3.org/TR/xhtml1/DTD/xhtml1-transitional.dtd">
<html xmlns="http://www.w3.org/1999/xhtml" xml:lang="en" lang="en">
 <head>
  <title>
</title>
<meta http-equiv="Content-Type" content="text/html;charset=utf-8" />
  <meta name='ocr-system' content='tesseract 3.04.00' />
  <meta name='ocr-capabilities' content='ocr_page ocr_carea ocr_par ocr_line ocrx_word'/>
</head>
<body>
  <div class='ocr_page' id='page_1' title='image "./mnemosyne07verdgoog_0393.png"; bbox 0 0 4525 5950; ppageno 0'>
   <div class='ocr_carea' id='block_1_1' title="bbox 965 689 1626 758">
    <p class='ocr_par' dir='ltr' id='par_1_1' title="bbox 965 689 1626 758">
     <span class='ocr_line' id='line_1_1' title="bbox 965 689 1626 758; baseline 0.005 -3"><span class='ocrx_word' id='word_1_1' title='bbox 965 708 1106 756; x_wconf 77' lang='lat' dir='ltr'>merrus.</span> <span class='ocrx_word' id='word_1_2' title='bbox 1560 689 1626 758; x_wconf 81' lang='grc'>373</span> 
     </span>
    </p>
   </div>
   <div class='ocr_carea' id='block_1_2' title="bbox 435 871 1630 1904">
    <p class='ocr_par' dir='ltr' id='par_1_2' title="bbox 435 871 1630 1595">
     <span class='ocr_line' id='line_1_2' title="bbox 436 871 1627 958; baseline -0.002 -20"><span class='ocrx_word' id='word_1_3' title='bbox 436 879 565 958; x_wconf 86' lang='lat' dir='ltr'>septem</span> <span class='ocrx_word' id='word_1_4' title='bbox 595 872 730 938; x_wconf 89' lang='lat' dir='ltr'>collibus</span> <span class='ocrx_word' id='word_1_5' title='bbox 762 875 938 938; x_wconf 88' lang='lat' dir='ltr'>constituta</span> <span class='ocrx_word' id='word_1_6' title='bbox 968 873 1048 937; x_wconf 90' lang='lat' dir='ltr'>est.”</span> <span class='ocrx_word' id='word_1_7' title='bbox 1081 871 1143 936; x_wconf 79' lang='lat' dir='ltr'>Sed</span> <span class='ocrx_word' id='word_1_8' title='bbox 1176 874 1303 957; x_wconf 83' lang='lat' dir='ltr'>scripsit</span> <span class='ocrx_word' id='word_1_9' title='bbox 1326 875 1371 938; x_wconf 93' lang='lat' dir='ltr'>sic</span> <span class='ocrx_word' id='word_1_10' title='bbox 1395 873 1459 938; x_wconf 89' lang='lat' dir='ltr'>fere</span> <span class='ocrx_word' id='word_1_11' title='bbox 1481 872 1627 939; x_wconf 78' lang='lat' dir='ltr'><strong>Tacitus:</strong></span> 
     </span>
     <span class='ocr_line' id='line_1_3' title="bbox 437 977 1628 1066; baseline 0 -23"><span class='ocrx_word' id='word_1_12' title='bbox 437 979 645 1064; x_wconf 79' lang='lat' dir='ltr'>„Regionum</span> <span class='ocrx_word' id='word_1_13' title='bbox 675 981 762 1043; x_wconf 90' lang='lat' dir='ltr'>enim</span> <span class='ocrx_word' id='word_1_14' title='bbox 793 985 946 1063; x_wconf 90' lang='lat' dir='ltr'>quattuor</span> <span class='ocrx_word' id='word_1_15' title='bbox 976 981 1120 1066; x_wconf 81' lang='lat' dir='ltr'>integras</span> <span class='ocrx_word' id='word_1_16' title='bbox 1143 978 1330 1055; x_wconf 91' lang='lat' dir='ltr'>manebant;</span> <span class='ocrx_word' id='word_1_17' title='bbox 1355 985 1420 1044; x_wconf 92' lang='lat' dir='ltr'>tres</span> <span class='ocrx_word' id='word_1_18' title='bbox 1443 977 1513 1045; x_wconf 89' lang='lat' dir='ltr'>solo</span> <span class='ocrx_word' id='word_1_19' title='bbox 1536 984 1628 1044; x_wconf 86' lang='lat' dir='ltr'>tauns</span> 
     </span>
     <span class='ocr_line' id='line_1_4' title="bbox 436 1074 1627 1170; baseline 0 -22"><span class='ocrx_word' id='word_1_20' title='bbox 436 1083 596 1161; x_wconf 88' lang='lat' dir='ltr'>deiectae,</span> <span class='ocrx_word' id='word_1_21' title='bbox 629 1093 753 1170; x_wconf 88' lang='lat' dir='ltr'>septem</span> <span class='ocrx_word' id='word_1_22' title='bbox 785 1082 916 1170; x_wconf 88' lang='lat' dir='ltr'>reliquis</span> <span class='ocrx_word' id='word_1_23' title='bbox 940 1105 1039 1169; x_wconf 89' lang='lat' dir='ltr'>pauca</span> <span class='ocrx_word' id='word_1_24' title='bbox 1063 1090 1221 1149; x_wconf 88' lang='lat' dir='ltr'>tectorum</span> <span class='ocrx_word' id='word_1_25' title='bbox 1245 1074 1384 1170; x_wconf 74' lang='lat' dir='ltr'>vestigia</span> <span class='ocrx_word' id='word_1_26' title='bbox 1406 1085 1627 1169; x_wconf 88' lang='lat' dir='ltr'>supererant,&#39;&#39;</span> 
     </span>
     <span class='ocr_line' id='line_1_5' title="bbox 437 1191 1628 1277; baseline -0.001 -20"><span class='ocrx_word' id='word_1_27' title='bbox 437 1212 514 1257; x_wconf 91' lang='lat' dir='ltr'>cum</span> <span class='ocrx_word' id='word_1_28' title='bbox 534 1192 651 1277; x_wconf 90' lang='lat' dir='ltr'>quibus</span> <span class='ocrx_word' id='word_1_29' title='bbox 672 1192 777 1256; x_wconf 91' lang='lat' dir='ltr'>verbis</span> <span class='ocrx_word' id='word_1_30' title='bbox 797 1194 976 1256; x_wconf 74' lang='lat' dir='ltr'>annotatio:</span> <span class='ocrx_word' id='word_1_31' title='bbox 1000 1194 1140 1276; x_wconf 87' lang='lat' dir='ltr'>„qnippe</span> <span class='ocrx_word' id='word_1_32' title='bbox 1159 1192 1193 1254; x_wconf 92' lang='lat' dir='ltr'>in</span> <span class='ocrx_word' id='word_1_33' title='bbox 1209 1193 1356 1277; x_wconf 79' lang='lat' dir='ltr'>regiones</span> <span class='ocrx_word' id='word_1_34' title='bbox 1373 1191 1628 1276; x_wconf 88' lang='lat' dir='ltr'>quattuordecim</span> 
     </span>
     <span class='ocr_line' id='line_1_6' title="bbox 437 1296 1630 1384; baseline 0.001 -23"><span class='ocrx_word' id='word_1_35' title='bbox 437 1296 545 1362; x_wconf 89' lang='lat' dir='ltr'>Roma</span> <span class='ocrx_word' id='word_1_36' title='bbox 568 1296 745 1363; x_wconf 87' lang='lat' dir='ltr'>dividitur¹’</span> <span class='ocrx_word' id='word_1_37' title='bbox 770 1299 817 1362; x_wconf 87' lang='lat' dir='ltr'>ita</span> <span class='ocrx_word' id='word_1_38' title='bbox 840 1304 888 1362; x_wconf 90' lang='lat' dir='ltr'>est</span> <span class='ocrx_word' id='word_1_39' title='bbox 911 1296 1146 1384; x_wconf 75' lang='lat' dir='ltr'><strong>conglutinata,</strong></span> <span class='ocrx_word' id='word_1_40' title='bbox 1168 1303 1206 1360; x_wconf 88' lang='lat' dir='ltr'>nt</span> <span class='ocrx_word' id='word_1_41' title='bbox 1224 1318 1306 1362; x_wconf 92' lang='lat' dir='ltr'>nunc</span> <span class='ocrx_word' id='word_1_42' title='bbox 1325 1296 1468 1384; x_wconf 80' lang='lat' dir='ltr'>legatur:</span> <span class='ocrx_word' id='word_1_43' title='bbox 1491 1301 1630 1383; x_wconf 89' lang='lat' dir='ltr'>„quippe</span> 
     </span>
     <span class='ocr_line' id='line_1_7' title="bbox 435 1401 1629 1490; baseline -0.002 -22"><span class='ocrx_word' id='word_1_44' title='bbox 435 1406 472 1468; x_wconf 92' lang='lat' dir='ltr'>in</span> <span class='ocrx_word' id='word_1_45' title='bbox 504 1406 651 1489; x_wconf 78' lang='lat' dir='ltr'>regiones</span> <span class='ocrx_word' id='word_1_46' title='bbox 682 1403 942 1488; x_wconf 89' lang='lat' dir='ltr'>quattuordecim</span> <span class='ocrx_word' id='word_1_47' title='bbox 974 1401 1077 1467; x_wconf 86' lang='lat' dir='ltr'>Roma</span> <span class='ocrx_word' id='word_1_48' title='bbox 1110 1401 1277 1480; x_wconf 81' lang='lat' dir='ltr'>dividitur,</span> <span class='ocrx_word' id='word_1_49' title='bbox 1310 1423 1445 1489; x_wconf 92' lang='lat' dir='ltr'>quarum</span> <span class='ocrx_word' id='word_1_50' title='bbox 1476 1409 1629 1490; x_wconf 89' lang='lat' dir='ltr'>quattuor</span> 
     </span>
     <span class='ocr_line' id='line_1_8' title="bbox 438 1510 584 1595; baseline -0.014 -20"><span class='ocrx_word' id='word_1_51' title='bbox 438 1531 467 1575; x_wconf 90' lang='lat' dir='ltr'>e.</span> <span class='ocrx_word' id='word_1_52' title='bbox 483 1531 512 1595; x_wconf 94' lang='lat' dir='ltr'>q.</span> <span class='ocrx_word' id='word_1_53' title='bbox 526 1510 584 1574; x_wconf 89' lang='lat' dir='ltr'>s.&#39;’.</span> 
     </span>
    </p>

    <p class='ocr_par' dir='ltr' id='par_1_3' title="bbox 438 1612 1630 1904">
     <span class='ocr_line' id='line_1_9' title="bbox 487 1612 1630 1701; baseline -0.002 -21"><span class='ocrx_word' id='word_1_54' title='bbox 487 1617 525 1680; x_wconf 83' lang='lat' dir='ltr'>A.</span> <span class='ocrx_word' id='word_1_55' title='bbox 550 1613 621 1692; x_wconf 87' lang='lat' dir='ltr'>XV,</span> <span class='ocrx_word' id='word_1_56' title='bbox 645 1612 699 1681; x_wconf 81' lang='lat'>47.</span> <span class='ocrx_word' id='word_1_57' title='bbox 726 1614 842 1693; x_wconf 81' lang='lat' dir='ltr'>„Sidus</span> <span class='ocrx_word' id='word_1_58' title='bbox 866 1619 1023 1691; x_wconf 90' lang='lat' dir='ltr'>cometes,</span> <span class='ocrx_word' id='word_1_59' title='bbox 1049 1617 1207 1701; x_wconf 81' lang='lat' dir='ltr'>sanguine</span> <span class='ocrx_word' id='word_1_60' title='bbox 1228 1614 1349 1680; x_wconf 81' lang='lat' dir='ltr'>illustri</span> <span class='ocrx_word' id='word_1_61' title='bbox 1369 1636 1493 1700; x_wconf 82' lang='lat' dir='ltr'>semper</span> <span class='ocrx_word' id='word_1_62' title='bbox 1511 1613 1630 1680; x_wconf 89' lang='lat' dir='ltr'>Neroni</span> 
     </span>
     <span class='ocr_line' id='line_1_10' title="bbox 438 1719 1630 1806; baseline -0.003 -19"><span class='ocrx_word' id='word_1_63' title='bbox 438 1721 641 1806; x_wconf 80' lang='lat' dir='ltr'>expiatum.”</span> <span class='ocrx_word' id='word_1_64' title='bbox 663 1720 842 1806; x_wconf 83' lang='lat' dir='ltr'>imperante</span> <span class='ocrx_word' id='word_1_65' title='bbox 862 1721 981 1784; x_wconf 78' lang='lat' dir='ltr'>Nerone</span> <span class='ocrx_word' id='word_1_66' title='bbox 997 1719 1098 1786; x_wconf 87' lang='lat' dir='ltr'>semel</span> <span class='ocrx_word' id='word_1_67' title='bbox 1110 1720 1334 1786; x_wconf 89' lang='lat' dir='ltr'>tantummodo</span> <span class='ocrx_word' id='word_1_68' title='bbox 1347 1720 1479 1786; x_wconf 89' lang='lat' dir='ltr'>antebac</span> <span class='ocrx_word' id='word_1_69' title='bbox 1491 1725 1630 1786; x_wconf 89' lang='lat' dir='ltr'>cometes</span> 
     </span>
     <span class='ocr_line' id='line_1_11' title="bbox 439 1825 1629 1904; baseline -0.002 -10"><span class='ocrx_word' id='word_1_70' title='bbox 439 1832 531 1894; x_wconf 82' lang='lat' dir='ltr'>visua</span> <span class='ocrx_word' id='word_1_71' title='bbox 551 1828 615 1892; x_wconf 88' lang='lat' dir='ltr'>fuit</span> <span class='ocrx_word' id='word_1_72' title='bbox 635 1829 672 1893; x_wconf 86' lang='lat' dir='ltr'>A.</span> <span class='ocrx_word' id='word_1_73' title='bbox 693 1825 778 1904; x_wconf 88' lang='lat' dir='ltr'>XIV,</span> <span class='ocrx_word' id='word_1_74' title='bbox 799 1826 852 1892; x_wconf 82' lang='lat'>22.</span> <span class='ocrx_word' id='word_1_75' title='bbox 879 1825 941 1893; x_wconf 80' lang='lat' dir='ltr'>Sed</span> <span class='ocrx_word' id='word_1_76' title='bbox 962 1826 995 1890; x_wconf 79' lang='lat' dir='ltr'>ir</span> <span class='ocrx_word' id='word_1_77' title='bbox 1014 1828 1183 1891; x_wconf 63' lang='lat' dir='ltr'>urinarum</span> <span class='ocrx_word' id='word_1_78' title='bbox 1204 1827 1256 1892; x_wconf 91' lang='lat' dir='ltr'>hic</span> <span class='ocrx_word' id='word_1_79' title='bbox 1273 1827 1400 1893; x_wconf 88' lang='lat' dir='ltr'>locutus</span> <span class='ocrx_word' id='word_1_80' title='bbox 1418 1832 1466 1892; x_wconf 89' lang='lat' dir='ltr'>est</span> <span class='ocrx_word' id='word_1_81' title='bbox 1484 1825 1629 1902; x_wconf 76' lang='lat' dir='ltr'>Tacitus,</span> 
     </span>
    </p>
   </div>
   <div class='ocr_carea' id='block_1_3' title="bbox 438 1932 1727 2020">
    <p class='ocr_par' dir='ltr' id='par_1_4' title="bbox 438 1932 1727 2020">
     <span class='ocr_line' id='line_1_12' title="bbox 438 1932 1727 2020; baseline -0.002 -20"><span class='ocrx_word' id='word_1_82' title='bbox 438 1942 478 2000; x_wconf 87' lang='lat' dir='ltr'>ut</span> <span class='ocrx_word' id='word_1_83' title='bbox 497 1942 530 1998; x_wconf 91' lang='lat' dir='ltr'>et</span> <span class='ocrx_word' id='word_1_84' title='bbox 548 1932 632 1998; x_wconf 88' lang='lat' dir='ltr'>illic:</span> <span class='ocrx_word' id='word_1_85' title='bbox 656 1933 715 2012; x_wconf 88' lang='lat' dir='ltr'>„de</span> <span class='ocrx_word' id='word_1_86' title='bbox 734 1954 795 2019; x_wconf 93' lang='lat' dir='ltr'>quo</span> <span class='ocrx_word' id='word_1_87' title='bbox 815 1932 909 2019; x_wconf 80' lang='lat' dir='ltr'>vulgi</span> <span class='ocrx_word' id='word_1_88' title='bbox 928 1935 1034 2020; x_wconf 91' lang='lat' dir='ltr'>opinio</span> <span class='ocrx_word' id='word_1_89' title='bbox 1054 1939 1103 1999; x_wconf 91' lang='lat' dir='ltr'>est</span> <span class='ocrx_word' id='word_1_90' title='bbox 1123 1939 1289 2020; x_wconf 90' lang='lat' dir='ltr'>tamquam</span> <span class='ocrx_word' id='word_1_91' title='bbox 1310 1936 1521 1999; x_wconf 88' lang='lat' dir='ltr'>mutationem</span> <span class='ocrx_word' id='word_1_92' title='bbox 1545 1936 1631 2019; x_wconf 78' lang='lat' dir='ltr'>regis</span> <span class='ocrx_word' id='word_1_93' title='bbox 1723 1980 1727 1986; x_wconf 85' lang='lat'>-</span> 
     </span>
    </p>
   </div>
   <div class='ocr_carea' id='block_1_4' title="bbox 436 2039 1632 4359">
    <p class='ocr_par' dir='ltr' id='par_1_5' title="bbox 436 2039 1631 2658">
     <span class='ocr_line' id='line_1_13' title="bbox 438 2039 1631 2127; baseline 0 -23"><span class='ocrx_word' id='word_1_94' title='bbox 438 2039 629 2126; x_wconf 89' lang='lat' dir='ltr'>portendat&#39;&#39;</span> <span class='ocrx_word' id='word_1_95' title='bbox 646 2039 679 2120; x_wconf 87' lang='lat'>¹),</span> <span class='ocrx_word' id='word_1_96' title='bbox 706 2047 738 2104; x_wconf 91' lang='lat' dir='ltr'>et</span> <span class='ocrx_word' id='word_1_97' title='bbox 761 2040 931 2125; x_wconf 82' lang='lat' dir='ltr'>utrobique</span> <span class='ocrx_word' id='word_1_98' title='bbox 955 2040 1088 2105; x_wconf 89' lang='lat' dir='ltr'>eandem</span> <span class='ocrx_word' id='word_1_99' title='bbox 1112 2062 1182 2105; x_wconf 90' lang='lat' dir='ltr'>rem</span> <span class='ocrx_word' id='word_1_100' title='bbox 1205 2040 1416 2127; x_wconf 80' lang='lat' dir='ltr'>significarit:</span> <span class='ocrx_word' id='word_1_101' title='bbox 1441 2061 1515 2105; x_wconf 91' lang='lat' dir='ltr'>nam</span> <span class='ocrx_word' id='word_1_102' title='bbox 1541 2039 1631 2127; x_wconf 79' lang='lat' dir='ltr'>vulgi</span> 
     </span>
     <span class='ocr_line' id='line_1_14' title="bbox 437 2146 1629 2233; baseline -0.001 -20"><span class='ocrx_word' id='word_1_103' title='bbox 437 2147 530 2213; x_wconf 89' lang='lat' dir='ltr'>illam</span> <span class='ocrx_word' id='word_1_104' title='bbox 555 2149 737 2233; x_wconf 89' lang='lat' dir='ltr'>opinionem</span> <span class='ocrx_word' id='word_1_105' title='bbox 760 2146 881 2212; x_wconf 90' lang='lat' dir='ltr'>efficere</span> <span class='ocrx_word' id='word_1_106' title='bbox 904 2154 958 2223; x_wconf 87' lang='lat' dir='ltr'>ut,</span> <span class='ocrx_word' id='word_1_107' title='bbox 980 2150 1229 2233; x_wconf 82' lang='lat' dir='ltr'>quotiescunque</span> <span class='ocrx_word' id='word_1_108' title='bbox 1249 2153 1388 2214; x_wconf 91' lang='lat' dir='ltr'>cometes</span> <span class='ocrx_word' id='word_1_109' title='bbox 1409 2150 1451 2212; x_wconf 94' lang='lat' dir='ltr'>sit</span> <span class='ocrx_word' id='word_1_110' title='bbox 1469 2153 1629 2233; x_wconf 87' lang='lat' dir='ltr'>aspectus,</span> 
     </span>
     <span class='ocr_line' id='line_1_15' title="bbox 436 2253 1630 2340; baseline -0.001 -21"><span class='ocrx_word' id='word_1_111' title='bbox 436 2256 466 2319; x_wconf 91' lang='lat' dir='ltr'>is</span> <span class='ocrx_word' id='word_1_112' title='bbox 498 2256 554 2339; x_wconf 90' lang='lat' dir='ltr'>qui</span> <span class='ocrx_word' id='word_1_113' title='bbox 584 2262 659 2318; x_wconf 90' lang='lat' dir='ltr'>tunc</span> <span class='ocrx_word' id='word_1_114' title='bbox 682 2256 857 2340; x_wconf 91' lang='lat' dir='ltr'>imperium</span> <span class='ocrx_word' id='word_1_115' title='bbox 882 2259 969 2319; x_wconf 90' lang='lat' dir='ltr'>tenet</span> <span class='ocrx_word' id='word_1_116' title='bbox 993 2274 1094 2318; x_wconf 89' lang='lat' dir='ltr'>unum</span> <span class='ocrx_word' id='word_1_117' title='bbox 1117 2254 1317 2340; x_wconf 91' lang='lat' dir='ltr'>alterumque</span> <span class='ocrx_word' id='word_1_118' title='bbox 1340 2257 1447 2320; x_wconf 86' lang='lat' dir='ltr'>virum</span> <span class='ocrx_word' id='word_1_119' title='bbox 1472 2253 1630 2331; x_wconf 88' lang='lat' dir='ltr'>nobilem,</span> 
     </span>
     <span class='ocr_line' id='line_1_16' title="bbox 439 2358 1629 2446; baseline -0.001 -22"><span class='ocrx_word' id='word_1_120' title='bbox 439 2381 537 2445; x_wconf 90' lang='lat' dir='ltr'>quem</span> <span class='ocrx_word' id='word_1_121' title='bbox 568 2380 642 2445; x_wconf 89' lang='lat' dir='ltr'>prae</span> <span class='ocrx_word' id='word_1_122' title='bbox 665 2362 779 2425; x_wconf 90' lang='lat' dir='ltr'>ceteris</span> <span class='ocrx_word' id='word_1_123' title='bbox 801 2363 937 2436; x_wconf 86' lang='lat' dir='ltr'>metuit,</span> <span class='ocrx_word' id='word_1_124' title='bbox 962 2359 1128 2425; x_wconf 90' lang='lat' dir='ltr'>demedio</span> <span class='ocrx_word' id='word_1_125' title='bbox 1154 2358 1263 2436; x_wconf 80' lang='lat' dir='ltr'>tollat,</span> <span class='ocrx_word' id='word_1_126' title='bbox 1287 2366 1399 2444; x_wconf 92' lang='lat' dir='ltr'>sponte</span> <span class='ocrx_word' id='word_1_127' title='bbox 1422 2359 1629 2446; x_wconf 74' lang='lat' dir='ltr'>intelligitur.</span> 
     </span>
     <span class='ocr_line' id='line_1_17' title="bbox 440 2465 1630 2553; baseline -0.001 -21"><span class='ocrx_word' id='word_1_128' title='bbox 440 2465 504 2532; x_wconf 82' lang='lat' dir='ltr'>Sed</span> <span class='ocrx_word' id='word_1_129' title='bbox 540 2467 795 2532; x_wconf 81' lang='lat' dir='ltr'>observationem</span> <span class='ocrx_word' id='word_1_130' title='bbox 825 2465 935 2532; x_wconf 82' lang='lat' dir='ltr'>&#39;Facito</span> <span class='ocrx_word' id='word_1_131' title='bbox 967 2466 1191 2553; x_wconf 82' lang='lat' dir='ltr'>dignissimam</span> <span class='ocrx_word' id='word_1_132' title='bbox 1223 2470 1383 2552; x_wconf 87' lang='lat' dir='ltr'>corrupit,</span> <span class='ocrx_word' id='word_1_133' title='bbox 1419 2469 1474 2553; x_wconf 93' lang='lat' dir='ltr'>qui</span> <span class='ocrx_word' id='word_1_134' title='bbox 1506 2469 1630 2553; x_wconf 90' lang='lat' dir='ltr'>primns</span> 
     </span>
     <span class='ocr_line' id='line_1_18' title="bbox 440 2574 1169 2658; baseline -0.003 -19"><span class='ocrx_word' id='word_1_135' title='bbox 440 2575 669 2639; x_wconf 81' lang='lat' dir='ltr'>annotationes</span> <span class='ocrx_word' id='word_1_136' title='bbox 692 2574 808 2637; x_wconf 79' lang='lat' dir='ltr'>Neroni</span> <span class='ocrx_word' id='word_1_137' title='bbox 829 2575 862 2637; x_wconf 90' lang='lat' dir='ltr'>in</span> <span class='ocrx_word' id='word_1_138' title='bbox 889 2579 1015 2637; x_wconf 85' lang='lat' dir='ltr'>textum</span> <span class='ocrx_word' id='word_1_139' title='bbox 1039 2575 1169 2658; x_wconf 89' lang='lat' dir='ltr'>recepit.</span> 
     </span>
    </p>

    <p class='ocr_par' dir='ltr' id='par_1_6' title="bbox 437 2678 1631 3296">
     <span class='ocr_line' id='line_1_19' title="bbox 487 2678 1630 2766; baseline 0 -22"><span class='ocrx_word' id='word_1_140' title='bbox 487 2681 525 2744; x_wconf 83' lang='lat' dir='ltr'>A.</span> <span class='ocrx_word' id='word_1_141' title='bbox 550 2678 635 2758; x_wconf 86' lang='lat' dir='ltr'>XVI,</span> <span class='ocrx_word' id='word_1_142' title='bbox 664 2680 715 2746; x_wconf 81' lang='lat'>17.</span> <span class='ocrx_word' id='word_1_143' title='bbox 740 2679 871 2746; x_wconf 78' lang='lat' dir='ltr'>Sericus</span> <span class='ocrx_word' id='word_1_144' title='bbox 895 2679 1060 2745; x_wconf 90' lang='lat' dir='ltr'>credamus</span> <span class='ocrx_word' id='word_1_145' title='bbox 1084 2682 1126 2743; x_wconf 92' lang='lat' dir='ltr'>iis</span> <span class='ocrx_word' id='word_1_146' title='bbox 1150 2679 1335 2745; x_wconf 89' lang='lat' dir='ltr'>hominibus</span> <span class='ocrx_word' id='word_1_147' title='bbox 1359 2682 1518 2766; x_wconf 83' lang='lat' dir='ltr'>scripsisse</span> <span class='ocrx_word' id='word_1_148' title='bbox 1541 2678 1630 2745; x_wconf 77' lang='lat' dir='ltr'>&#39;I&#39;aci-</span> 
     </span>
     <span class='ocr_line' id='line_1_20' title="bbox 440 2784 1630 2871; baseline 0.001 -21"><span class='ocrx_word' id='word_1_149' title='bbox 440 2792 531 2863; x_wconf 86' lang='lat' dir='ltr'>tum,</span> <span class='ocrx_word' id='word_1_150' title='bbox 565 2787 621 2870; x_wconf 93' lang='lat' dir='ltr'>qui</span> <span class='ocrx_word' id='word_1_151' title='bbox 652 2789 808 2852; x_wconf 87' lang='lat' dir='ltr'>nescirent</span> <span class='ocrx_word' id='word_1_152' title='bbox 838 2786 914 2871; x_wconf 92' lang='lat' dir='ltr'>quid</span> <span class='ocrx_word' id='word_1_153' title='bbox 947 2792 1030 2850; x_wconf 89' lang='lat' dir='ltr'>esset</span> <span class='ocrx_word' id='word_1_154' title='bbox 1047 2794 1272 2868; x_wconf 69' lang='lat' dir='ltr'>procreatorem</span> <span class='ocrx_word' id='word_1_155' title='bbox 1294 2784 1383 2852; x_wconf 82' lang='lat' dir='ltr'>esse?</span> <span class='ocrx_word' id='word_1_156' title='bbox 1408 2787 1450 2851; x_wconf 89' lang='lat' dir='ltr'>At</span> <span class='ocrx_word' id='word_1_157' title='bbox 1472 2786 1630 2851; x_wconf 90' lang='lat' dir='ltr'>eiusmodi</span> 
     </span>
     <span class='ocr_line' id='line_1_21' title="bbox 438 2890 1630 2980; baseline 0 -23"><span class='ocrx_word' id='word_1_158' title='bbox 438 2892 503 2957; x_wconf 91' lang='lat' dir='ltr'>sibi</span> <span class='ocrx_word' id='word_1_159' title='bbox 534 2890 669 2957; x_wconf 89' lang='lat' dir='ltr'>lectores</span> <span class='ocrx_word' id='word_1_160' title='bbox 698 2891 791 2956; x_wconf 86' lang='lat' dir='ltr'>finxit</span> <span class='ocrx_word' id='word_1_161' title='bbox 813 2895 1061 2980; x_wconf 81' lang='lat' dir='ltr'>grammaticus,</span> <span class='ocrx_word' id='word_1_162' title='bbox 1086 2894 1142 2977; x_wconf 93' lang='lat' dir='ltr'>qui</span> <span class='ocrx_word' id='word_1_163' title='bbox 1166 2892 1205 2957; x_wconf 91' lang='lat' dir='ltr'>ad</span> <span class='ocrx_word' id='word_1_164' title='bbox 1228 2893 1343 2959; x_wconf 87' lang='lat' dir='ltr'>verba:</span> <span class='ocrx_word' id='word_1_165' title='bbox 1369 2892 1478 2970; x_wconf 89' lang='lat' dir='ltr'>„Mela</span> <span class='ocrx_word' id='word_1_166' title='bbox 1579 2893 1630 2958; x_wconf 93' lang='lat' dir='ltr'>ad·</span> 
     </span>
     <span class='ocr_line' id='line_1_22' title="bbox 437 2993 1631 3086; baseline 0.002 -23"><span class='ocrx_word' id='word_1_167' title='bbox 437 2997 612 3085; x_wconf 86' lang='lat' dir='ltr'>quirendae</span> <span class='ocrx_word' id='word_1_168' title='bbox 640 3001 792 3083; x_wconf 89' lang='lat' dir='ltr'>pecuniae</span> <span class='ocrx_word' id='word_1_169' title='bbox 814 2999 943 3064; x_wconf 87' lang='lat' dir='ltr'>brevius</span> <span class='ocrx_word' id='word_1_170' title='bbox 965 3002 1028 3063; x_wconf 93' lang='lat' dir='ltr'>iter</span> <span class='ocrx_word' id='word_1_171' title='bbox 1051 2999 1198 3065; x_wconf 90' lang='lat' dir='ltr'>credebat</span> <span class='ocrx_word' id='word_1_172' title='bbox 1221 2993 1556 3086; x_wconf 76' lang='lat' dir='ltr'>per&#39;proonraciones”</span> <span class='ocrx_word' id='word_1_173' title='bbox 1581 3021 1631 3065; x_wconf 88' lang='lat' dir='ltr'>an·</span> 
     </span>
     <span class='ocr_line' id='line_1_23' title="bbox 439 3105 1630 3193; baseline -0.002 -22"><span class='ocrx_word' id='word_1_174' title='bbox 439 3107 584 3172; x_wconf 83' lang='lat' dir='ltr'>notarit:</span> <span class='ocrx_word' id='word_1_175' title='bbox 617 3105 897 3183; x_wconf 85' lang='lat' dir='ltr'>„administrandis</span> <span class='ocrx_word' id='word_1_176' title='bbox 928 3108 1081 3192; x_wconf 90' lang='lat' dir='ltr'>principis</span> <span class='ocrx_word' id='word_1_177' title='bbox 1112 3106 1291 3193; x_wconf 82' lang='lat' dir='ltr'>negotiis,’&#39;</span> <span class='ocrx_word' id='word_1_178' title='bbox 1322 3127 1403 3191; x_wconf 89' lang='lat' dir='ltr'>quae</span> <span class='ocrx_word' id='word_1_179' title='bbox 1427 3107 1525 3172; x_wconf 86' lang='lat' dir='ltr'>rerba</span> <span class='ocrx_word' id='word_1_180' title='bbox 1548 3127 1630 3170; x_wconf 90' lang='lat' dir='ltr'>nunc</span> 
     </span>
     <span class='ocr_line' id='line_1_24' title="bbox 438 3210 1044 3296; baseline -0.003 -18"><span class='ocrx_word' id='word_1_181' title='bbox 438 3214 619 3278; x_wconf 89' lang='lat' dir='ltr'>orationem</span> <span class='ocrx_word' id='word_1_182' title='bbox 643 3210 804 3277; x_wconf 76' lang='lat' dir='ltr'>Taciteam</span> <span class='ocrx_word' id='word_1_183' title='bbox 828 3211 1044 3296; x_wconf 87' lang='lat' dir='ltr'>pessumdant.</span> 
     </span>
    </p>

    <p class='ocr_par' dir='ltr' id='par_1_7' title="bbox 483 3317 1377 3403">
     <span class='ocr_line' id='line_1_25' title="bbox 483 3317 1377 3403; baseline 0.001 -21"><span class='ocrx_word' id='word_1_184' title='bbox 483 3317 536 3382; x_wconf 77' lang='lat' dir='ltr'>Ex</span> <span class='ocrx_word' id='word_1_185' title='bbox 558 3318 709 3381; x_wconf 78' lang='lat' dir='ltr'>Historiis</span> <span class='ocrx_word' id='word_1_186' title='bbox 734 3317 810 3382; x_wconf 92' lang='lat' dir='ltr'>haec</span> <span class='ocrx_word' id='word_1_187' title='bbox 834 3320 1041 3403; x_wconf 91' lang='lat' dir='ltr'>potissimum</span> <span class='ocrx_word' id='word_1_188' title='bbox 1065 3318 1190 3402; x_wconf 88' lang='lat' dir='ltr'>profero</span> <span class='ocrx_word' id='word_1_189' title='bbox 1214 3318 1377 3403; x_wconf 86' lang='lat' dir='ltr'>exempla:</span> 
     </span>
    </p>

    <p class='ocr_par' dir='ltr' id='par_1_8' title="bbox 439 3421 1631 3614">
     <span class='ocr_line' id='line_1_26' title="bbox 485 3421 1631 3510; baseline 0 -21"><span class='ocrx_word' id='word_1_190' title='bbox 485 3424 529 3489; x_wconf 88' lang='lat' dir='ltr'>H.</span> <span class='ocrx_word' id='word_1_191' title='bbox 554 3423 579 3501; x_wconf 87' lang='grc' dir='ltr'>Ι,</span> <span class='ocrx_word' id='word_1_192' title='bbox 604 3423 659 3489; x_wconf 84' lang='grc'>23.</span> <span class='ocrx_word' id='word_1_193' title='bbox 683 3423 731 3488; x_wconf 91' lang='lat' dir='ltr'>De</span> <span class='ocrx_word' id='word_1_194' title='bbox 755 3423 892 3489; x_wconf 91' lang='lat' dir='ltr'>Othonis</span> <span class='ocrx_word' id='word_1_195' title='bbox 915 3427 949 3488; x_wconf 94' lang='lat' dir='ltr'>in</span> <span class='ocrx_word' id='word_1_196' title='bbox 970 3421 1105 3489; x_wconf 83' lang='lat' dir='ltr'>Galbam</span> <span class='ocrx_word' id='word_1_197' title='bbox 1125 3426 1342 3490; x_wconf 90' lang='lat' dir='ltr'>coniuratione</span> <span class='ocrx_word' id='word_1_198' title='bbox 1361 3423 1480 3510; x_wconf 88' lang='lat' dir='ltr'>perfida</span> <span class='ocrx_word' id='word_1_199' title='bbox 1499 3427 1544 3490; x_wconf 88' lang='lat' dir='ltr'>sio</span> <span class='ocrx_word' id='word_1_200' title='bbox 1563 3446 1631 3490; x_wconf 89' lang='lat' dir='ltr'>nar·</span> 
     </span>
     <span class='ocr_line' id='line_1_27' title="bbox 439 3528 818 3614; baseline -0.005 -18"><span class='ocrx_word' id='word_1_201' title='bbox 439 3552 510 3596; x_wconf 88' lang='lat' dir='ltr'>rare</span> <span class='ocrx_word' id='word_1_202' title='bbox 533 3528 664 3596; x_wconf 77' lang='lat' dir='ltr'>Tacitus</span> <span class='ocrx_word' id='word_1_203' title='bbox 687 3532 818 3614; x_wconf 88' lang='lat' dir='ltr'>incipit:</span> 
     </span>
    </p>

    <p class='ocr_par' dir='ltr' id='par_1_9' title="bbox 438 3634 1632 4146">
     <span class='ocr_line' id='line_1_28' title="bbox 489 3634 1629 3722; baseline -0.002 -20"><span class='ocrx_word' id='word_1_204' title='bbox 489 3636 572 3714; x_wconf 81' lang='lat' dir='ltr'>„Sed</span> <span class='ocrx_word' id='word_1_205' title='bbox 606 3634 733 3701; x_wconf 87' lang='lat' dir='ltr'>sceleris</span> <span class='ocrx_word' id='word_1_206' title='bbox 764 3638 917 3722; x_wconf 78' lang='lat' dir='ltr'>cogitatio</span> <span class='ocrx_word' id='word_1_207' title='bbox 948 3639 1107 3700; x_wconf 89' lang='lat' dir='ltr'>incertum</span> <span class='ocrx_word' id='word_1_208' title='bbox 1139 3655 1179 3700; x_wconf 91' lang='lat' dir='ltr'>an</span> <span class='ocrx_word' id='word_1_209' title='bbox 1202 3655 1331 3721; x_wconf 89' lang='lat' dir='ltr'>repens:</span> <span class='ocrx_word' id='word_1_210' title='bbox 1356 3635 1462 3701; x_wconf 88' lang='lat' dir='ltr'>studia</span> <span class='ocrx_word' id='word_1_211' title='bbox 1485 3635 1629 3701; x_wconf 89' lang='lat' dir='ltr'>militnm</span> 
     </span>
     <span class='ocr_line' id='line_1_29' title="bbox 438 3736 1629 3828; baseline -0.001 -21"><span class='ocrx_word' id='word_1_212' title='bbox 438 3745 506 3807; x_wconf 90' lang='lat' dir='ltr'>iam</span> <span class='ocrx_word' id='word_1_213' title='bbox 537 3736 662 3826; x_wconf 81' lang='lat' dir='ltr'>pridem</span> <span class='ocrx_word' id='word_1_214' title='bbox 693 3763 749 3828; x_wconf 89' lang='lat' dir='ltr'>spe</span> <span class='ocrx_word' id='word_1_215' title='bbox 780 3745 986 3807; x_wconf 89' lang='lat' dir='ltr'>successionis</span> <span class='ocrx_word' id='word_1_216' title='bbox 1018 3750 1075 3807; x_wconf 89' lang='lat' dir='ltr'>aut</span> <span class='ocrx_word' id='word_1_217' title='bbox 1103 3749 1217 3827; x_wconf 88' lang='lat' dir='ltr'>paratu</span> <span class='ocrx_word' id='word_1_218' title='bbox 1239 3742 1387 3806; x_wconf 86' lang='lat' dir='ltr'>facinoris</span> <span class='ocrx_word' id='word_1_219' title='bbox 1411 3742 1629 3820; x_wconf 84' lang='lat' dir='ltr'>affectaverat,</span> 
     </span>
     <span class='ocr_line' id='line_1_30' title="bbox 439 3848 1631 3935; baseline 0 -23"><span class='ocrx_word' id='word_1_220' title='bbox 439 3851 473 3912; x_wconf 95' lang='lat' dir='ltr'>in</span> <span class='ocrx_word' id='word_1_221' title='bbox 505 3850 639 3925; x_wconf 87' lang='lat' dir='ltr'>itinere,</span> <span class='ocrx_word' id='word_1_222' title='bbox 670 3851 703 3912; x_wconf 91' lang='lat' dir='ltr'>in</span> <span class='ocrx_word' id='word_1_223' title='bbox 734 3850 881 3935; x_wconf 79' lang='lat' dir='ltr'>agmine,</span> <span class='ocrx_word' id='word_1_224' title='bbox 914 3851 947 3912; x_wconf 92' lang='lat' dir='ltr'>in</span> <span class='ocrx_word' id='word_1_225' title='bbox 972 3848 1165 3913; x_wconf 83' lang='lat' dir='ltr'>stationibus</span> <span class='ocrx_word' id='word_1_226' title='bbox 1189 3851 1450 3913; x_wconf 84' lang='lat' dir='ltr'>vetustissimum</span> <span class='ocrx_word' id='word_1_227' title='bbox 1473 3868 1631 3934; x_wconf 91' lang='lat' dir='ltr'>quemque</span> 
     </span>
     <span class='ocr_line' id='line_1_31' title="bbox 440 3953 1632 4020; baseline 0.002 -3"><span class='ocrx_word' id='word_1_228' title='bbox 440 3955 572 4018; x_wconf 85' lang='lat' dir='ltr'>nomine</span> <span class='ocrx_word' id='word_1_229' title='bbox 603 3974 717 4019; x_wconf 86' lang='lat' dir='ltr'>vocaus</span> <span class='ocrx_word' id='word_1_230' title='bbox 749 3974 784 4019; x_wconf 90' lang='lat' dir='ltr'>ac</span> <span class='ocrx_word' id='word_1_231' title='bbox 818 3956 974 4019; x_wconf 88' lang='lat' dir='ltr'>memoria</span> <span class='ocrx_word' id='word_1_232' title='bbox 1004 3953 1176 4019; x_wconf 88' lang='lat' dir='ltr'>Neroniani</span> <span class='ocrx_word' id='word_1_233' title='bbox 1199 3957 1370 4019; x_wconf 90' lang='lat' dir='ltr'>comitatus</span> <span class='ocrx_word' id='word_1_234' title='bbox 1394 3953 1632 4020; x_wconf 89' lang='lat' dir='ltr'>contubernales</span> 
     </span>
     <span class='ocr_line' id='line_1_32' title="bbox 440 4057 663 4146; baseline -0.009 -21"><span class='ocrx_word' id='word_1_235' title='bbox 440 4057 663 4146; x_wconf 88' lang='lat' dir='ltr'>appellando.&#39;’</span> 
     </span>
    </p>

    <p class='ocr_par' dir='ltr' id='par_1_10' title="bbox 445 4164 1632 4359">
     <span class='ocr_line' id='line_1_33' title="bbox 486 4164 1632 4250; baseline -0.003 -19"><span class='ocrx_word' id='word_1_236' title='bbox 486 4164 654 4232; x_wconf 88' lang='lat' dir='ltr'>Praeclare</span> <span class='ocrx_word' id='word_1_237' title='bbox 684 4169 850 4232; x_wconf 86' lang='lat' dir='ltr'>enuntiata</span> <span class='ocrx_word' id='word_1_238' title='bbox 881 4168 958 4232; x_wconf 88' lang='lat' dir='ltr'>haec</span> <span class='ocrx_word' id='word_1_239' title='bbox 988 4172 1079 4243; x_wconf 88' lang='lat' dir='ltr'>sunt;</span> <span class='ocrx_word' id='word_1_240' title='bbox 1105 4166 1160 4231; x_wconf 89' lang='lat' dir='ltr'>sed</span> <span class='ocrx_word' id='word_1_241' title='bbox 1183 4166 1223 4232; x_wconf 90' lang='lat' dir='ltr'>ad</span> <span class='ocrx_word' id='word_1_242' title='bbox 1245 4167 1472 4230; x_wconf 79' lang='lat' dir='ltr'>vetustissimum</span> <span class='ocrx_word' id='word_1_243' title='bbox 1494 4188 1632 4250; x_wconf 79' lang='lat' dir='ltr'>quemque</span> 
     </span>
     <span class='ocr_line' id='line_1_34' title="bbox 445 4272 1632 4359; baseline -0.004 -18"><span class='ocrx_word' id='word_1_244' title='bbox 445 4274 617 4359; x_wconf 88' lang='lat' dir='ltr'>adscripsit</span> <span class='ocrx_word' id='word_1_245' title='bbox 640 4272 758 4358; x_wconf 90' lang='lat' dir='ltr'>aliquis</span> <span class='ocrx_word' id='word_1_246' title='bbox 780 4273 919 4351; x_wconf 80' lang='lat' dir='ltr'>militam,</span> <span class='ocrx_word' id='word_1_247' title='bbox 944 4273 1027 4359; x_wconf 90' lang='lat' dir='ltr'>qnod</span> <span class='ocrx_word' id='word_1_248' title='bbox 1051 4295 1135 4338; x_wconf 91' lang='lat' dir='ltr'>nuuc</span> <span class='ocrx_word' id='word_1_249' title='bbox 1159 4276 1192 4337; x_wconf 93' lang='lat' dir='ltr'>in</span> <span class='ocrx_word' id='word_1_250' title='bbox 1217 4279 1308 4338; x_wconf 86' lang='lat' dir='ltr'>textu</span> <span class='ocrx_word' id='word_1_251' title='bbox 1331 4272 1469 4359; x_wconf 77' lang='lat' dir='ltr'>legitur3</span> <span class='ocrx_word' id='word_1_252' title='bbox 1494 4293 1632 4357; x_wconf 88' lang='lat' dir='ltr'>namque</span> 
     </span>
    </p>
   </div>
   <div class='ocr_carea' id='block_1_5' title="bbox 478 4501 1591 4896">
    <p class='ocr_par' dir='ltr' id='par_1_11' title="bbox 478 4501 1591 4896">
     <span class='ocr_line' id='line_1_35' title="bbox 478 4501 1591 4568; baseline -0.002 -15"><span class='ocrx_word' id='word_1_253' title='bbox 478 4506 505 4566; x_wconf 93' lang='grc'>1)</span> <span class='ocrx_word' id='word_1_254' title='bbox 523 4505 567 4553; x_wconf 77' lang='lat' dir='ltr'>Cff.</span> <span class='ocrx_word' id='word_1_255' title='bbox 585 4502 702 4568; x_wconf 74' lang='lat' dir='ltr'>praeclari</span> <span class='ocrx_word' id='word_1_256' title='bbox 718 4504 791 4553; x_wconf 73' lang='lat' dir='ltr'>surii</span> <span class='ocrx_word' id='word_1_257' title='bbox 808 4518 889 4552; x_wconf 79' lang='lat' dir='ltr'>versus</span> <span class='ocrx_word' id='word_1_258' title='bbox 904 4502 949 4552; x_wconf 77' lang='lat' dir='ltr'>rh.</span> <span class='ocrx_word' id='word_1_259' title='bbox 967 4503 987 4560; x_wconf 85' lang='grc' dir='ltr'>Ι,</span> <span class='ocrx_word' id='word_1_260' title='bbox 1007 4502 1065 4563; x_wconf 77' lang='grc'><strong>705,</strong></span> <span class='ocrx_word' id='word_1_261' title='bbox 1084 4502 1124 4551; x_wconf 87' lang='lat' dir='ltr'>ubi</span> <span class='ocrx_word' id='word_1_262' title='bbox 1142 4503 1175 4551; x_wconf 81' lang='lat' dir='ltr'>sic</span> <span class='ocrx_word' id='word_1_263' title='bbox 1192 4502 1278 4567; x_wconf 80' lang='lat' dir='ltr'>aliquis</span> <span class='ocrx_word' id='word_1_264' title='bbox 1295 4501 1432 4566; x_wconf 73' lang='lat' dir='ltr'>Apollinem</span> <span class='ocrx_word' id='word_1_265' title='bbox 1449 4501 1591 4565; x_wconf 83' lang='lat' dir='ltr'>alloquitur:</span> 
     </span>
     <span class='ocr_line' id='line_1_36' title="bbox 1087 4584 1334 4648; baseline -0.004 -15"><span class='ocrx_word' id='word_1_266' title='bbox 1087 4585 1122 4633; x_wconf 76' lang='lat' dir='ltr'>&#39;l&#39;u</span> <span class='ocrx_word' id='word_1_267' title='bbox 1141 4585 1224 4633; x_wconf 82' lang='lat' dir='ltr'>doctus</span> <span class='ocrx_word' id='word_1_268' title='bbox 1240 4584 1334 4648; x_wconf 76' lang='lat' dir='ltr'>iniquas</span> 
     </span>
     <span class='ocr_line' id='line_1_37' title="bbox 661 4657 1392 4732; baseline -0.003 -17"><span class='ocrx_word' id='word_1_269' title='bbox 661 4666 791 4715; x_wconf 80' lang='lat' dir='ltr'>Parcarum</span> <span class='ocrx_word' id='word_1_270' title='bbox 808 4682 933 4732; x_wconf 77' lang='lat' dir='ltr'>praenosse</span> <span class='ocrx_word' id='word_1_271' title='bbox 951 4681 1035 4715; x_wconf 81' lang='lat' dir='ltr'>manoe</span> <span class='ocrx_word' id='word_1_272' title='bbox 1054 4657 1177 4730; x_wconf 76' lang='lat' dir='ltr'>letumque</span> <span class='ocrx_word' id='word_1_273' title='bbox 1194 4668 1257 4731; x_wconf 91' lang='lat' dir='ltr'>qnod</span> <span class='ocrx_word' id='word_1_274' title='bbox 1276 4667 1340 4715; x_wconf 80' lang='lat' dir='ltr'>ultre</span> <span class='ocrx_word' id='word_1_275' title='bbox 1357 4668 1392 4714; x_wconf 81' lang='lat' dir='ltr'>eat</span> 
     </span>
     <span class='ocr_line' id='line_1_38' title="bbox 660 4748 1293 4813; baseline 0 -16"><span class='ocrx_word' id='word_1_276' title='bbox 660 4748 695 4797; x_wconf 78' lang='lat' dir='ltr'>Et</span> <span class='ocrx_word' id='word_1_277' title='bbox 711 4763 804 4797; x_wconf 79' lang='lat' dir='ltr'>summo</span> <span class='ocrx_word' id='word_1_278' title='bbox 823 4748 939 4813; x_wconf 79' lang='lat' dir='ltr'>placitura</span> <span class='ocrx_word' id='word_1_279' title='bbox 957 4748 1022 4806; x_wconf 81' lang='lat' dir='ltr'>lovi,</span> <span class='ocrx_word' id='word_1_280' title='bbox 1038 4748 1091 4812; x_wconf 84' lang='lat' dir='ltr'>quis</span> <span class='ocrx_word' id='word_1_281' title='bbox 1109 4748 1188 4797; x_wconf 79' lang='lat' dir='ltr'>letifer</span> <span class='ocrx_word' id='word_1_282' title='bbox 1205 4763 1293 4805; x_wconf 75' lang='lat' dir='ltr'>annua,</span> 
     </span>
     <span class='ocr_line' id='line_1_39' title="bbox 664 4830 1377 4896; baseline 0 -17"><span class='ocrx_word' id='word_1_283' title='bbox 664 4830 732 4880; x_wconf 76' lang='lat' dir='ltr'>Belle</span> <span class='ocrx_word' id='word_1_284' title='bbox 749 4830 834 4895; x_wconf 78' lang='lat' dir='ltr'>quibos</span> <span class='ocrx_word' id='word_1_285' title='bbox 851 4830 957 4896; x_wconf 78' lang='lat' dir='ltr'>populis.</span> <span class='ocrx_word' id='word_1_286' title='bbox 975 4847 1035 4894; x_wconf 75' lang='lat' dir='ltr'>quae</span> <span class='ocrx_word' id='word_1_287' title='bbox 1051 4836 1144 4880; x_wconf 69' lang='lat' dir='ltr'>murm</span> <span class='ocrx_word' id='word_1_288' title='bbox 1160 4836 1252 4893; x_wconf 75' lang='lat' dir='ltr'>sceptra</span> <span class='ocrx_word' id='word_1_289' title='bbox 1268 4835 1377 4880; x_wconf 71' lang='lat' dir='ltr'>mutae.</span> 
     </span>
    </p>
   </div>
   <div class='ocr_carea' id='block_1_6' title="bbox 0 0 2274 5940">
    <p class='ocr_par' dir='ltr' id='par_1_12' title="bbox 0 0 2274 5940">
     <span class='ocr_line' id='line_1_40' title="bbox 0 0 2274 5940; baseline 0 0"><span class='ocrx_word' id='word_1_290' title='bbox 0 0 2274 5940; x_wconf 95' lang='lat' dir='ltr'> </span> 
     </span>
    </p>
   </div>
  </div>
 </body>
</html>
