4525 5950
964 696 1142 744 sumemus.
1583 678 1650 744 269

454 873 558 935 λεῑς.
594 863 721 928 Diuites
756 868 858 939 certe,
893 881 985 925 suam
1019 860 1114 926 modo
1148 864 1312 946 ipsorum,
1348 883 1410 927 non
1445 879 1651 926 communem

454 969 638 1035 utilitatem
658 973 880 1047 (κσινιοφελεῖς)
899 970 1118 1051 respicientes,
1140 968 1318 1032 rectissime
1338 967 1490 1031 dicuntur
1507 966 1653 1030 πλειόνων

457 1077 529 1153 έροῖν
561 1074 621 1138 sel.
654 1072 762 1138 Tertia
784 1093 856 1158 pars
880 1075 1003 1137 sirium
1026 1081 1075 1137 est
1097 1093 1208 1137 eorum
1233 1075 1413 1158 quinoque
1438 1072 1650 1138 immoderate

456 1181 650 1245 divitiarum
681 1199 788 1244 amore
812 1199 913 1263 neque
936 1184 1124 1264 paupertate
1148 1184 1181 1243 et
1202 1178 1325 1243 invidia
1348 1180 1411 1242 aeti
1434 1181 1650 1243 constitutum

454 1285 603 1352 ordinem
625 1290 769 1349 tuentur.
793 1282 865 1348 Duo
890 1282 1000 1348 ultimi
1024 1303 1136 1349 versus
1155 1284 1287 1349 auribus
1305 1286 1462 1369 gratiores
1482 1283 1585 1349 forent
1604 1285 1650 1347 eie

456 1394 587 1478 scripti:

686 1501 772 1573 τριῶν
795 1496 825 1560 δέ
852 1499 960 1573 μοιρῖιν
984 1501 1000 1570 ἡ
1027 1498 1051 1559 ’ν
1075 1495 1160 1576 μέσῳ
1183 1495 1270 1577 σῴζει
1295 1495 1426 1576 χέένα

685 1602 798 1678 κόσμον
823 1600 1019 1682 Φυλάσσοιισ’
1043 1597 1132 1666 ὅντιν’
1154 1601 1192 1666 ἂν
1216 1601 1297 1680 τάξιν
1324 1601 1424 1671 πόλις.

504 1821 559 1885 Vs.
573 1819 649 1886 279.
667 1818 801 1893 ἄντομαι
815 1818 1053 1898 ἀμφιπίτνουσα
1065 1843 1101 1883 τε
1113 1821 1164 1883 σὸν
1177 1820 1266 1896 γόνου
1279 1818 1331 1882 καὶ
1344 1818 1424 1899 χέρα
1443 1818 1629 1885 δειλαίαν.

455 1924 638 1992 Weckleini
661 1928 876 1991 coniecturam
902 1925 954 1989 καὶ
979 1926 1045 2004 χέρ’
1071 1925 1201 1989 ἑλοῦσαν
1224 1929 1350 2010 praeter
1373 1924 1563 1990 violentiam
1586 1946 1654 2011 pre·

454 2036 519 2097 mit
544 2039 728 2115 temporum
750 2030 971 2116 inaequalitas,
995 2029 1078 2094 nihil
1101 2033 1192 2118 enim.
1211 2033 1257 2095 ita
1280 2036 1407 2116 poetam
1430 2030 1652 2115 impedivisset

454 2141 632 2224 quominus
663 2139 891 2214 ἀμφιπεσοῦσα
920 2137 1081 2201 scriberet.
1106 2136 1214 2202 Multo
1237 2136 1377 2203 similior
1399 2159 1475 2203 vero
1499 2138 1582 2203 mihi
1604 2141 1649 2204 vi·

454 2244 552 2308 detur
581 2241 663 2339 lenis
693 2240 836 2307 Koleteri
866 2244 1048 2307 eonieotura
1070 2241 1205 2320 lassat,
1230 2246 1286 2327 qui
1309 2242 1461 2309 vocabuli
1483 2265 1561 2308 usus
1585 2244 1650 2309 He

453 2352 596 2415 merieue
614 2351 648 2413 in
668 2370 763 2414 versu
783 2348 909 2414 hereiou
928 2351 1117 2432 aptissimus
1137 2354 1202 2426 est,
1223 2370 1280 2414 neo
1298 2348 1495 2415 haerendum
1514 2352 1651 2416 arbitror

454 2460 491 2520 in
521 2460 692 2541 zeugmate
722 2456 1016 2532 ἄμφιπέπνονσα-
1030 2456 1121 2535 χέρα.
1155 2453 1285 2540 Optime
1309 2454 1393 2520 Weil
1422 2458 1456 2519 in
1478 2455 1652 2542 Hippolyti

456 2582 505 2626 rs.
532 2560 595 2625 591
622 2560 709 2624 δειλά
733 2562 877 2625 restituit
899 2581 956 2645 pro
979 2562 1074 2641 Φίλα.

503 2764 557 2829 Va.
583 2763 659 2831 321.
686 2766 775 2848 δρᾷς,
801 2761 936 2840 ἄβουλος
959 2764 998 2835 ὦς
1023 2764 1268 2843 κεκερτομημένη

683 2878 747 2941 τοῖς
772 2872 950 2947 κερτομοῦσι
975 2870 1134 2950 γοργόν
1158 2872 1205 2942 ὥς
1229 2870 1467 2948 ἀναβλέπει

686 2977 724 3050 σὺ
748 2977 878 3053 πατρίς;

453 3082 537 3147 Vere
569 3081 752 3158 σ’ντιβλέπει
785 3087 897 3167 poetae
924 3081 1064 3146 reddidit
1096 3081 1204 3147 Orelli.
1240 3081 1351 3147 Minus
1382 3084 1463 3148 mihi
1494 3084 1647 3168 probatur

453 3188 589 3253 editoris
612 3191 793 3253 coniectura
816 3188 927 3265 yopytr
951 3185 1038 3264 ὄμμ’,
1062 3186 1147 3272 quod
1170 3208 1249 3251 num
1273 3209 1331 3272 pro
1355 3188 1441 3253 nudo
1460 3189 1571 3266 γοργὸν
1590 3195 1647 3253 aut

453 3316 512 3380 pro
543 3295 646 3370 νσρνῷ
677 3292 797 3369 ὄμματι
822 3300 907 3358 reete
929 3292 991 3357 diei
1016 3296 1158 3377 potuerit
1179 3291 1360 3377 plurimum
1383 3293 1505 3358 dubito.
1530 3292 1649 3373 Quidni

455 3399 668 3485 praeferimus
691 3398 922 3477 νορνένωψ,
946 3399 1042 3463 verbo
1066 3405 1204 3476 tantum,
1229 3421 1291 3463 uon
1315 3420 1349 3463 re
1369 3398 1532 3463 diversum
1552 3400 1590 3464 ab
1610 3419 1647 3464 eo

456 3505 543 3591 quod
567 3511 616 3570 eet
638 3505 780 3582 νόργοψ,
805 3504 873 3569 soil.
899 3503 977 3567 truci
1000 3504 1099 3581 οιιίιιι,
1124 3505 1224 3588 qualis
1248 3511 1291 3567 eet
1316 3505 1461 3585 Gorqoeir
1485 3507 1553 3569 sive
1577 3506 1650 3568 Gor-

452 3611 592 3693 porrum?

501 3829 556 3893 Vs.
583 3828 658 3894 366.
683 3828 810 3893 ἐκλύετε
835 3826 910 3892 τάδε
934 3832 980 3905 γ’,
1005 3827 1126 3892 ἕκλύετ“
1151 3825 1286 3900 ἄνακτος

683 3932 751 4000 ὅσια
775 3935 842 4012 περὶ
866 3934 949 4005 θεοὺς
973 3934 1040 3999 καὶ
1064 3935 1234 4014 μεγαλα
1259 3937 1476 4019 Πελασγίᾳ

683 4042 748 4104 καὶ
773 4043 845 4104 κατ’
865 4044 995 4119 Ἄργος.

450 4148 620 4214 Fortasse:
668 4142 746 4211 ’ὅσια
771 4146 838 4238 περὶ
864 4147 945 4217 θεοὺς
970 4147 1042 4210 ταν
1067 4171 1108 4211 τε
1132 4150 1209 4224 priv
1234 4149 1479 4225 Πελασγίαν

683 4254 756 4317 τὸν
780 4254 851 4315 κατ’
871 4250 999 4330 Ἄργος.

450 4363 474 4425 i.
497 4379 527 4424 e.
554 4357 605 4421 καὶ
630 4359 664 4422 τὸ
689 4357 887 4435 Πελασγικὸν
907 4358 1035 4437 Ἄργος.

498 4571 555 4636 Vs.
581 4568 657 4636 369.
682 4571 707 4634 εἱ
731 4571 794 4648 γὰρ
819 4572 870 4635 ἐπὶ
894 4570 993 4647 τέρμα
1018 4569 1083 4633 καὶ
1108 4570 1150 4633 τὸ
1174 4571 1296 4635 πλέον
1321 4573 1422 4648 ε’μῶν
1446 4579 1546 4637 κακῶν

682 4675 829 4750 έπέμενος
852 4675 896 4741 έτι
920 4674 1052 4752 ματέρος
1076 4673 1216 4751 ἄγαλμα

683 4783 785 4863 Φάνιον
810 4780 924 4858 ἐξέλοι,
949 4781 1013 4846 κτέ.
