4525 5950
969 725 1112 774 morans.
1596 709 1638 776 77

484 889 658 968 „Gamerae
689 893 819 966 vocant,
851 890 930 953 artis
960 888 1113 953 lateribus
1143 888 1244 953 latam
1275 888 1388 954 alvum
1412 893 1480 956 siue
1503 890 1634 956 vinculo

435 999 520 1061 aeris
539 1003 597 1062 aut
615 998 691 1061 ferri
711 1014 881 1070 conexam3
902 1000 935 1059 et
954 994 1080 1059 tumido
1099 997 1200 1072 mari,
1221 1001 1316 1080 prout
1332 995 1450 1061 fluctus
1463 996 1638 1074 attollitur,

438 1123 568 1167 summa
587 1105 720 1167 navium
740 1100 859 1166 tabulis
878 1108 1014 1186 augent,
1028 1100 1125 1166 donec
1136 1103 1169 1165 in
1183 1101 1314 1166 modum
1328 1105 1404 1168 tecti
1417 1101 1639 1167 claudantur”.

486 1208 584 1273 Haud
615 1208 711 1273 dubis
743 1207 956 1293 Nipperdeius
981 1228 1095 1271 sanum
1118 1207 1226 1273 locum
1250 1211 1395 1294 corrupit
1417 1230 1475 1294 pro
1499 1210 1576 1273 artie
1598 1208 1642 1273 le·

439 1316 547 1400 gendo
579 1315 662 1378 attia.
695 1315 778 1379 Nam
803 1313 900 1398 paulo
924 1313 1054 1399 quidem
1077 1315 1243 1378 obscurius
1264 1314 1410 1399 loquitur
1433 1315 1485 1379 hic
1508 1314 1640 1380 Tacitus

440 1427 486 1498 (et
517 1422 582 1487 fere
613 1421 751 1485 dixerim
783 1423 892 1505 inepte
922 1441 996 1484 sum
1026 1419 1138 1505 loqui),
1163 1419 1217 1484 sed
1241 1420 1318 1505 quid
1341 1422 1403 1485 sibi
1427 1421 1507 1486 velit
1531 1428 1639 1487 tamen
1697 1442 1702 1449 ·

440 1548 498 1612 pro
530 1533 615 1592 certo
638 1525 797 1591 affirmare
821 1546 1003 1610 possumus.
1028 1525 1105 1590 Erat
1128 1524 1259 1590 illarum
1282 1528 1415 1590 navium
1439 1526 1531 1591 alvus
1552 1526 1638 1603 lata,

439 1632 494 1697 sed
519 1632 769 1717 imponebantur
787 1630 861 1696 alvo
882 1631 1008 1695 tabulae
1028 1651 1145 1717 pronae
1163 1635 1210 1696 ita
1231 1637 1268 1695 ut
1287 1635 1429 1717 spatium
1451 1633 1534 1717 quod
1554 1635 1639 1697 inter

439 1737 587 1802 dexteras
607 1744 640 1803 et
659 1740 805 1802 sinistras
829 1743 911 1801 esset
934 1735 1059 1801 tabulas
1082 1758 1207 1821 semper
1230 1737 1319 1802 lieret
1342 1740 1529 1823 angustius;
1553 1737 1638 1822 quod

440 1843 542 1907 tatere
573 1846 607 1921 (i.
627 1863 655 1907 e.
688 1841 827 1922 tabulas)
858 1862 943 1905 nuno
977 1841 1087 1917 „arta”
1112 1850 1223 1919 vocat,
1248 1842 1481 1907 subridiculum
1507 1843 1637 1929 quidem

438 1957 505 2025 est,
538 1949 593 2012 sed
625 1970 688 2032 quo
720 1969 814 2013 sensu
845 1946 904 2011 illo
936 1953 1047 2010 utatur
1070 1945 1227 2011 adiectivo
1251 1949 1406 2012 coniicere
1429 1951 1462 2011 in
1487 1954 1638 2033 promptu

437 2062 499 2120 est.
526 2054 664 2119 Tumido
688 2062 796 2118 autem
822 2055 922 2132 mari,
949 2073 1011 2138 quo
1036 2051 1166 2117 altiores
1189 2053 1307 2118 fiebant
1329 2053 1446 2118 fluctus
1470 2075 1507 2119 eo
1531 2053 1639 2139 plures

438 2160 569 2226 tabulae
599 2159 720 2225 tabulis
752 2160 1095 2245 superimponebantur
1118 2165 1151 2223 st
1174 2161 1316 2243 spatium
1339 2158 1422 2223 illud
1445 2163 1551 2245 magis
1574 2180 1641 2224 ma·

438 2269 557 2353 gisqus
592 2266 794 2341 coartabant,
830 2265 929 2329 donec
962 2264 1089 2328 tandem
1125 2263 1296 2349 aliquando
1332 2271 1437 2329 totum
1468 2267 1639 2348 navigium

438 2380 610 2456 tamquam
645 2378 728 2436 teoto
764 2370 975 2436 clauderetur.
1013 2369 1103 2449 Quod
1138 2378 1248 2435 autem
1284 2393 1418 2435 camarae
1453 2373 1638 2456 appositum

439 2478 539 2541 babet
563 2477 662 2538 alerem
686 2499 844 2539 connexam
861 2460 901 2540 ‘iu
925 2497 961 2541 eo
987 2475 1115 2540 molesti
1139 2483 1186 2540 est
1211 2474 1302 2539 nihil.

486 2581 530 2646 H.
554 2581 611 2657 ΙΙΙ,
638 2579 690 2645 79.
717 2583 896 2658 Antonius,
921 2581 1044 2646 bellum
1063 2584 1126 2646 iam
1148 2587 1313 2666 peractum
1332 2587 1438 2656 ratus,
1461 2579 1545 2666 quod
1565 2582 1639 2645 boni

436 2690 482 2753 sit
508 2687 598 2752 ducis
621 2687 760 2752 officium
786 2686 1006 2752 obliviscitur:

486 2801 610 2878 „utque
632 2792 762 2858 licentia
785 2792 926 2858 militem
946 2794 1124 2870 imbueret,
1148 2793 1389 2857 interfectorum
1413 2795 1638 2858 centurionum

435 2900 566 2965 ordines
596 2898 780 2985 legionibus
811 2899 980 2964 offerebat
1012 2902 1034 2964 i.
1056 2922 1082 2965 e.
1113 2921 1187 2965 suos
1210 2900 1272 2963 sibi
1295 2898 1414 2986 eligere
1438 2903 1639 2964 centuriones

435 3009 606 3092 permisit,
630 3005 904 3090 quemadmodum
929 3013 1060 3091 apparet
1083 3028 1122 3071 en
1145 3008 1185 3070 iis
1209 3027 1289 3092 quae
1309 3010 1420 3071 statim
1441 3015 1636 3092 sequuntur:

437 3134 497 3189 „eo
516 3111 669 3197 suffragio
690 3112 931 3177 turbidissimus
951 3114 1085 3197 quisque
1105 3112 1218 3177 delecti
1228 3134 1236 3190 ;
1260 3134 1317 3177 nec
1336 3112 1431 3177 miles
1450 3116 1484 3176 in
1504 3114 1636 3178 arbitrio

436 3218 575 3295 dueum,
617 3218 672 3283 sed
712 3217 808 3283 duces
843 3217 976 3282 militari
1012 3217 1166 3283 violentia
1199 3219 1438 3284 trahebantur&
1475 3218 1637 3283 Vocabula

435 3327 576 3389 minime
607 3325 778 3411 ambigua;
802 3322 859 3388 sed
881 3344 961 3408 qnae
984 3345 1068 3388 nuno
1092 3323 1180 3388 addit
1203 3323 1333 3389 Tacitus
1357 3327 1465 3389 miuus
1491 3333 1635 3390 accurate

435 3429 603 3515 legentem
635 3432 758 3514 possint
788 3429 939 3494 inducere
968 3431 1001 3494 iu
1029 3449 1185 3495 errorem:
1219 3450 1321 3514 „quae
1345 3431 1495 3495 seditiosa
1518 3436 1550 3495 et
1574 3451 1639 3495 cor·

436 3535 636 3619 rumpendae
669 3534 855 3619 disciplinae
886 3556 962 3599 mox
993 3538 1026 3598 in
1049 3535 1199 3620 praedam
1225 3536 1399 3599 vertebat’'.
1424 3535 1498 3600 Noli
1522 3543 1636 3620 putare

436 3663 475 3705 ex
499 3643 571 3726 ipso
593 3640 651 3704 illo
674 3642 867 3725 pravissimo
889 3640 1039 3716 oonsilio,
1064 3640 1102 3705 de
1125 3661 1188 3726 quo
1212 3641 1364 3705 hactenus
1388 3648 1437 3705 est
1459 3649 1635 3720 narratum,

436 3747 521 3811 lucri
545 3745 668 3831 aliquid
692 3748 888 3830 quaesivisse
912 3747 1108 3820 Antonium,
1131 3746 1207 3810 licet
1233 3748 1329 3810 verba
1352 3747 1385 3808 in
1402 3749 1551 3828 praedam
1575 3770 1636 3810 ver-

437 3854 518 3915 tebat
554 3854 659 3937 primo
694 3859 824 3935 aspectu
859 3850 941 3915 illud
972 3851 1152 3938 significare
1182 3852 1360 3915 videantur.
1394 3851 1478 3916 Nam
1506 3852 1635 3939 legatus

435 3958 575 4043 legionis
599 3960 626 4021 si
650 3960 718 4042 ipss
741 3959 981 4022 centurionatus
1004 3958 1076 4035 dat,
1100 3964 1207 4042 potest
1226 3958 1266 4021 ob
1287 3979 1357 4021 eam
1377 3980 1445 4022 rem
1465 3962 1634 4043 pecuniam

434 4066 576 4148 accipere
601 4063 640 4126 ab
665 4063 820 4127 honorem
843 4061 938 4126 illum
963 4064 1162 4147 petentibus;
1189 4069 1223 4126 at
1247 4084 1320 4126 cum
1345 4084 1418 4127 suos
1442 4064 1504 4128 sibi
1527 4071 1635 4129 centu·

434 4172 542 4234 riones
577 4167 704 4253 eligunt
739 4166 880 4245 milites,
917 4189 1043 4233 omnem
1082 4168 1253 4253 praedandi
1286 4168 1473 4233 facultatem
1504 4169 1633 4255 legatus

436 4278 558 4340 amisit.
578 4274 666 4360 Ergo
684 4273 718 4335 io
733 4275 880 4356 praedam
899 4276 1029 4337 vertebat
1049 4277 1094 4339 sic
1114 4281 1162 4339 est
1181 4275 1402 4358 accipiendum
1422 4282 1458 4338 ut
1476 4277 1634 4341 Antonius

436 4381 564 4444 dicatur
594 4401 651 4464 pro
682 4378 813 4444 oonsilio
845 4378 920 4455 illu,
953 4401 1016 4463 quo
1040 4382 1144 4443 omnis
1169 4379 1335 4465 disciplina
1358 4382 1631 4465 corrumpebatur,

434 4509 512 4550 mox
543 4485 632 4550 alind
663 4485 897 4561 introduxisse,
930 4486 1015 4569 quod
1048 4485 1229 4549 cuiusmodi
1261 4486 1358 4550 fuerit
1390 4486 1544 4550 hactenus
1568 4493 1634 4550 tan-

433 4592 605 4657 tummodo
641 4591 746 4677 prodit
781 4589 913 4655 Tacitus
948 4604 986 4654 ut
1015 4590 1100 4655 dicat
1130 4590 1300 4675 praedandi
1330 4589 1413 4654 illud
1443 4590 1632 4656 facultatem

434 4701 576 4764 Antonio
600 4698 793 4782 praebuisse.

481 4802 585 4868 Paulo
608 4810 682 4886 post
705 4807 744 4881 (o.
766 4802 822 4880 58)
840 4801 930 4866 idem
950 4802 1085 4864 vertendi
1103 4801 1239 4864 verbnm
1261 4800 1516 4884 explanationem
1538 4823 1634 4886 qnan-
