4525 5950
964 686 1106 735 merrus.
1582 665 1624 734 75

432 877 475 921 ne
511 854 610 921 semel
644 854 774 940 quidem
809 852 957 919 Tacitum
989 875 1085 918 usum
1116 852 1278 919 locutione
1308 861 1376 919 tam
1406 854 1485 919 bene
1515 853 1630 919 Latina

434 969 568 1048 tamque
598 961 790 1048 pervulgata
820 966 1015 1039 statuamus,
1047 960 1144 1046 idque
1168 982 1204 1026 11
1228 959 1295 1026 1111
1318 960 1376 1027 ubi
1397 963 1453 1026 rix
1476 959 1543 1025 ullo
1565 960 1628 1026 alio

434 1070 533 1134 modo
556 1068 589 1133 id
612 1068 697 1155 quod
719 1071 932 1154 requireretur
955 1068 1128 1154 significari
1151 1065 1316 1153 potuerit?

485 1290 522 1354 A.
548 1286 616 1365 XV,
642 1286 696 1352 38.
722 1287 860 1353 Ardente
883 1287 962 1353 urbe
984 1290 1019 1352 in
1042 1308 1152 1353 omnes
1175 1294 1281 1373 partes
1305 1286 1480 1373 diffugiunt
1502 1289 1606 1353 cives:

484 1395 547 1472 „Et
579 1415 690 1479 saepe,
722 1394 800 1458 dum
830 1396 865 1458 in
896 1402 1025 1480 tergum
1056 1400 1250 1479 respectant,
1273 1392 1427 1459 lateribus
1450 1401 1506 1459 aut
1529 1394 1631 1459 fronte

434 1501 782 1579 circumveniebantur,
814 1499 866 1566 vel
896 1503 924 1565 si
956 1503 990 1565 in
1021 1503 1168 1585 proxima
1200 1506 1376 1577 evaserant,
1407 1498 1472 1564 illis
1505 1520 1631 1586 quoque

433 1612 508 1695 igni
543 1610 713 1693 correptis,
750 1609 849 1672 etiam
884 1626 965 1692 quae
999 1604 1178 1693 longinqua
1208 1606 1424 1684 crediderent,
1454 1608 1488 1671 in
1520 1606 1631 1672 eodem

435 1737 514 1780 casu
537 1713 769 1800 reperiebant.’'

483 1821 546 1885 Hic
569 1820 719 1905 equidem
743 1818 914 1910 desiderari
937 1817 1091 1903 quiddam
1114 1825 1236 1884 censeo.
1259 1817 1296 1883 Iu
1321 1819 1418 1885 verbo
1442 1821 1528 1884 enim
1551 1841 1633 1901 repe·

437 1929 556 1991 rieloct
586 1927 672 1992 haud
696 1925 791 1990 dubie
814 1928 898 1991 inest
920 1924 1113 2012 significatio
1138 1930 1191 1990 τοῦ
1216 1946 1312 2002 „cum
1336 1927 1467 2010 propius
1490 1927 1632 1990 accessis

437 2034 546 2099 sent’':
568 2036 676 2099 omitti
696 2033 729 2098 id
749 2036 818 2098 sine
837 2032 954 2097 damno
974 2037 1099 2118 poterat
1118 2034 1193 2117 quia
1212 2034 1319 2118 quivis
1336 2032 1425 2097 istud
1443 2033 1629 2115 reperiebant

435 2141 549 2227 legens
574 2147 679 2205 mente
702 2146 770 2205 1111
792 2138 1010 2225 suppleturus.
1036 2139 1123 2225 Ergo
1147 2140 1309 2225 lonqinquo
1327 2139 1424 2204 habet
1442 2138 1525 2225 quod
1544 2146 1629 2205 recte
1673 2196 1676 2201 .

435 2251 468 2313 11
500 2255 679 2333 opponatur
707 2248 829 2331 (ipsum
859 2244 941 2310 illud
966 2267 1062 2323 „cum
1086 2248 1217 2331 propius
1240 2246 1463 2311 accessissent''
1487 2246 1572 2331 quod
1594 2249 1629 2311 in

439 2353 681 2440 „reperiebant”
704 2355 811 2429 inest).
836 2353 974 2438 Propius
997 2359 1105 2417 autem
1128 2354 1273 2438 aggressi
1295 2349 1381 2417 locos
1404 2350 1477 2418 illos
1499 2356 1632 2438 reperie

438 2464 518 2526 bant
550 2463 604 2537 „in
636 2459 747 2525 eodem
780 2459 887 2524 statu''
919 2461 941 2523 1.
962 2480 989 2524 1.
1021 2465 1058 2524 11
1089 2461 1201 2543 opinor
1232 2461 1353 2536 ,stiam
1384 2458 1561 2523 ardentes'’.
1586 2460 1631 2524 At

439 2588 526 2632 nunc
556 2569 589 2630 in
620 2568 723 2651 priore
754 2567 930 2631 sententiae
952 2570 1042 2650 parts
1065 2564 1155 2630 deest
1177 2564 1300 2650 aliquid
1323 2565 1407 2650 quod
1430 2567 1486 2630 isti
1510 2567 1630 2643 „etiam

440 2671 608 2738 ardentes'’
630 2679 715 2737 recte
735 2676 922 2756 opponatur,
943 2671 1027 2757 quod
1046 2673 1108 2736 nisi
1127 2669 1236 2756 aliquo
1255 2670 1350 2736 modo
1370 2678 1418 2737 est
1429 2687 1630 2757 expressum,

438 2799 616 2866 pronomen
638 2780 735 2841 eodem
758 2777 806 2843 nil
829 2778 925 2842 habet
949 2799 1010 2864 quo
1034 2777 1354 2865 referetur.1ntegra
1377 2781 1439 2843 erit
1458 2781 1630 2857 sententia,

437 2889 467 2951 si
498 2888 542 2950 sio
572 2884 736 2971 legemus:
770 2887 891 2961 „etiam
923 2905 1005 2969 quae
1033 2882 1213 2971 longinqua
1233 2907 1337 2948 111111
1359 2883 1572 2964 crediderant,
1596 2887 1631 2949 in

438 2994 551 3060 eodem
574 3013 649 3058 casu
667 2991 898 3077 reperiebant.''
922 2991 1033 3077 Neque
1052 2991 1135 3058 male
1153 3014 1210 3077 pro
1228 3015 1332 3056 secare
1349 2993 1396 3057 ibi
1415 3000 1490 3072 tote,
1511 2992 1628 3075 inteqro

438 3104 547 3166 simm.
572 3120 744 3185 ponemus,
769 3099 864 3164 modo
887 3099 945 3164 bac
968 3101 1091 3164 ratione
1113 3097 1221 3165 locum
1244 3097 1438 3184 expleamus.

484 3309 522 3374 In
555 3311 734 3374 narratione
759 3308 796 3373 de
820 3308 930 3373 eodem
953 3308 1097 3373 incendio
1121 3329 1216 3394 porro
1239 3308 1361 3395 legitur
1383 3310 1435 3388 (A.
1459 3307 1529 3386 XV,
1555 3309 1629 3388 40):

487 3416 604 3494 „Sexto
629 3414 760 3480 demum
783 3414 834 3480 111
858 3414 942 3500 apud
964 3417 1047 3480 imas
1070 3414 1232 3500 Esquilias
1256 3415 1327 3480 finis
1349 3413 1494 3481 incendio
1517 3416 1630 3495 factus,

438 3526 581 3611 prorutis
603 3543 660 3608 per
677 3526 874 3587 immensum
894 3521 1059 3599 aedificiis,
1079 3530 1117 3587 ut
1138 3517 1305 3588 continuae
1318 3521 1632 3609 violentiaecampus

440 3638 476 3696 11
505 3629 609 3731 velut„
623 3649 762 3694 vacuum
791 3626 916 3693 caelum
940 3635 1126 3695 occurreret.
1151 3629 1286 3693 Necdum
1302 3637 1489 3713 perimetur
1512 3637 1568 3694 cat
1589 3654 1633 3695 re-

441 3737 542 3801 diebat
565 3737 639 3802 ledia
741 3758 856 3799 ruerunt
876 3742 1033 3816 praecatus
1055 3735 1168 3817 iqcia.’'

487 3842 574 3908 Haec
605 3844 777 3908 verborum
808 3841 922 3906 111111
946 3844 1077 3906 suntin
1101 3841 1216 3907 111111.
1241 3840 1337 3906 Haud
1361 3841 1457 3907 dubie
1480 3847 1564 3908 recte
1588 3863 1633 3907 re

440 3952 545 4035 posita
578 3953 644 4015 iam
677 3954 752 4013 sunt
785 3950 916 4014 haecce:
951 3948 1108 4025 „necdum
1141 3950 1244 4034 posito
1274 3955 1364 4013 metu
1394 3949 1517 4014 redibat
1546 3949 1631 4014 baud

439 4055 579 4135 levius’',
615 4076 752 4142 quorum
786 4060 911 4140 partem
946 4054 1097 4140 praebent
1133 4053 1358 4133 „deteriorss'',
1394 4076 1466 4141 pars
1500 4077 1518 4120 a
1550 4058 1630 4121 viris

441 4161 544 4226 doctis
574 4168 623 4226 est
651 4163 793 4226 inventa.
816 4159 901 4225 'l'um
923 4181 984 4246 ego
1006 4181 1063 4246 pro
1084 4168 1240 4240 9111111111
1263 4159 1369 4247 legere
1392 4159 1492 4227 velim
1510 4184 1631 4245 praeac-

441 4275 538 4345 11111,
562 4275 599 4332 11
622 4272 691 4333 1111
712 4269 869 4332 sententia
891 4265 963 4330 fiat:

488 4372 653 4452 „Necdum
674 4375 780 4459 posito
800 4377 890 4438 metu
910 4372 1034 4438 redibat
1052 4372 1138 4438 haud
1158 4370 1263 4437 levius
1282 4395 1411 4439 rursum
1430 4379 1634 4461 grassaturus

440 4480 562 4567 ignis.''

487 4586 628 4674 Egregie
656 4607 740 4651 nuno
763 4588 873 4671 paucis
896 4586 1003 4651 verbis
1026 4585 1307 4671 comprehenditur
1329 4586 1411 4672 quod
1435 4587 1508 4653 dein
1531 4588 1633 4653 fusius

439 4699 621 4759 enarratur:
648 4694 775 4769 „minor
797 4691 928 4777 quidem
953 4692 1077 4775 peribat
1102 4693 1268 4756 bominum
1293 4713 1446 4759 numerus
1466 4692 1520 4759 ssd
1540 4692 1634 4778 plura

443 4798 587 4866 aedificia
608 4817 727 4885 magna
750 4796 853 4863 deleta
876 4799 983 4862 sunt.'’
