<?xml version="1.0" encoding="UTF-8"?>
<!DOCTYPE html PUBLIC "-//W3C//DTD XHTML 1.0 Transitional//EN"
    "http://www.w3.org/TR/xhtml1/DTD/xhtml1-transitional.dtd">
<html xmlns="http://www.w3.org/1999/xhtml" xml:lang="en" lang="en">
 <head>
  <title>
</title>
<meta http-equiv="Content-Type" content="text/html;charset=utf-8" />
  <meta name='ocr-system' content='tesseract 3.04.00' />
  <meta name='ocr-capabilities' content='ocr_page ocr_carea ocr_par ocr_line ocrx_word'/>
</head>
<body>
  <div class='ocr_page' id='page_1' title='image "./mnemosyne07verdgoog_0878.png"; bbox 0 0 4525 5950; ppageno 0'>
   <div class='ocr_carea' id='block_1_1' title="bbox 971 697 1636 764">
    <p class='ocr_par' dir='ltr' id='par_1_1' title="bbox 971 697 1636 764">
     <span class='ocr_line' id='line_1_1' title="bbox 971 697 1636 764; baseline 0.009 -6"><span class='ocrx_word' id='word_1_1' title='bbox 971 711 1108 759; x_wconf 82' lang='lat' dir='ltr'>cuorus.</span> <span class='ocrx_word' id='word_1_2' title='bbox 1571 697 1636 764; x_wconf 81' lang='lat'>393</span> 
     </span>
    </p>
   </div>
   <div class='ocr_carea' id='block_1_2' title="bbox 438 873 1636 2633">
    <p class='ocr_par' dir='ltr' id='par_1_2' title="bbox 438 873 1636 2633">
     <span class='ocr_line' id='line_1_2' title="bbox 445 873 1636 962; baseline 0.003 -20"><span class='ocrx_word' id='word_1_3' title='bbox 445 876 604 942; x_wconf 83' lang='lat' dir='ltr'>Merkelio</span> <span class='ocrx_word' id='word_1_4' title='bbox 630 875 786 961; x_wconf 74' lang='lat' dir='ltr'>funditur</span> <span class='ocrx_word' id='word_1_5' title='bbox 820 873 918 959; x_wconf 92' lang='lat' dir='ltr'>(qnod</span> <span class='ocrx_word' id='word_1_6' title='bbox 954 895 1050 958; x_wconf 91' lang='lat' dir='ltr'>qnam</span> <span class='ocrx_word' id='word_1_7' title='bbox 1086 876 1128 939; x_wconf 91' lang='lat' dir='ltr'>eit</span> <span class='ocrx_word' id='word_1_8' title='bbox 1163 875 1339 940; x_wconf 90' lang='lat' dir='ltr'>absurdum</span> <span class='ocrx_word' id='word_1_9' title='bbox 1373 880 1481 962; x_wconf 82' lang='lat' dir='ltr'>quivis</span> <span class='ocrx_word' id='word_1_10' title='bbox 1514 883 1636 961; x_wconf 80' lang='lat' dir='ltr'><strong>sentit),</strong></span> 
     </span>
     <span class='ocr_line' id='line_1_3' title="bbox 443 980 1258 1068; baseline -0.001 -21"><span class='ocrx_word' id='word_1_11' title='bbox 443 985 576 1049; x_wconf 81' lang='lat' dir='ltr'>habebis</span> <span class='ocrx_word' id='word_1_12' title='bbox 600 982 722 1068; x_wconf 85' lang='lat' dir='ltr'>aliquid</span> <span class='ocrx_word' id='word_1_13' title='bbox 745 980 831 1067; x_wconf 93' lang='lat' dir='ltr'>quod</span> <span class='ocrx_word' id='word_1_14' title='bbox 854 1001 951 1066; x_wconf 87' lang='lat' dir='ltr'>prave</span> <span class='ocrx_word' id='word_1_15' title='bbox 976 983 1019 1044; x_wconf 90' lang='lat' dir='ltr'>eit</span> <span class='ocrx_word' id='word_1_16' title='bbox 1041 983 1258 1046; x_wconf 91' lang='lat' dir='ltr'>enuntiatum.</span> 
     </span>
     <span class='ocr_line' id='line_1_4' title="bbox 490 1088 661 1174; baseline -0.012 -20"><span class='ocrx_word' id='word_1_17' title='bbox 490 1088 661 1174; x_wconf 79' lang='lat' dir='ltr'>Sequitur:</span> 
     </span>
     <span class='ocr_line' id='line_1_5' title="bbox 625 1193 1511 1278; baseline 0.003 -21"><span class='ocrx_word' id='word_1_18' title='bbox 625 1194 710 1274; x_wconf 80' lang='lat' dir='ltr'>Quae</span> <span class='ocrx_word' id='word_1_19' title='bbox 734 1214 837 1278; x_wconf 89' lang='lat' dir='ltr'>neque</span> <span class='ocrx_word' id='word_1_20' title='bbox 860 1195 1043 1278; x_wconf 73' lang='lat' dir='ltr'>cornigerae</span> <span class='ocrx_word' id='word_1_21' title='bbox 1067 1213 1177 1257; x_wconf 91' lang='lat' dir='ltr'>morsu</span> <span class='ocrx_word' id='word_1_22' title='bbox 1200 1193 1319 1260; x_wconf 81' lang='lat' dir='ltr'>laesere</span> <span class='ocrx_word' id='word_1_23' title='bbox 1340 1197 1511 1273; x_wconf 83' lang='lat' dir='ltr'>iuvencae,</span> 
     </span>
     <span class='ocr_line' id='line_1_6' title="bbox 624 1298 1151 1384; baseline -0.004 -20"><span class='ocrx_word' id='word_1_24' title='bbox 624 1300 690 1365; x_wconf 92' lang='lat' dir='ltr'>Nec</span> <span class='ocrx_word' id='word_1_25' title='bbox 714 1298 855 1384; x_wconf 82' lang='lat' dir='ltr'>placidae</span> <span class='ocrx_word' id='word_1_26' title='bbox 880 1301 1042 1382; x_wconf 82' lang='lat' dir='ltr'>carpsistis</span> <span class='ocrx_word' id='word_1_27' title='bbox 1065 1320 1151 1364; x_wconf 82' lang='lat' dir='ltr'>oves.</span> 
     </span>
     <span class='ocr_line' id='line_1_7' title="bbox 442 1403 1635 1493; baseline 0.004 -25"><span class='ocrx_word' id='word_1_28' title='bbox 442 1404 581 1470; x_wconf 90' lang='lat' dir='ltr'>Omnino</span> <span class='ocrx_word' id='word_1_29' title='bbox 604 1426 696 1490; x_wconf 87' lang='lat' dir='ltr'>saepe</span> <span class='ocrx_word' id='word_1_30' title='bbox 716 1405 924 1490; x_wconf 88' lang='lat' dir='ltr'>anastrophae</span> <span class='ocrx_word' id='word_1_31' title='bbox 943 1403 1047 1489; x_wconf 86' lang='lat' dir='ltr'>figura</span> <span class='ocrx_word' id='word_1_32' title='bbox 1065 1405 1213 1469; x_wconf 87' lang='lat' dir='ltr'>abutitur</span> <span class='ocrx_word' id='word_1_33' title='bbox 1232 1404 1386 1483; x_wconf 88' lang='lat' dir='ltr'>Ovidius,</span> <span class='ocrx_word' id='word_1_34' title='bbox 1405 1406 1458 1471; x_wconf 92' lang='lat' dir='ltr'>sed</span> <span class='ocrx_word' id='word_1_35' title='bbox 1476 1429 1635 1493; x_wconf 86' lang='lat' dir='ltr'>nusquam</span> 
     </span>
     <span class='ocr_line' id='line_1_8' title="bbox 439 1509 1633 1596; baseline 0.004 -22"><span class='ocrx_word' id='word_1_36' title='bbox 439 1513 585 1595; x_wconf 90' lang='lat' dir='ltr'>ineptius</span> <span class='ocrx_word' id='word_1_37' title='bbox 616 1532 712 1596; x_wconf 89' lang='lat' dir='ltr'>quam</span> <span class='ocrx_word' id='word_1_38' title='bbox 737 1510 806 1580; x_wconf 87' lang='lat' dir='ltr'>hic.</span> <span class='ocrx_word' id='word_1_39' title='bbox 830 1531 870 1574; x_wconf 93' lang='lat' dir='ltr'>ne</span> <span class='ocrx_word' id='word_1_40' title='bbox 893 1509 948 1575; x_wconf 89' lang='lat' dir='ltr'>illo</span> <span class='ocrx_word' id='word_1_41' title='bbox 973 1510 1104 1595; x_wconf 92' lang='lat' dir='ltr'>quidem</span> <span class='ocrx_word' id='word_1_42' title='bbox 1125 1509 1195 1576; x_wconf 90' lang='lat' dir='ltr'>loco</span> <span class='ocrx_word' id='word_1_43' title='bbox 1220 1532 1316 1595; x_wconf 91' lang='lat' dir='ltr'>quem</span> <span class='ocrx_word' id='word_1_44' title='bbox 1339 1515 1455 1577; x_wconf 89' lang='lat' dir='ltr'>merito</span> <span class='ocrx_word' id='word_1_45' title='bbox 1479 1513 1633 1580; x_wconf 89' lang='lat' dir='ltr'>damnant</span> 
     </span>
     <span class='ocr_line' id='line_1_9' title="bbox 439 1615 1634 1702; baseline 0.004 -21"><span class='ocrx_word' id='word_1_46' title='bbox 439 1638 567 1694; x_wconf 90' lang='lat' dir='ltr'>omnes,</span> <span class='ocrx_word' id='word_1_47' title='bbox 594 1619 651 1701; x_wconf 90' lang='lat' dir='ltr'>qni</span> <span class='ocrx_word' id='word_1_48' title='bbox 674 1616 751 1701; x_wconf 93' lang='lat' dir='ltr'>quid</span> <span class='ocrx_word' id='word_1_49' title='bbox 773 1622 900 1700; x_wconf 88' lang='lat' dir='ltr'>poetam</span> <span class='ocrx_word' id='word_1_50' title='bbox 924 1615 1033 1680; x_wconf 87' lang='lat' dir='ltr'>deceat</span> <span class='ocrx_word' id='word_1_51' title='bbox 1055 1616 1132 1701; x_wconf 91' lang='lat' dir='ltr'>quid</span> <span class='ocrx_word' id='word_1_52' title='bbox 1156 1638 1218 1682; x_wconf 93' lang='lat' dir='ltr'>non</span> <span class='ocrx_word' id='word_1_53' title='bbox 1242 1617 1336 1702; x_wconf 92' lang='lat' dir='ltr'>paulo</span> <span class='ocrx_word' id='word_1_54' title='bbox 1360 1622 1540 1684; x_wconf 86' lang='lat' dir='ltr'>accuratius</span> <span class='ocrx_word' id='word_1_55' title='bbox 1562 1641 1634 1687; x_wconf 83' lang='lat' dir='ltr'>exa-</span> 
     </span>
     <span class='ocr_line' id='line_1_10' title="bbox 442 1721 730 1799; baseline 0.003 -14"><span class='ocrx_word' id='word_1_56' title='bbox 442 1726 570 1787; x_wconf 88' lang='lat' dir='ltr'>minant</span> <span class='ocrx_word' id='word_1_57' title='bbox 594 1722 619 1799; x_wconf 92' lang='grc' dir='ltr'>Ι,</span> <span class='ocrx_word' id='word_1_58' title='bbox 645 1721 730 1786; x_wconf 87' lang='grc'>438;</span> 
     </span>
     <span class='ocr_line' id='line_1_11' title="bbox 621 1826 1633 1914; baseline 0.005 -23"><span class='ocrx_word' id='word_1_59' title='bbox 621 1826 681 1892; x_wconf 90' lang='grc'><strong>1116</strong></span> <span class='ocrx_word' id='word_1_60' title='bbox 712 1826 836 1907; x_wconf 76' lang='lat' dir='ltr'>(Terra)</span> <span class='ocrx_word' id='word_1_61' title='bbox 867 1826 998 1911; x_wconf 93' lang='lat' dir='ltr'>quidem</span> <span class='ocrx_word' id='word_1_62' title='bbox 1030 1826 1145 1904; x_wconf 92' lang='lat' dir='ltr'>nollet,</span> <span class='ocrx_word' id='word_1_63' title='bbox 1178 1827 1232 1892; x_wconf 90' lang='lat' dir='ltr'>sed</span> <span class='ocrx_word' id='word_1_64' title='bbox 1262 1833 1294 1893; x_wconf 93' lang='lat' dir='ltr'>te</span> <span class='ocrx_word' id='word_1_65' title='bbox 1323 1850 1465 1914; x_wconf 92' lang='lat' dir='ltr'>quoque,</span> <span class='ocrx_word' id='word_1_66' title='bbox 1490 1832 1633 1897; x_wconf 84' lang='lat' dir='ltr'>maxime</span> 
     </span>
     <span class='ocr_line' id='line_1_12' title="bbox 624 1932 1636 2021; baseline 0.004 -24"><span class='ocrx_word' id='word_1_67' title='bbox 624 1932 708 1997; x_wconf 69' lang='lat' dir='ltr'>dnm</span> <span class='ocrx_word' id='word_1_68' title='bbox 731 1935 857 2019; x_wconf 90' lang='lat' dir='ltr'>genuit.</span> <span class='ocrx_word' id='word_1_69' title='bbox 1476 1935 1636 2021; x_wconf 64' lang='lat' dir='ltr'>[Pytbom</span> 
     </span>
     <span class='ocr_line' id='line_1_13' title="bbox 488 2033 1407 2124; baseline 0.002 -22"><span class='ocrx_word' id='word_1_70' title='bbox 488 2038 554 2104; x_wconf 83' lang='lat'>957</span> <span class='ocrx_word' id='word_1_71' title='bbox 568 2060 635 2124; x_wconf 90' lang='lat' dir='ltr'>sqq.</span> <span class='ocrx_word' id='word_1_72' title='bbox 652 2033 653 2037; x_wconf 59' lang='grc'>’</span> <span class='ocrx_word' id='word_1_73' title='bbox 669 2039 896 2104; x_wconf 90' lang='lat' dir='ltr'>Narrationem</span> <span class='ocrx_word' id='word_1_74' title='bbox 919 2059 1011 2102; x_wconf 90' lang='lat' dir='ltr'>suam</span> <span class='ocrx_word' id='word_1_75' title='bbox 1033 2041 1078 2102; x_wconf 85' lang='lat' dir='ltr'>sic</span> <span class='ocrx_word' id='word_1_76' title='bbox 1101 2037 1222 2103; x_wconf 89' lang='lat' dir='ltr'>claudit</span> <span class='ocrx_word' id='word_1_77' title='bbox 1245 2037 1407 2105; x_wconf 83' lang='lat' dir='ltr'>Glaucus:</span> 
     </span>
     <span class='ocr_line' id='line_1_14' title="bbox 622 2144 1611 2221; baseline 0.002 -12"><span class='ocrx_word' id='word_1_78' title='bbox 622 2144 787 2209; x_wconf 80' lang='lat' dir='ltr'>Hactenus</span> <span class='ocrx_word' id='word_1_79' title='bbox 810 2144 887 2209; x_wconf 90' lang='lat' dir='ltr'>baec</span> <span class='ocrx_word' id='word_1_80' title='bbox 910 2145 1063 2221; x_wconf 90' lang='lat' dir='ltr'>memini,</span> <span class='ocrx_word' id='word_1_81' title='bbox 1087 2165 1145 2208; x_wconf 93' lang='lat' dir='ltr'>nec</span> <span class='ocrx_word' id='word_1_82' title='bbox 1168 2165 1259 2210; x_wconf 90' lang='lat' dir='ltr'>mens</span> <span class='ocrx_word' id='word_1_83' title='bbox 1281 2166 1353 2210; x_wconf 90' lang='lat' dir='ltr'>mea</span> <span class='ocrx_word' id='word_1_84' title='bbox 1376 2150 1481 2211; x_wconf 91' lang='lat' dir='ltr'>cetera</span> <span class='ocrx_word' id='word_1_85' title='bbox 1505 2150 1611 2212; x_wconf 90' lang='lat' dir='ltr'>sensit.</span> 
     </span>
     <span class='ocr_line' id='line_1_15' title="bbox 623 2249 1486 2336; baseline 0.001 -21"><span class='ocrx_word' id='word_1_86' title='bbox 623 2250 709 2330; x_wconf 81' lang='lat' dir='ltr'>Quae</span> <span class='ocrx_word' id='word_1_87' title='bbox 733 2256 904 2334; x_wconf 87' lang='lat' dir='ltr'>postquam</span> <span class='ocrx_word' id='word_1_88' title='bbox 927 2250 1037 2327; x_wconf 91' lang='lat' dir='ltr'>rediit,</span> <span class='ocrx_word' id='word_1_89' title='bbox 1063 2249 1165 2314; x_wconf 92' lang='lat' dir='ltr'>alium</span> <span class='ocrx_word' id='word_1_90' title='bbox 1189 2271 1241 2315; x_wconf 91' lang='lat' dir='ltr'>mc</span> <span class='ocrx_word' id='word_1_91' title='bbox 1264 2272 1395 2336; x_wconf 87' lang='lat' dir='ltr'>corpore</span> <span class='ocrx_word' id='word_1_92' title='bbox 1418 2258 1486 2317; x_wconf 89' lang='lat' dir='ltr'>toto</span> 
     </span>
     <span class='ocr_line' id='line_1_16' title="bbox 624 2355 1504 2443; baseline 0.002 -23"><span class='ocrx_word' id='word_1_93' title='bbox 624 2359 669 2421; x_wconf 90' lang='lat' dir='ltr'>Ac</span> <span class='ocrx_word' id='word_1_94' title='bbox 692 2356 816 2421; x_wconf 84' lang='lat' dir='ltr'>ineram</span> <span class='ocrx_word' id='word_1_95' title='bbox 840 2376 951 2440; x_wconf 87' lang='lat' dir='ltr'>nuper,</span> <span class='ocrx_word' id='word_1_96' title='bbox 976 2376 1078 2441; x_wconf 91' lang='lat' dir='ltr'>neque</span> <span class='ocrx_word' id='word_1_97' title='bbox 1101 2355 1237 2421; x_wconf 89' lang='lat' dir='ltr'>eundem</span> <span class='ocrx_word' id='word_1_98' title='bbox 1261 2363 1369 2422; x_wconf 88' lang='lat' dir='ltr'>mente</span> <span class='ocrx_word' id='word_1_99' title='bbox 1391 2361 1504 2443; x_wconf 88' lang='lat' dir='ltr'>recepi.</span> 
     </span>
     <span class='ocr_line' id='line_1_17' title="bbox 439 2460 1632 2547; baseline 0.003 -21"><span class='ocrx_word' id='word_1_100' title='bbox 439 2462 604 2546; x_wconf 89' lang='lat' dir='ltr'>Repetitio</span> <span class='ocrx_word' id='word_1_101' title='bbox 626 2464 706 2526; x_wconf 87' lang='lat' dir='ltr'>ista:</span> <span class='ocrx_word' id='word_1_102' title='bbox 730 2484 810 2525; x_wconf 80' lang='lat' dir='ltr'>mear</span> <span class='ocrx_word' id='word_1_103' title='bbox 910 2468 1004 2525; x_wconf 73' lang='lat' dir='ltr'>meere</span> <span class='ocrx_word' id='word_1_104' title='bbox 1027 2467 1083 2525; x_wconf 88' lang='lat' dir='ltr'>ant</span> <span class='ocrx_word' id='word_1_105' title='bbox 1106 2460 1184 2526; x_wconf 92' lang='lat' dir='ltr'>mali</span> <span class='ocrx_word' id='word_1_106' title='bbox 1207 2469 1257 2527; x_wconf 86' lang='lat' dir='ltr'>est</span> <span class='ocrx_word' id='word_1_107' title='bbox 1280 2467 1390 2547; x_wconf 89' lang='lat' dir='ltr'>poetae</span> <span class='ocrx_word' id='word_1_108' title='bbox 1413 2470 1470 2528; x_wconf 91' lang='lat' dir='ltr'>aut</span> <span class='ocrx_word' id='word_1_109' title='bbox 1493 2466 1632 2530; x_wconf 89' lang='lat' dir='ltr'>nimium</span> 
     </span>
     <span class='ocr_line' id='line_1_18' title="bbox 438 2569 630 2633; baseline 0 -1"><span class='ocrx_word' id='word_1_110' title='bbox 438 2569 630 2633; x_wconf 84' lang='lat' dir='ltr'>festinantis.</span> 
     </span>
    </p>
   </div>
   <div class='ocr_carea' id='block_1_3' title="bbox 431 2778 1640 4241">
    <p class='ocr_par' dir='ltr' id='par_1_3' title="bbox 431 2778 1640 4241">
     <span class='ocr_line' id='line_1_19' title="bbox 488 2778 1577 2865; baseline 0 -19"><span class='ocrx_word' id='word_1_111' title='bbox 488 2781 573 2858; x_wconf 86' lang='lat' dir='ltr'>XIV,</span> <span class='ocrx_word' id='word_1_112' title='bbox 599 2782 629 2847; x_wconf 87' lang='lat'>8.</span> <span class='ocrx_word' id='word_1_113' title='bbox 665 2781 742 2846; x_wconf 90' lang='lat' dir='ltr'>Inde</span> <span class='ocrx_word' id='word_1_114' title='bbox 766 2802 864 2845; x_wconf 92' lang='lat' dir='ltr'>mann</span> <span class='ocrx_word' id='word_1_115' title='bbox 886 2800 1005 2865; x_wconf 89' lang='lat' dir='ltr'>magna</span> <span class='ocrx_word' id='word_1_116' title='bbox 1029 2778 1195 2865; x_wconf 77' lang='lat' dir='ltr'>Tyrrhena</span> <span class='ocrx_word' id='word_1_117' title='bbox 1217 2801 1274 2864; x_wconf 90' lang='lat' dir='ltr'>per</span> <span class='ocrx_word' id='word_1_118' title='bbox 1297 2784 1433 2865; x_wconf 90' lang='lat' dir='ltr'>aequora</span> <span class='ocrx_word' id='word_1_119' title='bbox 1455 2788 1577 2846; x_wconf 84' lang='lat' dir='ltr'>vectus.</span> 
     </span>
     <span class='ocr_line' id='line_1_20' title="bbox 488 2885 1634 2971; baseline -0.001 -19"><span class='ocrx_word' id='word_1_120' title='bbox 488 2887 534 2953; x_wconf 89' lang='lat' dir='ltr'>De</span> <span class='ocrx_word' id='word_1_121' title='bbox 571 2888 650 2953; x_wconf 87' lang='lat' dir='ltr'>duce</span> <span class='ocrx_word' id='word_1_122' title='bbox 688 2886 797 2971; x_wconf 90' lang='lat' dir='ltr'>aliquo</span> <span class='ocrx_word' id='word_1_123' title='bbox 828 2886 880 2949; x_wconf 88' lang='lat' dir='ltr'>bic</span> <span class='ocrx_word' id='word_1_124' title='bbox 914 2887 968 2971; x_wconf 91' lang='lat' dir='ltr'>agi</span> <span class='ocrx_word' id='word_1_125' title='bbox 998 2891 1109 2969; x_wconf 88' lang='lat' dir='ltr'>putee,</span> <span class='ocrx_word' id='word_1_126' title='bbox 1141 2887 1197 2970; x_wconf 91' lang='lat' dir='ltr'>qui</span> <span class='ocrx_word' id='word_1_127' title='bbox 1229 2905 1347 2970; x_wconf 91' lang='lat' dir='ltr'>magna</span> <span class='ocrx_word' id='word_1_128' title='bbox 1378 2885 1477 2951; x_wconf 86' lang='lat' dir='ltr'>classe</span> <span class='ocrx_word' id='word_1_129' title='bbox 1507 2889 1542 2950; x_wconf 93' lang='lat' dir='ltr'>in</span> <span class='ocrx_word' id='word_1_130' title='bbox 1573 2893 1634 2952; x_wconf 90' lang='lat' dir='ltr'>ter·</span> 
     </span>
     <span class='ocr_line' id='line_1_21' title="bbox 433 2991 1629 3078; baseline 0 -19"><span class='ocrx_word' id='word_1_131' title='bbox 433 3016 507 3059; x_wconf 91' lang='lat' dir='ltr'>ram</span> <span class='ocrx_word' id='word_1_132' title='bbox 531 2993 685 3059; x_wconf 87' lang='lat' dir='ltr'>hostilem</span> <span class='ocrx_word' id='word_1_133' title='bbox 707 2992 944 3078; x_wconf 85' lang='lat' dir='ltr'>expeditionem</span> <span class='ocrx_word' id='word_1_134' title='bbox 968 2992 1073 3056; x_wconf 86' lang='lat' dir='ltr'>faciat.</span> <span class='ocrx_word' id='word_1_135' title='bbox 1105 2993 1149 3055; x_wconf 86' lang='lat' dir='ltr'>At</span> <span class='ocrx_word' id='word_1_136' title='bbox 1172 3012 1277 3057; x_wconf 91' lang='lat' dir='ltr'>sermo</span> <span class='ocrx_word' id='word_1_137' title='bbox 1300 2999 1348 3056; x_wconf 91' lang='lat' dir='ltr'>est</span> <span class='ocrx_word' id='word_1_138' title='bbox 1443 2992 1480 3057; x_wconf 90' lang='lat' dir='ltr'>de</span> <span class='ocrx_word' id='word_1_139' title='bbox 1504 2991 1629 3059; x_wconf 84' lang='lat' dir='ltr'>Glauco</span> 
     </span>
     <span class='ocr_line' id='line_1_22' title="bbox 436 3096 584 3165; baseline -0.02 0"><span class='ocrx_word' id='word_1_140' title='bbox 436 3096 584 3165; x_wconf 81' lang='lat' dir='ltr'>natante!</span> 
     </span>
     <span class='ocr_line' id='line_1_23' title="bbox 483 3199 1633 3288; baseline 0.003 -21"><span class='ocrx_word' id='word_1_141' title='bbox 483 3204 635 3269; x_wconf 86' lang='lat' dir='ltr'>Versibus</span> <span class='ocrx_word' id='word_1_142' title='bbox 668 3202 708 3267; x_wconf 85' lang='grc'>15</span> <span class='ocrx_word' id='word_1_143' title='bbox 741 3209 774 3268; x_wconf 87' lang='grc'>61</span> <span class='ocrx_word' id='word_1_144' title='bbox 805 3202 846 3267; x_wconf 82' lang='grc'>21</span> <span class='ocrx_word' id='word_1_145' title='bbox 880 3202 942 3267; x_wconf 87' lang='lat' dir='ltr'>duo</span> <span class='ocrx_word' id='word_1_146' title='bbox 974 3202 1129 3288; x_wconf 83' lang='lat' dir='ltr'>leguntur</span> <span class='ocrx_word' id='word_1_147' title='bbox 1160 3199 1252 3278; x_wconf 73' lang='grc' dir='ltr'>ἅπαξ</span> <span class='ocrx_word' id='word_1_148' title='bbox 1283 3202 1441 3279; x_wconf 73' lang='grc' dir='ltr'>λεγόμεναι</span> <span class='ocrx_word' id='word_1_149' title='bbox 1472 3206 1505 3267; x_wconf 91' lang='lat' dir='ltr'>in</span> <span class='ocrx_word' id='word_1_150' title='bbox 1530 3204 1633 3270; x_wconf 82' lang='lat' dir='ltr'>Meta·</span> 
     </span>
     <span class='ocr_line' id='line_1_24' title="bbox 433 3307 1640 3395; baseline -0.004 -19"><span class='ocrx_word' id='word_1_151' title='bbox 433 3310 668 3395; x_wconf 87' lang='lat' dir='ltr'>morphosesin,</span> <span class='ocrx_word' id='word_1_152' title='bbox 694 3329 792 3393; x_wconf 92' lang='lat' dir='ltr'>eaque</span> <span class='ocrx_word' id='word_1_153' title='bbox 817 3310 952 3372; x_wconf 90' lang='lat' dir='ltr'>minime</span> <span class='ocrx_word' id='word_1_154' title='bbox 977 3314 1125 3373; x_wconf 88' lang='lat' dir='ltr'>venusta:</span> <span class='ocrx_word' id='word_1_155' title='bbox 1150 3307 1299 3389; x_wconf 67' lang='lat' dir='ltr'>cognitive</span> <span class='ocrx_word' id='word_1_156' title='bbox 1320 3314 1353 3372; x_wconf 92' lang='lat' dir='ltr'>et</span> <span class='ocrx_word' id='word_1_157' title='bbox 1376 3308 1585 3389; x_wconf 70' lang='lat' dir='ltr'>eapuqnccior.</span> <span class='ocrx_word' id='word_1_158' title='bbox 1638 3349 1640 3354; x_wconf 83' lang='lat'><em>.</em></span> 
     </span>
     <span class='ocr_line' id='line_1_25' title="bbox 486 3411 1631 3498; baseline -0.001 -17"><span class='ocrx_word' id='word_1_159' title='bbox 486 3416 528 3481; x_wconf 87' lang='grc'>36</span> <span class='ocrx_word' id='word_1_160' title='bbox 565 3414 734 3479; x_wconf 84' lang='lat' dir='ltr'>Auxilium</span> <span class='ocrx_word' id='word_1_161' title='bbox 759 3416 881 3498; x_wconf 86' lang='lat' dir='ltr'>petenti</span> <span class='ocrx_word' id='word_1_162' title='bbox 900 3411 1021 3480; x_wconf 82' lang='lat' dir='ltr'>Glauco</span> <span class='ocrx_word' id='word_1_163' title='bbox 1040 3434 1137 3477; x_wconf 92' lang='lat' dir='ltr'>sunm</span> <span class='ocrx_word' id='word_1_164' title='bbox 1155 3416 1225 3498; x_wconf 89' lang='lat' dir='ltr'>ipsa</span> <span class='ocrx_word' id='word_1_165' title='bbox 1243 3433 1384 3478; x_wconf 92' lang='lat' dir='ltr'>amorem</span> <span class='ocrx_word' id='word_1_166' title='bbox 1404 3414 1523 3479; x_wconf 86' lang='lat' dir='ltr'>fatetur</span> <span class='ocrx_word' id='word_1_167' title='bbox 1541 3413 1631 3481; x_wconf 78' lang='lat' dir='ltr'>Circe</span> 
     </span>
     <span class='ocr_line' id='line_1_26' title="bbox 434 3520 965 3607; baseline -0.011 -19"><span class='ocrx_word' id='word_1_168' title='bbox 434 3543 577 3607; x_wconf 89' lang='lat' dir='ltr'>eumque</span> <span class='ocrx_word' id='word_1_169' title='bbox 601 3521 651 3586; x_wconf 87' lang='lat' dir='ltr'>hie</span> <span class='ocrx_word' id='word_1_170' title='bbox 675 3521 781 3585; x_wconf 87' lang='lat' dir='ltr'>verbis</span> <span class='ocrx_word' id='word_1_171' title='bbox 805 3520 965 3584; x_wconf 89' lang='lat' dir='ltr'>obsecrat:</span> 
     </span>
     <span class='ocr_line' id='line_1_27' title="bbox 619 3623 1481 3711; baseline -0.002 -20"><span class='ocrx_word' id='word_1_172' title='bbox 619 3627 667 3691; x_wconf 81' lang='lat' dir='ltr'>En</span> <span class='ocrx_word' id='word_1_173' title='bbox 691 3646 769 3711; x_wconf 92' lang='lat' dir='ltr'>ego,</span> <span class='ocrx_word' id='word_1_174' title='bbox 794 3647 870 3689; x_wconf 92' lang='lat' dir='ltr'>cum</span> <span class='ocrx_word' id='word_1_175' title='bbox 893 3625 951 3690; x_wconf 86' lang='lat' dir='ltr'>dea</span> <span class='ocrx_word' id='word_1_176' title='bbox 973 3627 1054 3701; x_wconf 90' lang='lat' dir='ltr'>sim,</span> <span class='ocrx_word' id='word_1_177' title='bbox 1077 3623 1173 3688; x_wconf 89' lang='lat' dir='ltr'>nitidi</span> <span class='ocrx_word' id='word_1_178' title='bbox 1197 3644 1272 3689; x_wconf 92' lang='lat' dir='ltr'>cum</span> <span class='ocrx_word' id='word_1_179' title='bbox 1297 3623 1363 3688; x_wconf 87' lang='lat' dir='ltr'>filia</span> <span class='ocrx_word' id='word_1_180' title='bbox 1387 3623 1481 3702; x_wconf 92' lang='lat' dir='ltr'>solis,</span> 
     </span>
     <span class='ocr_line' id='line_1_28' title="bbox 618 3732 1628 3817; baseline -0.001 -18"><span class='ocrx_word' id='word_1_181' title='bbox 618 3732 768 3799; x_wconf 81' lang='lat' dir='ltr'>Carmine</span> <span class='ocrx_word' id='word_1_182' title='bbox 788 3753 863 3797; x_wconf 91' lang='lat' dir='ltr'>cum</span> <span class='ocrx_word' id='word_1_183' title='bbox 883 3738 1021 3808; x_wconf 86' lang='lat' dir='ltr'>tantum,</span> <span class='ocrx_word' id='word_1_184' title='bbox 1042 3736 1170 3796; x_wconf 86' lang='lat' dir='ltr'>tantum</span> <span class='ocrx_word' id='word_1_185' title='bbox 1190 3752 1316 3816; x_wconf 90' lang='lat' dir='ltr'>quoque</span> <span class='ocrx_word' id='word_1_186' title='bbox 1334 3734 1480 3816; x_wconf 90' lang='lat' dir='ltr'>gramine</span> <span class='ocrx_word' id='word_1_187' title='bbox 1497 3736 1628 3817; x_wconf 92' lang='lat' dir='ltr'>possim,</span> 
     </span>
     <span class='ocr_line' id='line_1_29' title="bbox 619 3835 1629 3923; baseline 0 -20"><span class='ocrx_word' id='word_1_188' title='bbox 619 3838 664 3903; x_wconf 93' lang='lat' dir='ltr'>Ut</span> <span class='ocrx_word' id='word_1_189' title='bbox 687 3846 744 3903; x_wconf 90' lang='lat' dir='ltr'>tua</span> <span class='ocrx_word' id='word_1_190' title='bbox 767 3840 829 3901; x_wconf 91' lang='lat' dir='ltr'>sim</span> <span class='ocrx_word' id='word_1_191' title='bbox 854 3858 966 3902; x_wconf 83' lang='lat' dir='ltr'>voveo.</span> <span class='ocrx_word' id='word_1_192' title='bbox 1000 3836 1209 3921; x_wconf 69' lang='lat' dir='ltr'>spernentem</span> <span class='ocrx_word' id='word_1_193' title='bbox 1233 3843 1289 3914; x_wconf 90' lang='lat' dir='ltr'>(sc.</span> <span class='ocrx_word' id='word_1_194' title='bbox 1316 3835 1474 3923; x_wconf 80' lang='lat' dir='ltr'>Scyllam)</span> <span class='ocrx_word' id='word_1_195' title='bbox 1497 3859 1629 3923; x_wconf 88' lang='lat' dir='ltr'>sperne,</span> 
     </span>
     <span class='ocr_line' id='line_1_30' title="bbox 618 3943 1630 4029; baseline 0.002 -22"><span class='ocrx_word' id='word_1_196' title='bbox 618 3943 725 4008; x_wconf 88' lang='lat' dir='ltr'>Redde</span> <span class='ocrx_word' id='word_1_197' title='bbox 750 3946 850 4020; x_wconf 85' lang='lat' dir='ltr'>vices,</span> <span class='ocrx_word' id='word_1_198' title='bbox 875 3965 988 4027; x_wconf 77' lang='lat' dir='ltr'>unoque</span> <span class='ocrx_word' id='word_1_199' title='bbox 1011 3943 1086 4005; x_wconf 81' lang='lat' dir='ltr'>dune</span> <span class='ocrx_word' id='word_1_200' title='bbox 1109 3943 1253 4005; x_wconf 76' lang='lat' dir='ltr'>ulciscere</span> <span class='ocrx_word' id='word_1_201' title='bbox 1269 3943 1371 4029; x_wconf 82' lang='lat' dir='ltr'>facto.</span> <span class='ocrx_word' id='word_1_202' title='bbox 1470 3946 1630 4029; x_wconf 85' lang='lat' dir='ltr'>[sequenti</span> 
     </span>
     <span class='ocr_line' id='line_1_31' title="bbox 431 4047 1483 4134; baseline -0.001 -20"><span class='ocrx_word' id='word_1_203' title='bbox 431 4050 568 4114; x_wconf 89' lang='lat' dir='ltr'>Ultimis</span> <span class='ocrx_word' id='word_1_204' title='bbox 595 4048 756 4115; x_wconf 82' lang='lat' dir='ltr'>vocabulis</span> <span class='ocrx_word' id='word_1_205' title='bbox 781 4048 859 4134; x_wconf 91' lang='lat' dir='ltr'>quid</span> <span class='ocrx_word' id='word_1_206' title='bbox 883 4050 943 4113; x_wconf 87' lang='lat' dir='ltr'>sibi</span> <span class='ocrx_word' id='word_1_207' title='bbox 967 4048 1046 4113; x_wconf 86' lang='lat' dir='ltr'>velit</span> <span class='ocrx_word' id='word_1_208' title='bbox 1068 4055 1162 4132; x_wconf 90' lang='lat' dir='ltr'>poeta</span> <span class='ocrx_word' id='word_1_209' title='bbox 1186 4070 1248 4113; x_wconf 94' lang='lat' dir='ltr'>non</span> <span class='ocrx_word' id='word_1_210' title='bbox 1272 4047 1364 4113; x_wconf 85' lang='grc'><strong>166116</strong></span> <span class='ocrx_word' id='word_1_211' title='bbox 1388 4047 1483 4114; x_wconf 87' lang='lat' dir='ltr'>dicas.</span> 
     </span>
     <span class='ocr_line' id='line_1_32' title="bbox 482 4151 1639 4241; baseline 0.003 -23"><span class='ocrx_word' id='word_1_212' title='bbox 482 4154 524 4219; x_wconf 82' lang='lat'>56</span> <span class='ocrx_word' id='word_1_213' title='bbox 561 4156 641 4220; x_wconf 87' lang='lat' dir='ltr'>Prae</span> <span class='ocrx_word' id='word_1_214' title='bbox 664 4153 773 4241; x_wconf 86' lang='lat' dir='ltr'>Scylla</span> <span class='ocrx_word' id='word_1_215' title='bbox 795 4161 901 4239; x_wconf 90' lang='lat' dir='ltr'>spreta</span> <span class='ocrx_word' id='word_1_216' title='bbox 925 4151 1015 4220; x_wconf 87' lang='lat' dir='ltr'>Oirce</span> <span class='ocrx_word' id='word_1_217' title='bbox 1039 4174 1155 4239; x_wconf 91' lang='lat' dir='ltr'>poenas</span> <span class='ocrx_word' id='word_1_218' title='bbox 1178 4153 1218 4217; x_wconf 89' lang='lat' dir='ltr'>ab</span> <span class='ocrx_word' id='word_1_219' title='bbox 1241 4174 1278 4218; x_wconf 92' lang='grc'>66</span> <span class='ocrx_word' id='word_1_220' title='bbox 1301 4175 1428 4219; x_wconf 88' lang='lat' dir='ltr'>sumere</span> <span class='ocrx_word' id='word_1_221' title='bbox 1448 4159 1577 4233; x_wconf 87' lang='lat' dir='ltr'>statuit,</span> <span class='ocrx_word' id='word_1_222' title='bbox 1599 4163 1639 4221; x_wconf 81' lang='lat' dir='ltr'>et·</span> 
     </span>
    </p>
   </div>
   <div class='ocr_carea' id='block_1_4' title="bbox 429 4257 1630 4877">
    <p class='ocr_par' dir='ltr' id='par_1_4' title="bbox 429 4257 1630 4877">
     <span class='ocr_line' id='line_1_33' title="bbox 431 4257 1439 4347; baseline 0.002 -24"><span class='ocrx_word' id='word_1_223' title='bbox 431 4264 619 4347; x_wconf 80' lang='lat' dir='ltr'>gurgitem,</span> <span class='ocrx_word' id='word_1_224' title='bbox 644 4262 678 4324; x_wconf 88' lang='lat' dir='ltr'>in</span> <span class='ocrx_word' id='word_1_225' title='bbox 703 4281 766 4345; x_wconf 92' lang='lat' dir='ltr'>quo</span> <span class='ocrx_word' id='word_1_226' title='bbox 789 4280 822 4325; x_wconf 88' lang='lat' dir='ltr'>se</span> <span class='ocrx_word' id='word_1_227' title='bbox 845 4259 975 4324; x_wconf 87' lang='lat' dir='ltr'>ardente</span> <span class='ocrx_word' id='word_1_228' title='bbox 999 4259 1064 4325; x_wconf 94' lang='lat' dir='ltr'>sole</span> <span class='ocrx_word' id='word_1_229' title='bbox 1087 4258 1215 4324; x_wconf 85' lang='lat' dir='ltr'>reficere</span> <span class='ocrx_word' id='word_1_230' title='bbox 1237 4257 1294 4323; x_wconf 92' lang='lat' dir='ltr'>illa</span> <span class='ocrx_word' id='word_1_231' title='bbox 1318 4259 1439 4325; x_wconf 87' lang='lat' dir='ltr'>solebat</span> 
     </span>
     <span class='ocr_line' id='line_1_34' title="bbox 617 4364 1384 4451; baseline 0 -21"><span class='ocrx_word' id='word_1_232' title='bbox 617 4364 785 4451; x_wconf 87' lang='lat' dir='ltr'>Inquinat,</span> <span class='ocrx_word' id='word_1_233' title='bbox 811 4366 864 4430; x_wconf 90' lang='lat' dir='ltr'>hic</span> <span class='ocrx_word' id='word_1_234' title='bbox 887 4364 974 4430; x_wconf 85' lang='lat' dir='ltr'>fusos</span> <span class='ocrx_word' id='word_1_235' title='bbox 998 4365 1108 4429; x_wconf 90' lang='lat' dir='ltr'>latices</span> <span class='ocrx_word' id='word_1_236' title='bbox 1131 4364 1236 4429; x_wconf 91' lang='lat' dir='ltr'>radice</span> <span class='ocrx_word' id='word_1_237' title='bbox 1257 4368 1384 4430; x_wconf 89' lang='lat' dir='ltr'>nocenti</span> 
     </span>
     <span class='ocr_line' id='line_1_35' title="bbox 617 4471 760 4557; baseline 0 -22"><span class='ocrx_word' id='word_1_238' title='bbox 617 4471 760 4557; x_wconf 79' lang='lat' dir='ltr'>Spargit.</span> 
     </span>
     <span class='ocr_line' id='line_1_36' title="bbox 429 4577 1552 4662; baseline -0.001 -19"><span class='ocrx_word' id='word_1_239' title='bbox 429 4577 458 4643; x_wconf 82' lang='lat' dir='ltr'>Il</span> <span class='ocrx_word' id='word_1_240' title='bbox 482 4578 588 4643; x_wconf 81' lang='lat' dir='ltr'>verbis</span> <span class='ocrx_word' id='word_1_241' title='bbox 611 4580 718 4648; x_wconf 85' lang='lat' dir='ltr'>citatis</span> <span class='ocrx_word' id='word_1_242' title='bbox 741 4577 890 4662; x_wconf 92' lang='lat' dir='ltr'>equidem</span> <span class='ocrx_word' id='word_1_243' title='bbox 914 4581 998 4641; x_wconf 90' lang='lat' dir='ltr'>certe</span> <span class='ocrx_word' id='word_1_244' title='bbox 1022 4580 1135 4660; x_wconf 88' lang='lat' dir='ltr'>poetae</span> <span class='ocrx_word' id='word_1_245' title='bbox 1158 4581 1300 4641; x_wconf 90' lang='lat' dir='ltr'>mentem</span> <span class='ocrx_word' id='word_1_246' title='bbox 1325 4598 1386 4641; x_wconf 94' lang='lat' dir='ltr'>non</span> <span class='ocrx_word' id='word_1_247' title='bbox 1410 4578 1552 4643; x_wconf 84' lang='lat' dir='ltr'>extrahe.</span> 
     </span>
     <span class='ocr_line' id='line_1_37' title="bbox 479 4679 1630 4772; baseline 0.003 -25"><span class='ocrx_word' id='word_1_248' title='bbox 479 4682 522 4747; x_wconf 83' lang='grc'>64</span> <span class='ocrx_word' id='word_1_249' title='bbox 556 4682 593 4747; x_wconf 92' lang='lat' dir='ltr'>ln</span> <span class='ocrx_word' id='word_1_250' title='bbox 624 4682 721 4747; x_wconf 90' lang='lat' dir='ltr'>illum</span> <span class='ocrx_word' id='word_1_251' title='bbox 754 4703 831 4767; x_wconf 89' lang='lat' dir='ltr'>ergo</span> <span class='ocrx_word' id='word_1_252' title='bbox 855 4684 1032 4769; x_wconf 87' lang='lat' dir='ltr'>gurgitem,</span> <span class='ocrx_word' id='word_1_253' title='bbox 1058 4703 1076 4747; x_wconf 91' lang='lat' dir='ltr'>a</span> <span class='ocrx_word' id='word_1_254' title='bbox 1100 4679 1192 4748; x_wconf 85' lang='lat' dir='ltr'>Oirca</span> <span class='ocrx_word' id='word_1_255' title='bbox 1214 4682 1373 4748; x_wconf 84' lang='lat' dir='ltr'>iniectum</span> <span class='ocrx_word' id='word_1_256' title='bbox 1396 4683 1504 4748; x_wconf 91' lang='lat' dir='ltr'>herbis</span> <span class='ocrx_word' id='word_1_257' title='bbox 1527 4688 1630 4772; x_wconf 91' lang='lat' dir='ltr'>magi·</span> 
     </span>
     <span class='ocr_line' id='line_1_38' title="bbox 430 4787 1508 4877; baseline 0 -22"><span class='ocrx_word' id='word_1_258' title='bbox 430 4791 496 4868; x_wconf 90' lang='lat' dir='ltr'>cis,</span> <span class='ocrx_word' id='word_1_259' title='bbox 520 4787 630 4876; x_wconf 82' lang='lat' dir='ltr'>Scylla</span> <span class='ocrx_word' id='word_1_260' title='bbox 652 4787 833 4865; x_wconf 89' lang='lat' dir='ltr'>descendit,</span> <span class='ocrx_word' id='word_1_261' title='bbox 857 4809 1032 4854; x_wconf 91' lang='lat' dir='ltr'>accrescere</span> <span class='ocrx_word' id='word_1_262' title='bbox 1057 4788 1119 4854; x_wconf 93' lang='lat' dir='ltr'>sibi</span> <span class='ocrx_word' id='word_1_263' title='bbox 1143 4791 1242 4853; x_wconf 90' lang='lat' dir='ltr'>sentit</span> <span class='ocrx_word' id='word_1_264' title='bbox 1264 4810 1379 4855; x_wconf 88' lang='lat' dir='ltr'>canum</span> <span class='ocrx_word' id='word_1_265' title='bbox 1404 4792 1508 4877; x_wconf 87' lang='lat' dir='ltr'>capite</span> 
     </span>
    </p>
   </div>
   <div class='ocr_carea' id='block_1_5' title="bbox 0 0 2268 5943">
    <p class='ocr_par' dir='ltr' id='par_1_5' title="bbox 0 0 2268 5943">
     <span class='ocr_line' id='line_1_39' title="bbox 0 0 2268 5943; baseline 0 0"><span class='ocrx_word' id='word_1_266' title='bbox 0 0 2268 5943; x_wconf 95' lang='lat' dir='ltr'> </span> 
     </span>
    </p>
   </div>
  </div>
 </body>
</html>
