4525 5950
536 689 599 755 160
868 704 910 752 or
934 702 1081 751 morico
1103 701 1187 750 troo
1210 700 1376 749 romanu.

533 873 668 949 ἀγκῶνος
699 870 752 946 'tiri
785 869 905 949 τείχεος
938 870 1082 948 ὑψηλοῖο,
1118 867 1201 953 quod
1233 845 1366 932 fidenter
1395 885 1491 952 neges
1522 885 1599 930 eum
1633 868 1723 929 scuto

534 977 628 1044 talari
650 984 802 1042 onustum
822 976 921 1042 facere
940 979 1092 1061 potuisse.
1116 974 1201 1040 Tum
1226 985 1252 1038 Δ
1268 973 1333 1039 282
1358 972 1441 1037 Η62
1465 971 1638 1038 considunt
1662 971 1725 1034 ori·

534 1108 591 1167 χες
627 1083 739 1147 πυκνοὶ
776 1084 885 1148 dorici
919 1084 969 1147 aei
1004 1083 1156 1161 κορύθεσσι
1189 1082 1240 1146 νυοὶ
1274 1081 1386 1160 ἔγχεον
1410 1086 1612 1160 πεφρικυῖαι,
1639 1077 1725 1143 unde

535 1197 665 1279 apparet
694 1198 830 1256 arrectas
853 1193 953 1256 teneri
986 1190 1042 1261 τοὶς
1066 1191 1220 1266 donitas,
1244 1188 1337 1254 ahter
1360 1208 1456 1274 quam
1481 1185 1571 1266 Γ89,
1598 1185 1658 1251 ubi
1681 1184 1727 1249 di-

535 1305 650 1364 cuntur
684 1296 813 1363 'I'roiani
848 1318 1020 1382 omnesque
1055 1297 1172 1362 Achivi
1207 1298 1326 1376 οεύχεοι
1361 1293 1432 1359 κάλ’
1469 1292 1640 1358 ἀποθέσθαι
1674 1291 1725 1356 ἐπὶ

535 1404 619 1485 χθονὶ
650 1411 682 1470 et
716 1403 790 1482 195,
822 1405 877 1470 ubi
908 1403 1013 1469 Ulixis
1044 1405 1163 1483 τεύχεα
1195 1411 1295 1467 νοεῖτον
1325 1403 1373 1466 ἐπὶ
1398 1401 1481 1483 χθονὶ
1506 1400 1727 1477 πολυβοτείρῃ.

535 1511 634 1577 Porro
658 1509 775 1589 6193,
799 1510 856 1575 ubi
879 1509 1020 1598 legimus
1043 1510 1162 1574 οὶοπίδοο
1187 1508 1356 1590 Νεστορέην
1377 1511 1483 1572 ποῖοοιν
1494 1509 1646 1585 χρυσείην
1658 1504 1729 1581 ἔμε-

537 1642 584 1683 νυν
616 1616 744 1688 κανόνος
777 1641 811 1680 τε
844 1617 894 1680 aa}
926 1619 1034 1693 atrata,
1068 1619 1176 1702 potius
1203 1621 1241 1681 ut
1264 1615 1302 1681 de
1326 1614 1425 1700 clipeo
1449 1634 1546 1699 quam
1570 1613 1612 1678 de
1636 1619 1729 1678 scuto

536 1726 716 1809 cogitemus
745 1722 857 1788 suadet
886 1729 919 1788 et
948 1726 1055 1808 ipsum
1086 1744 1203 1788 aurum
1233 1744 1272 1787 er
1301 1744 1363 1807 quo
1395 1722 1573 1787 confectum
1601 1727 1671 1799 est,
1698 1727 1731 1786 et

536 1830 620 1917 quod
644 1835 914 1896 commemoratur
938 1851 1097 1895 unacum
1121 1830 1284 1896 Diomedis
1310 1831 1436 1895 thorace
1455 1849 1473 1892 a
1492 1826 1640 1893 Vulcano
1660 1848 1732 1893 cou-

536 1937 628 2003 secto.
661 1936 745 2002 Tum
776 1937 887 2003 K152
918 1937 1082 2003 Diomedis
1113 1941 1244 2003 comites
1275 1932 1357 2000 εὗδον
1390 1937 1447 2001 ὑπὸ
1471 1936 1577 2012 κρασὶν
1604 1933 1631 1998 δ’
1656 1933 1731 2015 ἕχον

537 2044 692 2120 sarteas,
723 2046 831 2108 minus
866 2050 976 2109 autem
1010 2044 1160 2112 idoneum
1192 2045 1289 2109 fuisse
1320 2065 1382 2129 quo
1412 2046 1484 2128 quis
1508 2063 1564 2127 pro
1590 2040 1732 2126 pulvino

537 2156 682 2214 uteretur
712 2156 840 2215 scutum
871 2171 967 2235 quam
998 2149 1138 2236 clipeum
1170 2151 1308 2215 ostendit
1340 2146 1519 2226 Reiche11).
1556 2148 1732 2213 Postremo

537 2256 624 2321 idem
644 2255 912 2337 demonstravit²)
935 2257 1009 2322 inde
1032 2256 1115 2343 quod
1140 2256 1251 2322 Ulixes
1274 2255 1406 2343 colliget
1429 2277 1526 2341 equos
1551 2254 1674 2330 K499,
1699 2259 1733 2321 in

539 2384 617 2448 quos
639 2365 707 2448 ipse
731 2369 764 2428 et
787 2361 957 2429 Diomedes
980 2367 1140 2456 ascensuri
1163 2367 1237 2442 sint,
1257 2371 1289 2429 et
1309 2362 1395 2428 solus
1415 2383 1466 2428 eos
1482 2366 1575 2448 regat
1587 2383 1639 2428 rs.
1654 2361 1733 2440 513,

540 2468 616 2544 527,
641 2468 756 2549 530⁴),
788 2472 877 2554 sequi
907 2476 946 2533 ut
976 2475 1069 2555 poeta
1099 2470 1277 2557 significare
1310 2468 1447 2535 voluerit
1478 2468 1668 2544 ἱπποβάτην
1701 2479 1731 2535 et

539 2576 758 2654 ἱπποτρόφον,
782 2574 892 2660 quales
914 2579 947 2641 in
968 2580 1052 2642 vasis
1073 2575 1248 2643 Corinthiis
1267 2576 1386 2642 saeculi
1404 2578 1534 2660 septimi
1553 2597 1583 2641 s.
1607 2574 1687 2643 Chr.
1700 2601 1730 2641 n.

540 2681 763 2767 depingantur,
789 2680 976 2747 Diomedem
999 2691 1126 2760 autem,
1152 2704 1226 2748 cum
1249 2681 1470 2769 hippostrophi
1492 2688 1603 2767 partes
1625 2690 1732 2748 sumat

539 2786 665 2866 Ulixes,
692 2788 818 2853 thorace
842 2794 937 2855 aeneo
960 2797 992 2855 et
1015 2788 1116 2874 clipeo
1140 2797 1300 2856 armatum
1324 2790 1432 2854 fuisse.

584 2893 780 2981 Neutiquam
800 2901 909 2960 autem
929 2898 979 2961 his
999 2894 1077 2962 locis
1097 2898 1260 2984 probatur,
1280 2918 1355 2962 eum
1374 2900 1429 2983 qui
1442 2894 1544 2983 clipeo
1557 2896 1730 2963 scutulore

541 3006 663 3067 minore
695 3009 838 3067 armatus
868 3010 1061 3089 proponatur
1092 3011 1276 3090 propterea,
1308 3007 1370 3069 nisi
1394 3002 1456 3069 alia
1480 3004 1654 3082 accedant,
1680 3005 1731 3069 fm

541 3108 683 3194 gendum
710 3130 777 3174 esse
800 3109 952 3174 indutum
977 3111 1105 3176 thorace
1129 3116 1235 3176 aeneo.
1259 3110 1366 3196 anue
1389 3132 1438 3176 res
1459 3113 1599 3175 immota
1625 3119 1730 3177 manet

542 3218 668 3281 etiamsi
701 3216 831 3281 fortasse
863 3220 896 3281 in
928 3218 1134 3302 sequentibus
1166 3217 1342 3283 verisimile
1365 3239 1431 3282 esse
1455 3225 1608 3303 appareat
1622 3218 1659 3298 ⁴),
1684 3240 1731 3283 er·

543 3328 645 3387 trema
676 3322 850 3408 Mycenaea
880 3330 999 3399 aetate,
1032 3345 1112 3409 quae
1143 3331 1192 3389 est
1222 3324 1332 3390 eadem
1362 3332 1456 3410 atque
1480 3346 1637 3390 vasorum
1660 3346 1731 3411 geo

542 3432 766 3507 metricorum,
799 3434 833 3494 in
866 3433 957 3496 cuius
987 3434 1204 3497 monumentis
1227 3432 1368 3497 vidimus
1392 3432 1531 3517 depictas
1555 3453 1627 3498 esse
1653 3436 1731 3498 ima-

542 3539 634 3623 gines
664 3536 809 3601 militum
839 3536 949 3622 clipeis
976 3547 1007 3602 et
1031 3537 1165 3603 scutulis
1189 3540 1366 3604 minoribus
1390 3544 1610 3617 armatorum,
1636 3561 1730 3604 usum

544 3644 681 3708 thoracis
705 3646 792 3708 aenei
817 3640 946 3709 Graecis
969 3666 1032 3709 non
1055 3648 1206 3731 ignotum
1229 3645 1336 3710 fuisse.
1363 3645 1452 3725 Quod
1477 3667 1539 3711 non
1562 3655 1731 3732 propterea

544 3772 669 3815 sumere
704 3751 921 3835 prohibemur,
956 3751 1040 3837 quod
1070 3756 1104 3816 in
1135 3751 1201 3816 illis
1233 3755 1448 3818 monumentis
1480 3753 1622 3817 thoracis
1646 3757 1732 3820 aenei

545 3859 720 3943 vestigium
753 3856 880 3923 nullum
912 3865 1066 3924 cernatur.
1105 3858 1189 3925 Nam
1227 3859 1307 3925 alias
1343 3881 1381 3924 ex
1415 3857 1481 3924 illis
1515 3861 1731 3947 imaginibus,

546 3984 626 4049 quae
663 3964 845 4030 thoracibus
884 3969 987 4031 aeneis
1030 3973 1155 4043 carent,
1203 3966 1371 4031 manifesto
1415 3973 1489 4030 sont
1528 3965 1680 4032 militum
1718 3987 1733 4030 e

546 4090 680 4134 numero
728 4092 790 4135 non
840 4071 958 4136 ducum
1001 4070 1053 4136 vel
1096 4074 1294 4157 principum,
1340 4071 1423 4136 unde
1470 4071 1628 4158 colligere
1673 4095 1734 4138 non

546 4174 623 4241 licet
657 4198 696 4241 ne
727 4179 885 4262 principes
924 4176 1053 4263 quidem
1093 4183 1169 4243 tunc
1213 4181 1365 4263 temporis
1400 4179 1581 4243 thoracatos
1617 4180 1733 4255 fuisse;

548 4282 629 4346 aliae
675 4288 783 4347 autem
831 4290 905 4347 sunt
949 4282 1094 4348 militum
1136 4284 1246 4370 clipeis
1298 4287 1365 4348 suis
1408 4284 1460 4349 vel
1503 4286 1644 4351 scutulis
1691 4290 1735 4350 ita

549 4393 706 4453 tectorum
748 4395 784 4453 ut
823 4388 1020 4475 distinguere
1058 4412 1120 4455 non
1158 4389 1270 4467 liceat,
1314 4397 1426 4455 utrum
1467 4391 1651 4457 thoracatos
1687 4414 1737 4457 eos

626 4773 647 4815 K
658 4768 705 4815 530
723 4768 793 4815 codex
812 4770 831 4814 Δ
850 4765 920 4814 hebet
937 4767 1034 4826 ἵππους,
1053 4768 1187 4832 complores
1204 4767 1260 4816 libri
1278 4784 1331 4818 mss.
1351 4764 1498 4825 Ὀδυσσεύς.

629 4848 698 4898 Infra
717 4850 785 4910 51⁶.
