4525 5950
532 659 597 726 394
1026 750 1029 757 Ι
1056 684 1197 734 remens.

532 846 758 924 destinavisse,
784 854 821 911 ut
844 852 915 933 post
939 850 1080 913 occisum
1104 870 1199 935 opera
1222 850 1347 916 Pisonis
1369 851 1526 918 Neronem
1552 853 1628 918 Piso
1647 873 1716 937 quo

531 973 592 1037 qne
614 953 853 1033 interficeretur,
879 954 1116 1040 tradereturque
1139 958 1312 1041 imperium
1337 956 1471 1024 Senecae
1578 958 1663 1038 Quin
1687 964 1717 1023 et

532 1061 629 1125 verba
659 1059 750 1125 Flavi
782 1060 999 1147 vulgabantur
1030 1082 1093 1126 non
1123 1062 1239 1128 referre
1270 1063 1429 1139 dedecori,
1461 1068 1488 1130 si
1517 1065 1716 1130 citharoedus

533 1169 758 1234 demoveretur
780 1172 813 1231 et
836 1167 1007 1253 tragoedus
1029 1167 1243 1234 succederet.”

578 1275 626 1339 Ad
657 1273 828 1341 lectionem
860 1274 1010 1339 traditam
1040 1276 1176 1340 dedecori
1206 1276 1433 1343 defendendam
1457 1277 1632 1344 afferuntur
1656 1279 1714 1343 duo

531 1383 611 1460 loci,
648 1382 686 1447 de
721 1382 837 1467 quibus
871 1388 974 1447 tacere
1004 1388 1161 1467 praestat:
1193 1382 1302 1447 Plauti
1333 1387 1420 1449 enim
1450 1390 1497 1449 eet
1521 1384 1614 1463 alter,
1638 1385 1714 1450 alter

534 1489 662 1554 Horatii
685 1509 796 1553 versus
819 1487 874 1553 ille
898 1490 1102 1553 notissimus:

1097 1594 1148 1660 dic
1172 1595 1249 1680 quid
1272 1596 1389 1662 referat
1410 1599 1495 1662 intra

737 1701 877 1766 Naturae
901 1700 973 1765 finis
996 1703 1138 1779 viventi,
1161 1704 1274 1788 iugera
1296 1709 1426 1768 centum
1450 1724 1489 1768 an

739 1805 833 1871 Mille
856 1804 944 1872 aret?

580 1915 617 1979 In
651 1935 712 1999 quo
742 1913 892 1999 praesidii
922 1912 1004 1978 nihil
1035 1934 1103 1979 esse
1134 1920 1281 2000 apparet:
1314 1916 1395 1979 tesso
1426 1918 1513 1981 enim
1543 1916 1590 1981 ibi
1615 1915 1719 1981 dativo

535 2021 730 2109 designatur.
763 2019 849 2105 llrgo
880 2019 1068 2105 plerumque
1097 2020 1224 2085 Heinsii
1255 2022 1405 2106 probatur
1427 2024 1628 2099 coniectura,
1652 2044 1720 2088 sane

535 2127 699 2193 lenissima
733 2127 902 2202 dedecore,
939 2129 1089 2210 qnoniam
1123 2129 1193 2211 ipse
1227 2127 1358 2192 Tacitus
1392 2128 1435 2194 H.
1470 2127 1496 2204 I,
1534 2128 1550 2192 I
1588 2128 1721 2194 dixerit:

538 2254 687 2317 „omnem
718 2233 895 2317 potentiam
927 2232 966 2296 ad
997 2254 1097 2296 unum
1129 2233 1264 2299 conferri
1297 2236 1380 2319 pacis
1410 2233 1591 2311 interfuit'’,
1617 2234 1722 2314 Quint.

537 2339 595 2415 IX,
620 2338 651 2417 4,
664 2337 725 2402 44:
752 2336 953 2423 „plurimum
973 2337 1070 2403 refert
1090 2339 1361 2423 compositionis'’,
1380 2338 1464 2404 Plin.
1484 2339 1543 2425 llp.
1558 2339 1645 2418 VIII,
1666 2340 1722 2404 22:

540 2447 705 2532 ,quisquis
735 2443 807 2518 ille,
841 2442 1087 2531 qualiscunque,
1118 2443 1261 2522 sileatur,
1286 2467 1381 2531 quem
1405 2449 1561 2532 insignire
1586 2445 1724 2532 exempli

537 2551 635 2629 nihil,
661 2572 723 2617 non
744 2554 899 2638 insignire
919 2552 1129 2616 humanitatis
1148 2551 1328 2636 plurimum
1347 2552 1464 2618 refert”
1480 2550 1515 2633 ¹).
1540 2551 1605 2618 Sed
1626 2553 1725 2617 tribus

538 2660 588 2724 his
608 2658 685 2724 locis
699 2681 785 2740 poe,
806 2658 991 2740 compositio,
1012 2659 1191 2741 exemplem,
1211 2660 1381 2723 humanitas
1402 2667 1567 2744 tamquam
1580 2661 1725 2725 homines

538 2767 730 2851 cogitantur,
762 2748 811 2841 et,
842 2763 926 2850 quod
956 2767 1106 2850 gravius,
1141 2767 1168 2829 si
1191 2765 1229 2829 ad
1252 2764 1384 2830 illorum
1409 2764 1598 2850 exemplum
1623 2772 1725 2831 noster

537 2871 626 2937 locus
656 2870 850 2947 emendetur,
883 2892 944 2936 uon
968 2871 1128 2949 dedecoris,
1154 2893 1266 2936 verum
1290 2873 1421 2949 decoris,
1446 2874 1488 2936 ait
1512 2873 1724 2938 scribendum.

539 2978 649 3043 Unum
671 2976 892 3043 tantummodo
916 2978 1067 3042 hactenus
1090 2976 1226 3042 allatum
1250 2978 1360 3055 video,
1385 2981 1441 3064 qui
1463 2978 1555 3064 plene
1575 2980 1640 3044 huc
1660 3001 1726 3045 con·

542 3086 665 3150 veniat:
691 3082 775 3149 Plin.
800 3082 919 3169 Paneg.
941 3082 1002 3148 40:
1029 3092 1086 3161 „tu
1106 3083 1189 3147 nihil
1208 3084 1323 3149 referre
1343 3086 1524 3169 iniquitatis
1543 3086 1725 3161 existimas,

539 3192 650 3278 erigas
673 3190 758 3274 quod
782 3190 888 3255 deberi
912 3210 972 3254 nou
996 3192 1190 3275 oportuerit,
1216 3212 1255 3254 an
1279 3193 1452 3256 constituae
1476 3197 1513 3255 nt
1533 3188 1726 3257 debeatur?”

538 3296 600 3363 Sed
624 3317 817 3383 quamquam
841 3297 972 3361 fortasse
996 3317 1015 3361 a
1038 3295 1159 3361 sedulis
1182 3297 1387 3361 venatoribus
1410 3299 1502 3382 pauci
1523 3298 1657 3382 quidam
1676 3296 1726 3362 alii

538 3424 555 3467 e
586 3401 718 3468 latebris
747 3403 984 3488 protrahentur,
1009 3401 1182 3467 admodum
1206 3402 1329 3469 insoliti
1353 3402 1474 3488 aliquid
1498 3402 1610 3469 'lecito
1633 3404 1727 3469 Heia·

537 3511 625 3574 siena
659 3508 786 3573 obtrudi
821 3512 1004 3573 coniectura
1037 3512 1114 3574 satis
1149 3517 1290 3594 apparet.
1327 3510 1395 3574 Iam
1427 3512 1620 3575 sententiam
1654 3511 1727 3575 dicti

539 3615 790 3680 consideremus:
820 3636 955 3700 „parum
980 3614 1097 3680 refert’'
1122 3614 1255 3693 <Flavus
1274 3618 1333 3695 eit)
1359 3623 1492 3693 „utrum
1509 3617 1726 3682 citharoedum

537 3743 577 3787 an
613 3722 803 3808 tragoedum
837 3724 1064 3808 imperatorem
1100 3721 1307 3786 habeamue.”
1344 3722 1431 3787 Num
1467 3722 1643 3808 quidquam
1680 3723 1727 3787 hic

539 3827 646 3894 deest?
678 3828 780 3894 Immo
811 3850 886 3894 vero
918 3828 1071 3913 ququuid
1097 3827 1273 3904 addideris,
1296 3827 1488 3914 languidum
1511 3828 1625 3894 reddes
1648 3827 1727 3915 quod

540 3957 610 4001 acre
634 3936 697 4000 fnit
720 3943 751 4000 et
777 3935 919 4001 mordax.
943 3932 990 4001 cf.
1017 3937 1054 3999 A.
1080 3934 1133 4011 VI,
1158 3934 1178 3999 2
1203 3934 1294 4014 (Post
1314 3940 1453 4000 mortem
1472 3933 1579 4000 Seiani
1600 3942 1633 4001 et
1652 3935 1728 4001 aliae

543 4043 727 4108 dicebantur
750 4044 789 4107 ab
814 4041 1031 4107 adulatoribus
1055 4041 1175 4106 Tiberii
1192 4044 1227 4105 in
1247 4048 1358 4106 senatu
1378 4043 1552 4106 sententiae
1573 4050 1607 4107 et
1626 4042 1728 4118 haeai:

545 4149 647 4226 ,hona
677 4148 785 4214 Seiani
815 4148 920 4213 ablata
942 4152 1062 4213 aerario
1086 4154 1124 4213 ut
1147 4151 1180 4211 in
1203 4147 1316 4213 fiscum
1339 4155 1538 4234 cogerentur,
1564 4155 1728 4234 mmqnam

544 4255 706 4321 referret.’'
727 4256 764 4319 A.
785 4254 843 4333 XI,
866 4253 925 4319 36:
947 4261 1080 4340 „sponte
1100 4276 1139 4319 an
1159 4260 1286 4319 coactus
1307 4261 1374 4318 tam
1386 4275 1505 4340 magna
1518 4258 1728 4339 peccavisset,

578 4564 604 4626 l)
626 4563 700 4612 'lotus
722 4562 788 4611 locns
810 4565 846 4612 est
863 4560 1038 4609 huiuscemodi:
1058 4563 1083 4607 ut
1100 4559 1204 4607 amicum
1222 4575 1236 4607 a
1254 4558 1328 4606 nimia
1346 4557 1370 4605 in
1388 4556 1465 4605 alisna
1483 4556 1543 4605 vitis
1561 4558 1685 4607 deterreat
1699 4573 1730 4606 ss·

543 4647 657 4704 veritate,
675 4645 808 4709 exemplum
824 4660 848 4692 se
866 4644 887 4691 ei
904 4658 984 4691 coram
1004 4645 1157 4690 narraturum
1175 4641 1296 4706 promittit
1313 4640 1406 4688 Plinius
1423 4638 1484 4697 viri,
1501 4639 1543 4703 qui
1560 4639 1730 4704 ailqnsndois

543 4730 624 4794 poenis
648 4727 767 4777 sumendis
792 4727 887 4775 modum
910 4724 1046 4782 excesserit;
1068 4724 1108 4772 sed
1131 4739 1215 4774 nomen
1239 4723 1290 4773 eius
1312 4739 1336 4773 ec
1359 4736 1388 4770 us
1410 4725 1463 4772 tum
1485 4721 1582 4789 quidem
1606 4723 1727 4776 editurum

546 4812 636 4870 verbis,
657 4827 718 4875 quse
734 4810 876 4870 citavimus,
892 4808 1017 4875 significat.
