<?xml version="1.0" encoding="UTF-8"?>
<!DOCTYPE html PUBLIC "-//W3C//DTD XHTML 1.0 Transitional//EN"
    "http://www.w3.org/TR/xhtml1/DTD/xhtml1-transitional.dtd">
<html xmlns="http://www.w3.org/1999/xhtml" xml:lang="en" lang="en">
 <head>
  <title>
</title>
<meta http-equiv="Content-Type" content="text/html;charset=utf-8" />
  <meta name='ocr-system' content='tesseract 3.04.00' />
  <meta name='ocr-capabilities' content='ocr_page ocr_carea ocr_par ocr_line ocrx_word'/>
</head>
<body>
  <div class='ocr_page' id='page_1' title='image "./mnemosyne07verdgoog_0643.png"; bbox 0 0 4525 5950; ppageno 0'>
   <div class='ocr_carea' id='block_1_1' title="bbox 776 667 1619 732">
    <p class='ocr_par' dir='ltr' id='par_1_1' title="bbox 776 667 1619 732">
     <span class='ocr_line' id='line_1_1' title="bbox 776 667 1619 732; baseline 0.002 -3"><span class='ocrx_word' id='word_1_1' title='bbox 776 684 817 729; x_wconf 89' lang='lat' dir='ltr'><strong>nn</strong></span> <span class='ocrx_word' id='word_1_2' title='bbox 841 685 987 732; x_wconf 77' lang='lat' dir='ltr'><strong>recensu</strong></span> <span class='ocrx_word' id='word_1_3' title='bbox 1010 684 1093 731; x_wconf 77' lang='lat' dir='ltr'><strong>eron</strong></span> <span class='ocrx_word' id='word_1_4' title='bbox 1117 685 1283 732; x_wconf 79' lang='lat' dir='ltr'><strong>noussen.</strong></span> <span class='ocrx_word' id='word_1_5' title='bbox 1557 667 1619 731; x_wconf 87' lang='grc'><strong>165</strong></span> 
     </span>
    </p>
   </div>
   <div class='ocr_carea' id='block_1_2' title="bbox 438 849 1622 1787">
    <p class='ocr_par' dir='ltr' id='par_1_2' title="bbox 438 849 1622 1787">
     <span class='ocr_line' id='line_1_2' title="bbox 439 849 1621 939; baseline 0.003 -25"><span class='ocrx_word' id='word_1_6' title='bbox 439 872 507 915; x_wconf 88' lang='lat' dir='ltr'><strong>esse</strong></span> <span class='ocrx_word' id='word_1_7' title='bbox 537 851 673 929; x_wconf 85' lang='lat' dir='ltr'><strong>videtur,</strong></span> <span class='ocrx_word' id='word_1_8' title='bbox 704 854 891 936; x_wconf 89' lang='lat' dir='ltr'><strong>praesertim</strong></span> <span class='ocrx_word' id='word_1_9' title='bbox 914 873 988 917; x_wconf 91' lang='lat' dir='ltr'><strong>cum</strong></span> <span class='ocrx_word' id='word_1_10' title='bbox 1011 854 1043 915; x_wconf 94' lang='lat' dir='ltr'><strong>in</strong></span> <span class='ocrx_word' id='word_1_11' title='bbox 1068 850 1237 917; x_wconf 83' lang='lat' dir='ltr'><strong>formulam</strong></span> <span class='ocrx_word' id='word_1_12' title='bbox 1262 852 1376 917; x_wconf 90' lang='lat' dir='ltr'><strong>abierit</strong></span> <span class='ocrx_word' id='word_1_13' title='bbox 1389 849 1424 932; x_wconf 82' lang='lat'><strong>¹),</strong></span> <span class='ocrx_word' id='word_1_14' title='bbox 1448 857 1485 917; x_wconf 94' lang='lat' dir='ltr'><strong>ut</strong></span> <span class='ocrx_word' id='word_1_15' title='bbox 1506 874 1621 939; x_wconf 80' lang='lat' dir='ltr'><strong>negare</strong></span> 
     </span>
     <span class='ocr_line' id='line_1_3' title="bbox 439 955 1621 1044; baseline 0.003 -24"><span class='ocrx_word' id='word_1_16' title='bbox 439 956 535 1022; x_wconf 90' lang='lat' dir='ltr'><strong>liceat</strong></span> <span class='ocrx_word' id='word_1_17' title='bbox 566 956 604 1021; x_wconf 91' lang='lat' dir='ltr'><strong>de</strong></span> <span class='ocrx_word' id='word_1_18' title='bbox 634 957 753 1022; x_wconf 80' lang='lat' dir='ltr'>casside</span> <span class='ocrx_word' id='word_1_19' title='bbox 784 957 927 1023; x_wconf 82' lang='lat' dir='ltr'>adhiberi</span> <span class='ocrx_word' id='word_1_20' title='bbox 958 961 1099 1043; x_wconf 85' lang='lat' dir='ltr'><strong>potuisse</strong></span> <span class='ocrx_word' id='word_1_21' title='bbox 1112 955 1148 1036; x_wconf 89' lang='lat'><strong>²).</strong></span> <span class='ocrx_word' id='word_1_22' title='bbox 1185 956 1336 1025; x_wconf 84' lang='lat' dir='ltr'><strong>Ceterum</strong></span> <span class='ocrx_word' id='word_1_23' title='bbox 1367 962 1517 1044; x_wconf 82' lang='lat' dir='ltr'><strong>perpauci</strong></span> <span class='ocrx_word' id='word_1_24' title='bbox 1547 967 1621 1025; x_wconf 90' lang='lat' dir='ltr'><strong>sunt</strong></span> 
     </span>
     <span class='ocr_line' id='line_1_4' title="bbox 439 1063 1619 1152; baseline 0.004 -25"><span class='ocrx_word' id='word_1_25' title='bbox 439 1063 520 1141; x_wconf 91' lang='lat' dir='ltr'><strong>loci,</strong></span> <span class='ocrx_word' id='word_1_26' title='bbox 558 1064 673 1149; x_wconf 91' lang='lat' dir='ltr'><strong>quibus</strong></span> <span class='ocrx_word' id='word_1_27' title='bbox 706 1085 763 1148; x_wconf 92' lang='lat' dir='ltr'><strong>pro</strong></span> <span class='ocrx_word' id='word_1_28' title='bbox 798 1071 883 1129; x_wconf 83' lang='lat' dir='ltr'><strong>certo</strong></span> <span class='ocrx_word' id='word_1_29' title='bbox 918 1071 1056 1129; x_wconf 77' lang='lat' dir='ltr'><strong>statuere</strong></span> <span class='ocrx_word' id='word_1_30' title='bbox 1088 1063 1183 1130; x_wconf 79' lang='lat' dir='ltr'><strong>liceat</strong></span> <span class='ocrx_word' id='word_1_31' title='bbox 1213 1064 1251 1129; x_wconf 90' lang='lat' dir='ltr'><strong>de</strong></span> <span class='ocrx_word' id='word_1_32' title='bbox 1282 1064 1400 1130; x_wconf 82' lang='lat' dir='ltr'><strong>casside</strong></span> <span class='ocrx_word' id='word_1_33' title='bbox 1430 1071 1526 1130; x_wconf 74' lang='lat' dir='ltr'><strong>aenea</strong></span> <span class='ocrx_word' id='word_1_34' title='bbox 1556 1069 1619 1152; x_wconf 87' lang='lat' dir='ltr'><strong>agi.</strong></span> 
     </span>
     <span class='ocr_line' id='line_1_5' title="bbox 439 1167 1621 1255; baseline 0.003 -21"><span class='ocrx_word' id='word_1_35' title='bbox 439 1170 524 1234; x_wconf 91' lang='lat' dir='ltr'><strong>Nam</strong></span> <span class='ocrx_word' id='word_1_36' title='bbox 547 1176 672 1255; x_wconf 91' lang='lat' dir='ltr'><strong>praeter</strong></span> <span class='ocrx_word' id='word_1_37' title='bbox 692 1167 778 1234; x_wconf 91' lang='lat' dir='ltr'><strong>locos</strong></span> <span class='ocrx_word' id='word_1_38' title='bbox 801 1180 835 1234; x_wconf 91' lang='lat' dir='ltr'>M</span> <span class='ocrx_word' id='word_1_39' title='bbox 860 1169 934 1248; x_wconf 82' lang='lat'><strong>183,</strong></span> <span class='ocrx_word' id='word_1_40' title='bbox 958 1181 979 1233; x_wconf 83' lang='lat' dir='ltr'>P</span> <span class='ocrx_word' id='word_1_41' title='bbox 1000 1169 1076 1247; x_wconf 82' lang='lat'><strong>294,</strong></span> <span class='ocrx_word' id='word_1_42' title='bbox 1100 1181 1126 1235; x_wconf 78' lang='lat' dir='ltr'><strong>&#39;r</strong></span> <span class='ocrx_word' id='word_1_43' title='bbox 1148 1169 1223 1248; x_wconf 88' lang='grc'><strong>897,</strong></span> <span class='ocrx_word' id='word_1_44' title='bbox 1247 1170 1621 1251; x_wconf 71' lang='grc' dir='ltr'><strong>σ822,181χαλκστοέ-</strong></span> 
     </span>
     <span class='ocr_line' id='line_1_6' title="bbox 440 1274 1622 1358; baseline 0.003 -18"><span class='ocrx_word' id='word_1_45' title='bbox 440 1301 522 1358; x_wconf 77' lang='grc' dir='ltr'><strong><em>ρηοο,</em></strong></span> <span class='ocrx_word' id='word_1_46' title='bbox 548 1274 653 1353; x_wconf 82' lang='grc'><strong>8403,</strong></span> <span class='ocrx_word' id='word_1_47' title='bbox 678 1275 787 1352; x_wconf 85' lang='grc' dir='ltr'><strong>λ574,</strong></span> <span class='ocrx_word' id='word_1_48' title='bbox 812 1274 919 1352; x_wconf 90' lang='grc' dir='ltr'><strong>σ378,</strong></span> <span class='ocrx_word' id='word_1_49' title='bbox 947 1277 1003 1342; x_wconf 89' lang='lat' dir='ltr'><strong>ubi</strong></span> <span class='ocrx_word' id='word_1_50' title='bbox 1026 1277 1217 1355; x_wconf 72' lang='grc' dir='ltr'><strong><em>πάγχαλκος</em></strong></span> <span class='ocrx_word' id='word_1_51' title='bbox 1242 1276 1360 1342; x_wconf 81' lang='lat' dir='ltr'><strong>dicitur</strong></span> <span class='ocrx_word' id='word_1_52' title='bbox 1383 1280 1400 1352; x_wconf 75' lang='grc' dir='ltr'><strong>ι)</strong></span> <span class='ocrx_word' id='word_1_53' title='bbox 1421 1279 1518 1357; x_wconf 74' lang='grc' dir='ltr'><strong><em>κυνέη,</em></strong></span> <span class='ocrx_word' id='word_1_54' title='bbox 1538 1277 1622 1344; x_wconf 92' lang='lat' dir='ltr'><strong>nulli</strong></span> 
     </span>
     <span class='ocr_line' id='line_1_7' title="bbox 441 1382 1620 1471; baseline 0.003 -23"><span class='ocrx_word' id='word_1_55' title='bbox 441 1382 498 1448; x_wconf 89' lang='lat' dir='ltr'><strong>alii</strong></span> <span class='ocrx_word' id='word_1_56' title='bbox 521 1382 585 1446; x_wconf 91' lang='lat' dir='ltr'><strong>huc</strong></span> <span class='ocrx_word' id='word_1_57' title='bbox 608 1384 768 1467; x_wconf 81' lang='lat' dir='ltr'><strong>pertinent</strong></span> <span class='ocrx_word' id='word_1_58' title='bbox 790 1385 852 1447; x_wconf 89' lang='lat' dir='ltr'><strong>nisi</strong></span> <span class='ocrx_word' id='word_1_59' title='bbox 875 1394 901 1446; x_wconf 86' lang='grc' dir='ltr'>Π</span> <span class='ocrx_word' id='word_1_60' title='bbox 923 1383 986 1447; x_wconf 92' lang='grc'><strong>411</strong></span> <span class='ocrx_word' id='word_1_61' title='bbox 1001 1405 1066 1469; x_wconf 92' lang='lat' dir='ltr'><strong>sqq.</strong></span> <span class='ocrx_word' id='word_1_62' title='bbox 1092 1384 1148 1448; x_wconf 92' lang='lat' dir='ltr'><strong>ubi</strong></span> <span class='ocrx_word' id='word_1_63' title='bbox 1171 1383 1336 1448; x_wconf 81' lang='lat' dir='ltr'><strong>Patroclus</strong></span> <span class='ocrx_word' id='word_1_64' title='bbox 1360 1382 1487 1471; x_wconf 78' lang='lat' dir='ltr'><strong>Erylai,</strong></span> <span class='ocrx_word' id='word_1_65' title='bbox 1513 1394 1539 1448; x_wconf 87' lang='grc' dir='ltr'><strong>Π</strong></span> <span class='ocrx_word' id='word_1_66' title='bbox 1555 1383 1620 1451; x_wconf 83' lang='grc'><strong>577</strong></span> 
     </span>
     <span class='ocr_line' id='line_1_8' title="bbox 440 1487 1620 1575; baseline 0.002 -23"><span class='ocrx_word' id='word_1_67' title='bbox 440 1489 497 1552; x_wconf 91' lang='lat' dir='ltr'><strong>nbi</strong></span> <span class='ocrx_word' id='word_1_68' title='bbox 525 1487 645 1553; x_wconf 88' lang='lat' dir='ltr'><strong>Hector</strong></span> <span class='ocrx_word' id='word_1_69' title='bbox 675 1488 789 1573; x_wconf 75' lang='lat' dir='ltr'><strong>Enipei</strong></span> <span class='ocrx_word' id='word_1_70' title='bbox 819 1488 947 1575; x_wconf 86' lang='lat' dir='ltr'><strong>galeam</strong></span> <span class='ocrx_word' id='word_1_71' title='bbox 976 1495 1146 1574; x_wconf 87' lang='lat' dir='ltr'><strong>postquam</strong></span> <span class='ocrx_word' id='word_1_72' title='bbox 1175 1492 1347 1574; x_wconf 83' lang='lat' dir='ltr'><strong>percussit,</strong></span> <span class='ocrx_word' id='word_1_73' title='bbox 1379 1496 1475 1574; x_wconf 93' lang='lat' dir='ltr'><strong>caput</strong></span> <span class='ocrx_word' id='word_1_74' title='bbox 1504 1488 1620 1570; x_wconf 76' lang='grc' dir='ltr'><strong><em>ἄνδιχα</em></strong></span> 
     </span>
     <span class='ocr_line' id='line_1_9' title="bbox 439 1594 1621 1682; baseline 0.003 -25"><span class='ocrx_word' id='word_1_75' title='bbox 439 1598 517 1658; x_wconf 79' lang='grc' dir='ltr'><strong>τᾶσ’</strong></span> <span class='ocrx_word' id='word_1_76' title='bbox 549 1595 677 1668; x_wconf 75' lang='grc' dir='ltr'><strong><em>ἐκεάσθη</em></strong></span> <span class='ocrx_word' id='word_1_77' title='bbox 710 1596 738 1658; x_wconf 81' lang='grc' dir='ltr'><strong>ἐν</strong></span> <span class='ocrx_word' id='word_1_78' title='bbox 772 1595 867 1670; x_wconf 84' lang='grc' dir='ltr'><strong><em>κθρυθι</em></strong></span> <span class='ocrx_word' id='word_1_79' title='bbox 900 1595 1030 1676; x_wconf 70' lang='grc' dir='ltr'><strong><em>βριαρῇ,</em></strong></span> <span class='ocrx_word' id='word_1_80' title='bbox 1067 1594 1150 1659; x_wconf 92' lang='lat' dir='ltr'><strong>unde</strong></span> <span class='ocrx_word' id='word_1_81' title='bbox 1180 1614 1329 1679; x_wconf 89' lang='lat' dir='ltr'><strong>apparere</strong></span> <span class='ocrx_word' id='word_1_82' title='bbox 1362 1594 1490 1661; x_wconf 88' lang='lat' dir='ltr'><strong>videtur</strong></span> <span class='ocrx_word' id='word_1_83' title='bbox 1516 1599 1621 1682; x_wconf 87' lang='lat' dir='ltr'><strong>ipsam</strong></span> 
     </span>
     <span class='ocr_line' id='line_1_10' title="bbox 438 1699 1621 1787; baseline 0.002 -22"><span class='ocrx_word' id='word_1_84' title='bbox 438 1699 565 1787; x_wconf 81' lang='lat' dir='ltr'><strong>galeam</strong></span> <span class='ocrx_word' id='word_1_85' title='bbox 589 1722 651 1765; x_wconf 92' lang='lat' dir='ltr'><strong>uon</strong></span> <span class='ocrx_word' id='word_1_86' title='bbox 674 1699 780 1765; x_wconf 88' lang='lat' dir='ltr'><strong>fissam</strong></span> <span class='ocrx_word' id='word_1_87' title='bbox 800 1701 879 1787; x_wconf 78' lang='lat' dir='ltr'><strong>fingi</strong></span> <span class='ocrx_word' id='word_1_88' title='bbox 893 1700 928 1781; x_wconf 80' lang='lat'><strong>³).</strong></span> <span class='ocrx_word' id='word_1_89' title='bbox 952 1700 1043 1781; x_wconf 85' lang='lat' dir='ltr'><strong>Quod</strong></span> <span class='ocrx_word' id='word_1_90' title='bbox 1061 1708 1170 1766; x_wconf 91' lang='lat' dir='ltr'><strong>antem</strong></span> <span class='ocrx_word' id='word_1_91' title='bbox 1191 1700 1314 1766; x_wconf 88' lang='lat' dir='ltr'><strong>deciens</strong></span> <span class='ocrx_word' id='word_1_92' title='bbox 1333 1705 1470 1767; x_wconf 93' lang='lat' dir='ltr'><strong>occurrit</strong></span> <span class='ocrx_word' id='word_1_93' title='bbox 1490 1705 1621 1780; x_wconf 81' lang='grc' dir='ltr'><strong><em>κεκορυθ-</em></strong></span> 
     </span>
    </p>
   </div>
   <div class='ocr_carea' id='block_1_3' title="bbox 438 1805 1734 1887">
    <p class='ocr_par' dir='ltr' id='par_1_3' title="bbox 438 1805 1734 1887">
     <span class='ocr_line' id='line_1_11' title="bbox 438 1805 1734 1887; baseline 0.003 -17"><span class='ocrx_word' id='word_1_94' title='bbox 438 1807 526 1882; x_wconf 72' lang='grc' dir='ltr'><strong><em>μένος</em></strong></span> <span class='ocrx_word' id='word_1_95' title='bbox 559 1805 660 1870; x_wconf 75' lang='grc' dir='ltr'><strong><em>αἴθοπι</em></strong></span> <span class='ocrx_word' id='word_1_96' title='bbox 684 1808 796 1887; x_wconf 76' lang='grc' dir='ltr'><strong><em>χαλκῷ</em></strong></span> <span class='ocrx_word' id='word_1_97' title='bbox 822 1819 848 1870; x_wconf 87' lang='grc' dir='ltr'>Δ</span> <span class='ocrx_word' id='word_1_98' title='bbox 870 1806 947 1884; x_wconf 82' lang='grc'><strong>495,</strong></span> <span class='ocrx_word' id='word_1_99' title='bbox 972 1807 1089 1885; x_wconf 82' lang='grc'><strong>8562,</strong></span> <span class='ocrx_word' id='word_1_100' title='bbox 1115 1806 1191 1885; x_wconf 88' lang='grc'><strong>681,</strong></span> <span class='ocrx_word' id='word_1_101' title='bbox 1215 1816 1244 1872; x_wconf 90' lang='grc' dir='ltr'>Ν</span> <span class='ocrx_word' id='word_1_102' title='bbox 1267 1806 1341 1884; x_wconf 83' lang='lat'><strong>305,</strong></span> <span class='ocrx_word' id='word_1_103' title='bbox 1368 1817 1388 1870; x_wconf 82' lang='lat' dir='ltr'><strong>l‘</strong></span> <span class='ocrx_word' id='word_1_104' title='bbox 1411 1806 1441 1885; x_wconf 83' lang='lat'><strong>3,</strong></span> <span class='ocrx_word' id='word_1_105' title='bbox 1465 1806 1519 1886; x_wconf 82' lang='lat'><strong>87,</strong></span> <span class='ocrx_word' id='word_1_106' title='bbox 1544 1808 1619 1886; x_wconf 80' lang='grc'><strong>592,</strong></span> <span class='ocrx_word' id='word_1_107' title='bbox 1727 1848 1734 1861; x_wconf 82' lang='grc'><em>·</em></span> 
     </span>
    </p>
   </div>
   <div class='ocr_carea' id='block_1_4' title="bbox 435 1909 1622 3059">
    <p class='ocr_par' dir='ltr' id='par_1_4' title="bbox 435 1909 1622 3059">
     <span class='ocr_line' id='line_1_12' title="bbox 440 1909 1621 1998; baseline 0.003 -22"><span class='ocrx_word' id='word_1_108' title='bbox 440 1921 465 1976; x_wconf 85' lang='lat' dir='ltr'><strong>&#39;r</strong></span> <span class='ocrx_word' id='word_1_109' title='bbox 489 1912 563 1989; x_wconf 87' lang='lat'><strong>111,</strong></span> <span class='ocrx_word' id='word_1_110' title='bbox 592 1909 666 1989; x_wconf 92' lang='grc'><strong>117,</strong></span> <span class='ocrx_word' id='word_1_111' title='bbox 699 1919 726 1991; x_wconf 84' lang='grc' dir='ltr'><em>Φ</em></span> <span class='ocrx_word' id='word_1_112' title='bbox 747 1911 824 1990; x_wconf 86' lang='grc'><strong>434,</strong></span> <span class='ocrx_word' id='word_1_113' title='bbox 856 1911 938 1977; x_wconf 92' lang='lat' dir='ltr'><strong>nihil</strong></span> <span class='ocrx_word' id='word_1_114' title='bbox 961 1912 1049 1978; x_wconf 90' lang='lat' dir='ltr'><strong>aliud</strong></span> <span class='ocrx_word' id='word_1_115' title='bbox 1072 1934 1109 1978; x_wconf 89' lang='lat' dir='ltr'><strong>eo</strong></span> <span class='ocrx_word' id='word_1_116' title='bbox 1132 1912 1293 1998; x_wconf 88' lang='lat' dir='ltr'><strong>designari</strong></span> <span class='ocrx_word' id='word_1_117' title='bbox 1318 1912 1445 1978; x_wconf 84' lang='lat' dir='ltr'><strong>ridetur</strong></span> <span class='ocrx_word' id='word_1_118' title='bbox 1469 1916 1530 1978; x_wconf 91' lang='lat' dir='ltr'><strong>nisi</strong></span> <span class='ocrx_word' id='word_1_119' title='bbox 1553 1935 1621 1991; x_wconf 90' lang='lat' dir='ltr'><strong>„ar-</strong></span> 
     </span>
     <span class='ocr_line' id='line_1_13' title="bbox 437 2017 1621 2105; baseline 0.003 -23"><span class='ocrx_word' id='word_1_120' title='bbox 437 2024 545 2083; x_wconf 90' lang='lat' dir='ltr'><strong>matus</strong></span> <span class='ocrx_word' id='word_1_121' title='bbox 575 2039 646 2083; x_wconf 88' lang='lat' dir='ltr'><strong>aere</strong></span> <span class='ocrx_word' id='word_1_122' title='bbox 679 2017 840 2104; x_wconf 84' lang='lat' dir='ltr'><strong>fulgenti&#39;’</strong></span> <span class='ocrx_word' id='word_1_123' title='bbox 855 2017 891 2098; x_wconf 89' lang='lat'><strong>⁴).</strong></span> <span class='ocrx_word' id='word_1_124' title='bbox 928 2017 1012 2083; x_wconf 91' lang='lat' dir='ltr'><strong>Nam</strong></span> <span class='ocrx_word' id='word_1_125' title='bbox 1043 2018 1156 2097; x_wconf 70' lang='lat'><strong>0434</strong></span> <span class='ocrx_word' id='word_1_126' title='bbox 1187 2017 1414 2096; x_wconf 75' lang='lat' dir='ltr'><strong>Telemachus,</strong></span> <span class='ocrx_word' id='word_1_127' title='bbox 1449 2022 1505 2105; x_wconf 92' lang='lat' dir='ltr'><strong>qui</strong></span> <span class='ocrx_word' id='word_1_128' title='bbox 1533 2020 1621 2086; x_wconf 90' lang='lat' dir='ltr'><strong>nudo</strong></span> 
     </span>
     <span class='ocr_line' id='line_1_14' title="bbox 437 2123 1619 2210; baseline 0.003 -21"><span class='ocrx_word' id='word_1_129' title='bbox 437 2126 541 2209; x_wconf 88' lang='lat' dir='ltr'><strong>capite</strong></span> <span class='ocrx_word' id='word_1_130' title='bbox 576 2125 623 2189; x_wconf 92' lang='lat' dir='ltr'><strong>ibi</strong></span> <span class='ocrx_word' id='word_1_131' title='bbox 657 2133 719 2201; x_wconf 89' lang='lat' dir='ltr'><strong>est,</strong></span> <span class='ocrx_word' id='word_1_132' title='bbox 755 2126 890 2209; x_wconf 89' lang='lat' dir='ltr'><strong>arreptis</strong></span> <span class='ocrx_word' id='word_1_133' title='bbox 923 2123 1032 2210; x_wconf 84' lang='lat' dir='ltr'><strong>gladio</strong></span> <span class='ocrx_word' id='word_1_134' title='bbox 1067 2129 1099 2189; x_wconf 89' lang='lat' dir='ltr'><strong>et</strong></span> <span class='ocrx_word' id='word_1_135' title='bbox 1132 2125 1224 2189; x_wconf 90' lang='lat' dir='ltr'><strong>hasta</strong></span> <span class='ocrx_word' id='word_1_136' title='bbox 1259 2124 1376 2190; x_wconf 91' lang='lat' dir='ltr'><strong>dicitur</strong></span> <span class='ocrx_word' id='word_1_137' title='bbox 1411 2126 1619 2202; x_wconf 69' lang='grc' dir='ltr'><strong><em>κεκορυθμένοι</em></strong></span> 
     </span>
     <span class='ocr_line' id='line_1_15' title="bbox 437 2229 1622 2317; baseline 0.003 -23"><span class='ocrx_word' id='word_1_138' title='bbox 437 2231 539 2294; x_wconf 73' lang='grc' dir='ltr'><strong><em>αἴθοπι</em></strong></span> <span class='ocrx_word' id='word_1_139' title='bbox 563 2233 685 2310; x_wconf 73' lang='grc' dir='ltr'><strong><em>χαλκῷ.</em></strong></span> <span class='ocrx_word' id='word_1_140' title='bbox 710 2229 820 2315; x_wconf 90' lang='lat' dir='ltr'><strong>Neque</strong></span> <span class='ocrx_word' id='word_1_141' title='bbox 844 2236 1019 2317; x_wconf 78' lang='lat' dir='ltr'><strong>repugnat,</strong></span> <span class='ocrx_word' id='word_1_142' title='bbox 1044 2230 1127 2316; x_wconf 92' lang='lat' dir='ltr'><strong>quod</strong></span> <span class='ocrx_word' id='word_1_143' title='bbox 1147 2239 1169 2294; x_wconf 89' lang='grc' dir='ltr'><strong>Γ</strong></span> <span class='ocrx_word' id='word_1_144' title='bbox 1190 2229 1243 2308; x_wconf 90' lang='grc'><strong>18,</strong></span> <span class='ocrx_word' id='word_1_145' title='bbox 1264 2242 1292 2295; x_wconf 88' lang='grc' dir='ltr'><strong>Λ</strong></span> <span class='ocrx_word' id='word_1_146' title='bbox 1312 2229 1366 2308; x_wconf 85' lang='grc'><strong>43,</strong></span> <span class='ocrx_word' id='word_1_147' title='bbox 1389 2256 1415 2310; x_wconf 83' lang='grc' dir='ltr'><strong><em>χ</em></strong></span> <span class='ocrx_word' id='word_1_148' title='bbox 1435 2231 1497 2296; x_wconf 81' lang='grc'><strong>128</strong></span> <span class='ocrx_word' id='word_1_149' title='bbox 1518 2233 1622 2298; x_wconf 92' lang='lat' dir='ltr'><strong>iacula</strong></span> 
     </span>
     <span class='ocr_line' id='line_1_16' title="bbox 437 2337 1622 2422; baseline 0.002 -19"><span class='ocrx_word' id='word_1_150' title='bbox 437 2337 589 2403; x_wconf 91' lang='lat' dir='ltr'><strong>dicuntur</strong></span> <span class='ocrx_word' id='word_1_151' title='bbox 618 2339 818 2412; x_wconf 77' lang='grc' dir='ltr'><strong><em>κεκορυθμένα</em></strong></span> <span class='ocrx_word' id='word_1_152' title='bbox 849 2339 961 2416; x_wconf 75' lang='grc' dir='ltr'><strong><em>χαλκῷ</em></strong></span> <span class='ocrx_word' id='word_1_153' title='bbox 992 2339 1015 2401; x_wconf 86' lang='grc'><strong>1.</strong></span> <span class='ocrx_word' id='word_1_154' title='bbox 1036 2358 1062 2402; x_wconf 89' lang='lat' dir='ltr'><strong>e.</strong></span> <span class='ocrx_word' id='word_1_155' title='bbox 1094 2337 1232 2422; x_wconf 81' lang='lat' dir='ltr'><strong>praefixa</strong></span> <span class='ocrx_word' id='word_1_156' title='bbox 1254 2357 1325 2401; x_wconf 90' lang='lat' dir='ltr'><strong>aere</strong></span> <span class='ocrx_word' id='word_1_157' title='bbox 1348 2344 1380 2402; x_wconf 88' lang='lat' dir='ltr'><strong>et</strong></span> <span class='ocrx_word' id='word_1_158' title='bbox 1402 2347 1428 2402; x_wconf 85' lang='lat' dir='ltr'>ss</span> <span class='ocrx_word' id='word_1_159' title='bbox 1451 2337 1516 2402; x_wconf 83' lang='lat'><strong>802</strong></span> <span class='ocrx_word' id='word_1_160' title='bbox 1539 2342 1622 2405; x_wconf 90' lang='lat' dir='ltr'><strong>iacu-</strong></span> 
     </span>
     <span class='ocr_line' id='line_1_17' title="bbox 435 2443 1621 2528; baseline 0.003 -20"><span class='ocrx_word' id='word_1_161' title='bbox 435 2443 506 2508; x_wconf 92' lang='lat' dir='ltr'><strong>lum</strong></span> <span class='ocrx_word' id='word_1_162' title='bbox 539 2443 747 2520; x_wconf 74' lang='grc' dir='ltr'><strong><em>κεκορυθμένοι</em></strong></span> <span class='ocrx_word' id='word_1_163' title='bbox 780 2449 923 2518; x_wconf 87' lang='lat' dir='ltr'><strong>tanturn,</strong></span> <span class='ocrx_word' id='word_1_164' title='bbox 955 2445 976 2507; x_wconf 93' lang='lat' dir='ltr'><strong>i.</strong></span> <span class='ocrx_word' id='word_1_165' title='bbox 999 2465 1025 2508; x_wconf 92' lang='lat' dir='ltr'><strong>e.</strong></span> <span class='ocrx_word' id='word_1_166' title='bbox 1055 2449 1261 2528; x_wconf 79' lang='lat' dir='ltr'><strong>praeacutum</strong></span> <span class='ocrx_word' id='word_1_167' title='bbox 1285 2450 1427 2509; x_wconf 81' lang='lat' dir='ltr'><strong>vocatur.</strong></span> <span class='ocrx_word' id='word_1_168' title='bbox 1451 2444 1560 2510; x_wconf 89' lang='lat' dir='ltr'><strong>Restat</strong></span> <span class='ocrx_word' id='word_1_169' title='bbox 1584 2453 1621 2511; x_wconf 91' lang='lat' dir='ltr'><strong>ut</strong></span> 
     </span>
     <span class='ocr_line' id='line_1_18' title="bbox 438 2548 1619 2628; baseline 0.002 -14"><span class='ocrx_word' id='word_1_170' title='bbox 438 2569 603 2625; x_wconf 90' lang='lat' dir='ltr'><strong>moneam,</strong></span> <span class='ocrx_word' id='word_1_171' title='bbox 643 2549 699 2614; x_wconf 94' lang='lat' dir='ltr'><strong>ubi</strong></span> <span class='ocrx_word' id='word_1_172' title='bbox 733 2549 851 2614; x_wconf 88' lang='lat' dir='ltr'><strong>casside</strong></span> <span class='ocrx_word' id='word_1_173' title='bbox 881 2551 1000 2614; x_wconf 86' lang='lat' dir='ltr'><strong>muniti</strong></span> <span class='ocrx_word' id='word_1_174' title='bbox 1033 2548 1154 2614; x_wconf 89' lang='lat' dir='ltr'><strong>milites</strong></span> <span class='ocrx_word' id='word_1_175' title='bbox 1189 2548 1416 2628; x_wconf 88' lang='lat' dir='ltr'><strong>describantur,</strong></span> <span class='ocrx_word' id='word_1_176' title='bbox 1452 2551 1525 2616; x_wconf 92' lang='lat' dir='ltr'><strong>inde</strong></span> <span class='ocrx_word' id='word_1_177' title='bbox 1559 2573 1619 2617; x_wconf 91' lang='lat' dir='ltr'><strong>non</strong></span> 
     </span>
     <span class='ocr_line' id='line_1_19' title="bbox 437 2655 1620 2743; baseline 0.002 -23"><span class='ocrx_word' id='word_1_178' title='bbox 437 2658 527 2740; x_wconf 87' lang='lat' dir='ltr'><strong>sequi</strong></span> <span class='ocrx_word' id='word_1_179' title='bbox 559 2660 596 2719; x_wconf 93' lang='lat' dir='ltr'><strong>ut</strong></span> <span class='ocrx_word' id='word_1_180' title='bbox 625 2655 751 2721; x_wconf 91' lang='lat' dir='ltr'><strong>thorace</strong></span> <span class='ocrx_word' id='word_1_181' title='bbox 780 2660 876 2721; x_wconf 74' lang='lat' dir='ltr'><strong>aeneo</strong></span> <span class='ocrx_word' id='word_1_182' title='bbox 907 2655 1070 2741; x_wconf 87' lang='lat' dir='ltr'><strong>fingantur</strong></span> <span class='ocrx_word' id='word_1_183' title='bbox 1100 2655 1222 2735; x_wconf 91' lang='lat' dir='ltr'><strong>induti,</strong></span> <span class='ocrx_word' id='word_1_184' title='bbox 1246 2665 1284 2720; x_wconf 89' lang='lat' dir='ltr'><strong>ut</strong></span> <span class='ocrx_word' id='word_1_185' title='bbox 1306 2682 1325 2720; x_wconf 94' lang='grc' dir='ltr'><strong><em>σ</em></strong></span> <span class='ocrx_word' id='word_1_186' title='bbox 1339 2655 1415 2733; x_wconf 89' lang='grc'><strong>878,</strong></span> <span class='ocrx_word' id='word_1_187' title='bbox 1440 2657 1521 2743; x_wconf 91' lang='lat' dir='ltr'><strong>quod</strong></span> <span class='ocrx_word' id='word_1_188' title='bbox 1545 2679 1620 2725; x_wconf 84' lang='lat' dir='ltr'><strong>mox</strong></span> 
     </span>
     <span class='ocr_line' id='line_1_20' title="bbox 436 2761 1621 2849; baseline 0.003 -23"><span class='ocrx_word' id='word_1_189' title='bbox 436 2762 602 2847; x_wconf 87' lang='lat' dir='ltr'><strong>apparebit</strong></span> <span class='ocrx_word' id='word_1_190' title='bbox 614 2762 649 2841; x_wconf 80' lang='lat'><strong>³),</strong></span> <span class='ocrx_word' id='word_1_191' title='bbox 682 2761 720 2826; x_wconf 91' lang='lat' dir='ltr'><strong>de</strong></span> <span class='ocrx_word' id='word_1_192' title='bbox 753 2761 856 2826; x_wconf 88' lang='lat' dir='ltr'><strong>milite</strong></span> <span class='ocrx_word' id='word_1_193' title='bbox 890 2765 1000 2848; x_wconf 86' lang='lat' dir='ltr'><strong>agitur</strong></span> <span class='ocrx_word' id='word_1_194' title='bbox 1029 2783 1093 2827; x_wconf 93' lang='lat' dir='ltr'><strong>non</strong></span> <span class='ocrx_word' id='word_1_195' title='bbox 1124 2763 1299 2828; x_wconf 90' lang='lat' dir='ltr'><strong>thoracatu.</strong></span> <span class='ocrx_word' id='word_1_196' title='bbox 1331 2763 1379 2827; x_wconf 82' lang='lat' dir='ltr'><strong>Ab</strong></span> <span class='ocrx_word' id='word_1_197' title='bbox 1410 2762 1509 2829; x_wconf 88' lang='lat' dir='ltr'><strong>altera</strong></span> <span class='ocrx_word' id='word_1_198' title='bbox 1532 2770 1621 2849; x_wconf 89' lang='lat' dir='ltr'><strong>parte</strong></span> 
     </span>
     <span class='ocr_line' id='line_1_21' title="bbox 436 2867 1620 2954; baseline 0.003 -23"><span class='ocrx_word' id='word_1_199' title='bbox 436 2889 498 2933; x_wconf 92' lang='lat' dir='ltr'><strong>non</strong></span> <span class='ocrx_word' id='word_1_200' title='bbox 522 2867 700 2933; x_wconf 91' lang='lat' dir='ltr'><strong>thoracatos</strong></span> <span class='ocrx_word' id='word_1_201' title='bbox 724 2888 789 2932; x_wconf 88' lang='lat' dir='ltr'><strong>esse</strong></span> <span class='ocrx_word' id='word_1_202' title='bbox 812 2874 1058 2934; x_wconf 89' lang='lat' dir='ltr'><strong>consentaneum</strong></span> <span class='ocrx_word' id='word_1_203' title='bbox 1080 2875 1144 2945; x_wconf 90' lang='lat' dir='ltr'><strong>est,</strong></span> <span class='ocrx_word' id='word_1_204' title='bbox 1164 2870 1220 2954; x_wconf 93' lang='lat' dir='ltr'><strong>qui</strong></span> <span class='ocrx_word' id='word_1_205' title='bbox 1240 2871 1343 2954; x_wconf 86' lang='lat' dir='ltr'><strong>capite</strong></span> <span class='ocrx_word' id='word_1_206' title='bbox 1362 2868 1447 2935; x_wconf 91' lang='lat' dir='ltr'><strong>nudo</strong></span> <span class='ocrx_word' id='word_1_207' title='bbox 1466 2873 1500 2934; x_wconf 90' lang='lat' dir='ltr'><strong>in</strong></span> <span class='ocrx_word' id='word_1_208' title='bbox 1519 2872 1620 2936; x_wconf 89' lang='lat' dir='ltr'><strong>aciem</strong></span> 
     </span>
     <span class='ocr_line' id='line_1_22' title="bbox 435 2972 616 3059; baseline 0.006 -21"><span class='ocrx_word' id='word_1_209' title='bbox 435 2972 616 3059; x_wconf 87' lang='lat' dir='ltr'><strong>procedant.</strong></span> 
     </span>
    </p>
   </div>
   <div class='ocr_carea' id='block_1_5' title="bbox 426 3245 1622 4550">
    <p class='ocr_par' dir='ltr' id='par_1_5' title="bbox 434 3245 1622 3559">
     <span class='ocr_line' id='line_1_23' title="bbox 470 3245 1621 3315; baseline -0.001 -16"><span class='ocrx_word' id='word_1_210' title='bbox 470 3251 497 3314; x_wconf 86' lang='lat'><strong>1)</strong></span> <span class='ocrx_word' id='word_1_211' title='bbox 521 3251 650 3315; x_wconf 83' lang='lat' dir='ltr'><strong>Propterea</strong></span> <span class='ocrx_word' id='word_1_212' title='bbox 674 3249 721 3299; x_wconf 76' lang='lat' dir='ltr'><strong>alie</strong></span> <span class='ocrx_word' id='word_1_213' title='bbox 744 3257 779 3298; x_wconf 84' lang='lat' dir='ltr'><strong>eet</strong></span> <span class='ocrx_word' id='word_1_214' title='bbox 802 3265 871 3299; x_wconf 79' lang='lat' dir='ltr'><strong>caure</strong></span> <span class='ocrx_word' id='word_1_215' title='bbox 888 3264 969 3298; x_wconf 85' lang='lat' dir='ltr'><strong>verene</strong></span> <span class='ocrx_word' id='word_1_216' title='bbox 987 3247 1062 3299; x_wconf 76' lang='lat'>2470</span> <span class='ocrx_word' id='word_1_217' title='bbox 1079 3245 1169 3297; x_wconf 79' lang='grc' dir='ltr'><strong><em>δσεινόι</em></strong></span> <span class='ocrx_word' id='word_1_218' title='bbox 1185 3246 1231 3296; x_wconf 68' lang='grc' dir='ltr'><strong>ἆτ’</strong></span> <span class='ocrx_word' id='word_1_219' title='bbox 1249 3245 1390 3309; x_wconf 68' lang='grc' dir='ltr'><strong><em>ἀκροτάτης</em></strong></span> <span class='ocrx_word' id='word_1_220' title='bbox 1407 3247 1503 3309; x_wconf 76' lang='grc' dir='ltr'><strong><em>κθριιθος</em></strong></span> <span class='ocrx_word' id='word_1_221' title='bbox 1519 3246 1621 3298; x_wconf 82' lang='grc' dir='ltr'><strong><em>εεθοντοι</em></strong></span> 
     </span>
     <span class='ocr_line' id='line_1_24' title="bbox 435 3329 1622 3396; baseline 0 -16"><span class='ocrx_word' id='word_1_222' title='bbox 435 3331 538 3392; x_wconf 70' lang='grc' dir='ltr'><strong>νοήσας,</strong></span> <span class='ocrx_word' id='word_1_223' title='bbox 560 3348 607 3396; x_wconf 90' lang='lat' dir='ltr'><strong>qno</strong></span> <span class='ocrx_word' id='word_1_224' title='bbox 630 3348 677 3381; x_wconf 90' lang='lat' dir='ltr'><strong>nou</strong></span> <span class='ocrx_word' id='word_1_225' title='bbox 699 3331 781 3380; x_wconf 83' lang='lat' dir='ltr'><strong>dubito</strong></span> <span class='ocrx_word' id='word_1_226' title='bbox 804 3332 861 3395; x_wconf 92' lang='lat' dir='ltr'><strong>quin</strong></span> <span class='ocrx_word' id='word_1_227' title='bbox 883 3331 950 3394; x_wconf 80' lang='lat' dir='ltr'><strong>galee</strong></span> <span class='ocrx_word' id='word_1_228' title='bbox 972 3335 1063 3379; x_wconf 82' lang='lat' dir='ltr'><strong>ecortee</strong></span> <span class='ocrx_word' id='word_1_229' title='bbox 1084 3331 1228 3393; x_wconf 76' lang='lat' dir='ltr'><strong>designetur.</strong></span> <span class='ocrx_word' id='word_1_230' title='bbox 1253 3329 1367 3380; x_wconf 71' lang='lat' dir='ltr'><strong>Conferre</strong></span> <span class='ocrx_word' id='word_1_231' title='bbox 1384 3330 1438 3379; x_wconf 89' lang='lat' dir='ltr'><strong>licet</strong></span> <span class='ocrx_word' id='word_1_232' title='bbox 1455 3332 1536 3379; x_wconf 73' lang='lat' dir='ltr'><strong>usos</strong></span> <span class='ocrx_word' id='word_1_233' title='bbox 1554 3330 1622 3394; x_wconf 67' lang='lat' dir='ltr'><strong>duci</strong></span> 
     </span>
     <span class='ocr_line' id='line_1_25' title="bbox 436 3409 1621 3478; baseline -0.002 -15"><span class='ocrx_word' id='word_1_234' title='bbox 436 3413 465 3464; x_wconf 74' lang='grc' dir='ltr'><strong>δέ</strong></span> <span class='ocrx_word' id='word_1_235' title='bbox 483 3432 519 3463; x_wconf 80' lang='grc' dir='ltr'><strong>τοι</strong></span> <span class='ocrx_word' id='word_1_236' title='bbox 537 3413 682 3476; x_wconf 67' lang='grc' dir='ltr'><strong><em>κροτάφοισι</em></strong></span> <span class='ocrx_word' id='word_1_237' title='bbox 699 3412 785 3476; x_wconf 78' lang='grc' dir='ltr'><strong><em>Φαειιι)</em></strong></span> <span class='ocrx_word' id='word_1_238' title='bbox 803 3414 885 3461; x_wconf 78' lang='grc' dir='ltr'><strong><em>σείετο</em></strong></span> <span class='ocrx_word' id='word_1_239' title='bbox 903 3411 985 3477; x_wconf 74' lang='grc' dir='ltr'><strong>πήληξ</strong></span> <span class='ocrx_word' id='word_1_240' title='bbox 1002 3417 1027 3462; x_wconf 90' lang='lat' dir='ltr'><strong>et</strong></span> <span class='ocrx_word' id='word_1_241' title='bbox 1044 3413 1126 3461; x_wconf 86' lang='grc'><strong>0808</strong></span> <span class='ocrx_word' id='word_1_242' title='bbox 1144 3410 1214 3476; x_wconf 68' lang='grc' dir='ltr'><strong>ἀμφὶ</strong></span> <span class='ocrx_word' id='word_1_243' title='bbox 1229 3409 1256 3460; x_wconf 78' lang='lat' dir='ltr'><strong>tt</strong></span> <span class='ocrx_word' id='word_1_244' title='bbox 1271 3411 1354 3478; x_wconf 70' lang='grc' dir='ltr'><strong>πήληξ</strong></span> <span class='ocrx_word' id='word_1_245' title='bbox 1369 3410 1519 3473; x_wconf 73' lang='grc' dir='ltr'><strong><em>σμερδάλεσι</em></strong></span> <span class='ocrx_word' id='word_1_246' title='bbox 1533 3411 1621 3474; x_wconf 73' lang='grc' dir='ltr'><strong><em>κροτά-</em></strong></span> 
     </span>
     <span class='ocr_line' id='line_1_26' title="bbox 434 3495 1129 3559; baseline 0 -15"><span class='ocrx_word' id='word_1_247' title='bbox 434 3504 504 3559; x_wconf 77' lang='grc' dir='ltr'><strong><em>φοισι</em></strong></span> <span class='ocrx_word' id='word_1_248' title='bbox 522 3495 665 3545; x_wconf 82' lang='grc' dir='ltr'><strong><em>τινάσσετο.</em></strong></span> <span class='ocrx_word' id='word_1_249' title='bbox 1127 3518 1129 3521; x_wconf 52' lang='lat'>&gt;</span> 
     </span>
    </p>

    <p class='ocr_par' dir='ltr' id='par_1_6' title="bbox 430 3576 1621 3890">
     <span class='ocr_line' id='line_1_27' title="bbox 467 3576 1621 3643; baseline -0.002 -14"><span class='ocrx_word' id='word_1_250' title='bbox 467 3581 495 3643; x_wconf 79' lang='grc'><strong>8)</strong></span> <span class='ocrx_word' id='word_1_251' title='bbox 520 3580 559 3628; x_wconf 86' lang='lat' dir='ltr'><strong>Sic</strong></span> <span class='ocrx_word' id='word_1_252' title='bbox 581 3579 646 3627; x_wconf 84' lang='grc' dir='ltr'><strong>Λ48</strong></span> <span class='ocrx_word' id='word_1_253' title='bbox 670 3577 709 3627; x_wconf 87' lang='lat' dir='ltr'><strong>nbi</strong></span> <span class='ocrx_word' id='word_1_254' title='bbox 732 3578 760 3627; x_wconf 92' lang='lat' dir='ltr'><strong>de</strong></span> <span class='ocrx_word' id='word_1_255' title='bbox 783 3577 966 3640; x_wconf 76' lang='lat' dir='ltr'><strong>Agamemnonis</strong></span> <span class='ocrx_word' id='word_1_256' title='bbox 983 3576 1050 3641; x_wconf 80' lang='lat' dir='ltr'><strong>galee</strong></span> <span class='ocrx_word' id='word_1_257' title='bbox 1066 3592 1146 3627; x_wconf 78' lang='lat' dir='ltr'><strong>sermo</strong></span> <span class='ocrx_word' id='word_1_258' title='bbox 1163 3580 1212 3635; x_wconf 83' lang='lat' dir='ltr'><strong>eet,</strong></span> <span class='ocrx_word' id='word_1_259' title='bbox 1228 3592 1297 3641; x_wconf 90' lang='lat' dir='ltr'><strong>quern</strong></span> <span class='ocrx_word' id='word_1_260' title='bbox 1314 3578 1465 3627; x_wconf 77' lang='lat' dir='ltr'><strong>thoracatum</strong></span> <span class='ocrx_word' id='word_1_261' title='bbox 1481 3576 1515 3627; x_wconf 87' lang='lat' dir='ltr'><strong>ibi</strong></span> <span class='ocrx_word' id='word_1_262' title='bbox 1533 3579 1621 3641; x_wconf 77' lang='lat' dir='ltr'><strong>fingere</strong></span> 
     </span>
     <span class='ocr_line' id='line_1_28' title="bbox 431 3658 1620 3728; baseline -0.001 -18"><span class='ocrx_word' id='word_1_263' title='bbox 431 3666 526 3728; x_wconf 69' lang='lat' dir='ltr'><strong>poetam</strong></span> <span class='ocrx_word' id='word_1_264' title='bbox 545 3661 647 3710; x_wconf 79' lang='lat' dir='ltr'><strong>uidimus</strong></span> <span class='ocrx_word' id='word_1_265' title='bbox 663 3676 735 3724; x_wconf 83' lang='lat' dir='ltr'><strong>supra</strong></span> <span class='ocrx_word' id='word_1_266' title='bbox 753 3677 775 3725; x_wconf 95' lang='lat' dir='ltr'><strong>p.</strong></span> <span class='ocrx_word' id='word_1_267' title='bbox 796 3660 852 3709; x_wconf 80' lang='grc'><strong>148.</strong></span> <span class='ocrx_word' id='word_1_268' title='bbox 876 3660 964 3708; x_wconf 76' lang='lat' dir='ltr'><strong>Versus</strong></span> <span class='ocrx_word' id='word_1_269' title='bbox 985 3658 1021 3708; x_wconf 86' lang='lat' dir='ltr'><strong>bie</strong></span> <span class='ocrx_word' id='word_1_270' title='bbox 1045 3659 1115 3718; x_wconf 89' lang='lat' dir='ltr'><strong>redit,</strong></span> <span class='ocrx_word' id='word_1_271' title='bbox 1132 3660 1218 3718; x_wconf 83' lang='lat' dir='ltr'><strong>r88&#39;l,</strong></span> <span class='ocrx_word' id='word_1_272' title='bbox 1235 3675 1305 3723; x_wconf 83' lang='lat' dir='ltr'><strong>quem</strong></span> <span class='ocrx_word' id='word_1_273' title='bbox 1324 3675 1418 3709; x_wconf 81' lang='lat' dir='ltr'><strong>uersum</strong></span> <span class='ocrx_word' id='word_1_274' title='bbox 1435 3675 1507 3724; x_wconf 76' lang='lat' dir='ltr'><strong>cupra</strong></span> <span class='ocrx_word' id='word_1_275' title='bbox 1525 3661 1620 3709; x_wconf 90' lang='lat' dir='ltr'><strong>dernen-</strong></span> 
     </span>
     <span class='ocr_line' id='line_1_29' title="bbox 430 3742 1620 3808; baseline -0.001 -14"><span class='ocrx_word' id='word_1_276' title='bbox 430 3745 561 3795; x_wconf 82' lang='lat' dir='ltr'><strong>etravimue</strong></span> <span class='ocrx_word' id='word_1_277' title='bbox 575 3745 608 3808; x_wconf 88' lang='lat' dir='ltr'><strong>(p.</strong></span> <span class='ocrx_word' id='word_1_278' title='bbox 623 3745 682 3807; x_wconf 81' lang='grc'><strong>188)</strong></span> <span class='ocrx_word' id='word_1_279' title='bbox 696 3743 867 3807; x_wconf 86' lang='lat' dir='ltr'><strong>interpolatum</strong></span> <span class='ocrx_word' id='word_1_280' title='bbox 881 3758 938 3801; x_wconf 82' lang='lat' dir='ltr'><strong>esee,</strong></span> <span class='ocrx_word' id='word_1_281' title='bbox 954 3747 978 3790; x_wconf 91' lang='lat' dir='ltr'><strong>et</strong></span> <span class='ocrx_word' id='word_1_282' title='bbox 994 3744 1084 3791; x_wconf 81' lang='lat'><strong>11188.</strong></span> <span class='ocrx_word' id='word_1_283' title='bbox 1104 3742 1152 3791; x_wconf 84' lang='lat' dir='ltr'><strong>llic</strong></span> <span class='ocrx_word' id='word_1_284' title='bbox 1162 3742 1284 3792; x_wconf 85' lang='lat' dir='ltr'><strong>Patroclus</strong></span> <span class='ocrx_word' id='word_1_285' title='bbox 1293 3743 1430 3808; x_wconf 81' lang='lat' dir='ltr'><strong>depingitur</strong></span> <span class='ocrx_word' id='word_1_286' title='bbox 1439 3758 1505 3792; x_wconf 83' lang='lat' dir='ltr'><strong>erma</strong></span> <span class='ocrx_word' id='word_1_287' title='bbox 1513 3743 1620 3804; x_wconf 77' lang='lat' dir='ltr'><strong>indueus,</strong></span> 
     </span>
     <span class='ocr_line' id='line_1_30' title="bbox 430 3824 1345 3890; baseline -0.002 -14"><span class='ocrx_word' id='word_1_288' title='bbox 430 3828 498 3876; x_wconf 87' lang='lat' dir='ltr'><strong>iuter</strong></span> <span class='ocrx_word' id='word_1_289' title='bbox 514 3842 574 3890; x_wconf 87' lang='lat' dir='ltr'><strong>quae</strong></span> <span class='ocrx_word' id='word_1_290' title='bbox 590 3830 626 3874; x_wconf 86' lang='lat' dir='ltr'><strong>eet</strong></span> <span class='ocrx_word' id='word_1_291' title='bbox 643 3826 714 3874; x_wconf 85' lang='lat' dir='ltr'><strong>etiam</strong></span> <span class='ocrx_word' id='word_1_292' title='bbox 733 3826 819 3875; x_wconf 84' lang='lat' dir='ltr'><strong>thorax</strong></span> <span class='ocrx_word' id='word_1_293' title='bbox 836 3840 922 3874; x_wconf 79' lang='lat' dir='ltr'><strong>uenena</strong></span> <span class='ocrx_word' id='word_1_294' title='bbox 938 3824 977 3885; x_wconf 82' lang='lat' dir='ltr'><strong>(cf.</strong></span> <span class='ocrx_word' id='word_1_295' title='bbox 994 3840 1066 3890; x_wconf 79' lang='lat' dir='ltr'><strong>supra</strong></span> <span class='ocrx_word' id='word_1_296' title='bbox 1084 3841 1106 3890; x_wconf 90' lang='lat' dir='ltr'><strong>p.</strong></span> <span class='ocrx_word' id='word_1_297' title='bbox 1127 3826 1174 3874; x_wconf 85' lang='grc'><strong>188</strong></span> <span class='ocrx_word' id='word_1_298' title='bbox 1192 3825 1217 3874; x_wconf 90' lang='lat' dir='ltr'><strong>in</strong></span> <span class='ocrx_word' id='word_1_299' title='bbox 1235 3842 1290 3874; x_wconf 85' lang='lat' dir='ltr'><strong>anu.</strong></span> <span class='ocrx_word' id='word_1_300' title='bbox 1311 3826 1345 3889; x_wconf 88' lang='grc'><strong>1),</strong></span> 
     </span>
    </p>

    <p class='ocr_par' dir='ltr' id='par_1_7' title="bbox 426 3906 1621 4371">
     <span class='ocr_line' id='line_1_31' title="bbox 469 3906 1621 3973; baseline -0.001 -15"><span class='ocrx_word' id='word_1_301' title='bbox 469 3910 497 3972; x_wconf 89' lang='grc'><strong>8)</strong></span> <span class='ocrx_word' id='word_1_302' title='bbox 514 3909 601 3967; x_wconf 65' lang='grc'><strong>1887,</strong></span> <span class='ocrx_word' id='word_1_303' title='bbox 615 3908 656 3973; x_wconf 89' lang='lat' dir='ltr'><strong>qui</strong></span> <span class='ocrx_word' id='word_1_304' title='bbox 672 3907 737 3956; x_wconf 77' lang='lat' dir='ltr'><strong>locus</strong></span> <span class='ocrx_word' id='word_1_305' title='bbox 750 3908 886 3971; x_wconf 88' lang='lat' dir='ltr'><strong>ceteroquin</strong></span> <span class='ocrx_word' id='word_1_306' title='bbox 902 3923 949 3956; x_wconf 80' lang='lat' dir='ltr'><strong>non</strong></span> <span class='ocrx_word' id='word_1_307' title='bbox 965 3907 1058 3967; x_wconf 85' lang='lat' dir='ltr'><strong>ditiert,</strong></span> <span class='ocrx_word' id='word_1_308' title='bbox 1073 3906 1158 3957; x_wconf 69' lang='lat' dir='ltr'><strong>eleum</strong></span> <span class='ocrx_word' id='word_1_309' title='bbox 1167 3907 1238 3957; x_wconf 82' lang='lat' dir='ltr'><strong>verbe</strong></span> <span class='ocrx_word' id='word_1_310' title='bbox 1247 3906 1358 3968; x_wconf 75' lang='grc' dir='ltr'><strong><em>ἐικθροθι</em></strong></span> <span class='ocrx_word' id='word_1_311' title='bbox 1368 3909 1462 3971; x_wconf 69' lang='grc' dir='ltr'><strong>βριαρῇ,</strong></span> <span class='ocrx_word' id='word_1_312' title='bbox 1475 3912 1621 3972; x_wconf 86' lang='lat' dir='ltr'><strong>queprcpter</strong></span> 
     </span>
     <span class='ocr_line' id='line_1_32' title="bbox 430 3987 1619 4049; baseline -0.003 -8"><span class='ocrx_word' id='word_1_313' title='bbox 430 4008 470 4042; x_wconf 82' lang='lat' dir='ltr'><strong>ree</strong></span> <span class='ocrx_word' id='word_1_314' title='bbox 489 3990 521 4039; x_wconf 87' lang='lat' dir='ltr'><strong>ibi</strong></span> <span class='ocrx_word' id='word_1_315' title='bbox 539 3991 587 4039; x_wconf 87' lang='lat' dir='ltr'><strong>ulie</strong></span> <span class='ocrx_word' id='word_1_316' title='bbox 604 3994 647 4040; x_wconf 85' lang='lat' dir='ltr'><strong>eet.</strong></span> <span class='ocrx_word' id='word_1_317' title='bbox 666 3991 777 4039; x_wconf 84' lang='lat' dir='ltr'><strong>Ceterum</strong></span> <span class='ocrx_word' id='word_1_318' title='bbox 794 3990 868 4038; x_wconf 84' lang='grc' dir='ltr'><strong>Ξ488</strong></span> <span class='ocrx_word' id='word_1_319' title='bbox 886 3987 925 4039; x_wconf 87' lang='lat' dir='ltr'><strong>ubi</strong></span> <span class='ocrx_word' id='word_1_320' title='bbox 941 3990 1056 4039; x_wconf 86' lang='lat' dir='ltr'><strong>Peneleue</strong></span> <span class='ocrx_word' id='word_1_321' title='bbox 1075 3990 1276 4049; x_wconf 70' lang='lat' dir='ltr'><strong>llioneo,&#39;r4&#39;18</strong></span> <span class='ocrx_word' id='word_1_322' title='bbox 1296 3988 1336 4039; x_wconf 88' lang='lat' dir='ltr'><strong>nbi</strong></span> <span class='ocrx_word' id='word_1_323' title='bbox 1354 3989 1459 4038; x_wconf 69' lang='lat' dir='ltr'><strong>achillee</strong></span> <span class='ocrx_word' id='word_1_324' title='bbox 1473 3988 1619 4048; x_wconf 82' lang='lat' dir='ltr'><strong>Deucelioui,</strong></span> 
     </span>
     <span class='ocr_line' id='line_1_33' title="bbox 430 4069 1618 4139; baseline -0.002 -16"><span class='ocrx_word' id='word_1_325' title='bbox 430 4073 514 4139; x_wconf 86' lang='lat' dir='ltr'><strong>gladio</strong></span> <span class='ocrx_word' id='word_1_326' title='bbox 536 4073 625 4121; x_wconf 80' lang='lat' dir='ltr'><strong>cervice</strong></span> <span class='ocrx_word' id='word_1_327' title='bbox 649 4088 727 4131; x_wconf 67' lang='lat' dir='ltr'><strong>cama,</strong></span> <span class='ocrx_word' id='word_1_328' title='bbox 753 4072 813 4127; x_wconf 76' lang='grc' dir='ltr'><strong>τῆλ’</strong></span> <span class='ocrx_word' id='word_1_329' title='bbox 835 4069 899 4135; x_wconf 67' lang='grc' dir='ltr'><strong>αὐτῇ</strong></span> <span class='ocrx_word' id='word_1_330' title='bbox 918 4069 1008 4128; x_wconf 76' lang='grc' dir='ltr'><strong><em>πήληκι</em></strong></span> <span class='ocrx_word' id='word_1_331' title='bbox 1028 4070 1088 4132; x_wconf 66' lang='grc' dir='ltr'><strong><em>κάρη</em></strong></span> <span class='ocrx_word' id='word_1_332' title='bbox 1108 4070 1194 4132; x_wconf 77' lang='grc' dir='ltr'><strong>’βάλε,</strong></span> <span class='ocrx_word' id='word_1_333' title='bbox 1211 4071 1301 4120; x_wconf 83' lang='lat' dir='ltr'><strong>Rcbert</strong></span> <span class='ocrx_word' id='word_1_334' title='bbox 1317 4071 1365 4135; x_wconf 87' lang='grc'><strong>(1.1.</strong></span> <span class='ocrx_word' id='word_1_335' title='bbox 1385 4088 1406 4136; x_wconf 92' lang='lat' dir='ltr'><strong>p.</strong></span> <span class='ocrx_word' id='word_1_336' title='bbox 1426 4072 1488 4137; x_wconf 87' lang='grc'><strong>888)</strong></span> <span class='ocrx_word' id='word_1_337' title='bbox 1503 4071 1554 4120; x_wconf 82' lang='lat' dir='ltr'><strong>fleri</strong></span> <span class='ocrx_word' id='word_1_338' title='bbox 1571 4086 1618 4121; x_wconf 88' lang='lat' dir='ltr'><strong>uon</strong></span> 
     </span>
     <span class='ocr_line' id='line_1_34' title="bbox 426 4153 1619 4223; baseline -0.002 -19"><span class='ocrx_word' id='word_1_339' title='bbox 426 4171 499 4223; x_wconf 79' lang='lat' dir='ltr'><strong>poree</strong></span> <span class='ocrx_word' id='word_1_340' title='bbox 522 4155 557 4204; x_wconf 87' lang='lat' dir='ltr'><strong>ait</strong></span> <span class='ocrx_word' id='word_1_341' title='bbox 579 4159 605 4204; x_wconf 89' lang='lat' dir='ltr'><strong>ut</strong></span> <span class='ocrx_word' id='word_1_342' title='bbox 628 4157 713 4219; x_wconf 74' lang='lat' dir='ltr'><strong>egetur</strong></span> <span class='ocrx_word' id='word_1_343' title='bbox 731 4155 760 4203; x_wconf 93' lang='lat' dir='ltr'><strong>de</strong></span> <span class='ocrx_word' id='word_1_344' title='bbox 777 4154 844 4218; x_wconf 81' lang='lat' dir='ltr'><strong>galee</strong></span> <span class='ocrx_word' id='word_1_345' title='bbox 860 4158 959 4204; x_wconf 76' lang='lat' dir='ltr'><strong>emrtee.</strong></span> <span class='ocrx_word' id='word_1_346' title='bbox 984 4157 1016 4203; x_wconf 79' lang='lat' dir='ltr'><strong>At</strong></span> <span class='ocrx_word' id='word_1_347' title='bbox 1034 4170 1081 4203; x_wconf 93' lang='lat' dir='ltr'><strong>uon</strong></span> <span class='ocrx_word' id='word_1_348' title='bbox 1099 4155 1168 4204; x_wconf 81' lang='lat' dir='ltr'><strong>uideo</strong></span> <span class='ocrx_word' id='word_1_349' title='bbox 1184 4169 1227 4204; x_wconf 86' lang='lat' dir='ltr'><strong>cur</strong></span> <span class='ocrx_word' id='word_1_350' title='bbox 1244 4154 1360 4203; x_wconf 83' lang='lat' dir='ltr'><strong>eiusmodi</strong></span> <span class='ocrx_word' id='word_1_351' title='bbox 1377 4154 1456 4218; x_wconf 70' lang='lat' dir='ltr'><strong>gelen,</strong></span> <span class='ocrx_word' id='word_1_352' title='bbox 1473 4170 1544 4218; x_wconf 79' lang='lat' dir='ltr'><strong>quum</strong></span> <span class='ocrx_word' id='word_1_353' title='bbox 1560 4153 1619 4202; x_wconf 85' lang='lat' dir='ltr'><strong>vidi·</strong></span> 
     </span>
     <span class='ocr_line' id='line_1_35' title="bbox 431 4236 1621 4305; baseline 0.001 -17"><span class='ocrx_word' id='word_1_354' title='bbox 431 4253 488 4288; x_wconf 81' lang='lat' dir='ltr'><strong>mue</strong></span> <span class='ocrx_word' id='word_1_355' title='bbox 503 4237 538 4302; x_wconf 91' lang='lat' dir='ltr'><strong>(p.</strong></span> <span class='ocrx_word' id='word_1_356' title='bbox 555 4237 613 4301; x_wconf 89' lang='grc'><strong>188)</strong></span> <span class='ocrx_word' id='word_1_357' title='bbox 630 4238 673 4286; x_wconf 84' lang='lat' dir='ltr'><strong>sub</strong></span> <span class='ocrx_word' id='word_1_358' title='bbox 691 4241 772 4286; x_wconf 87' lang='lat' dir='ltr'><strong>mento</strong></span> <span class='ocrx_word' id='word_1_359' title='bbox 791 4236 849 4285; x_wconf 83' lang='lat' dir='ltr'><strong>loris</strong></span> <span class='ocrx_word' id='word_1_360' title='bbox 865 4237 958 4301; x_wconf 82' lang='lat' dir='ltr'><strong>apteri,</strong></span> <span class='ocrx_word' id='word_1_361' title='bbox 979 4252 1027 4286; x_wconf 87' lang='lat' dir='ltr'><strong>uon</strong></span> <span class='ocrx_word' id='word_1_362' title='bbox 1044 4237 1120 4304; x_wconf 83' lang='lat' dir='ltr'><strong>posuit</strong></span> <span class='ocrx_word' id='word_1_363' title='bbox 1138 4237 1216 4305; x_wconf 80' lang='lat' dir='ltr'><strong>capite</strong></span> <span class='ocrx_word' id='word_1_364' title='bbox 1233 4237 1337 4304; x_wconf 85' lang='lat' dir='ltr'><strong>preeciec</strong></span> <span class='ocrx_word' id='word_1_365' title='bbox 1355 4253 1401 4286; x_wconf 86' lang='grc' dir='ltr'><strong><em>ιιιιε</em></strong></span> <span class='ocrx_word' id='word_1_366' title='bbox 1417 4252 1470 4286; x_wconf 88' lang='lat' dir='ltr'><strong>curu</strong></span> <span class='ocrx_word' id='word_1_367' title='bbox 1487 4252 1515 4288; x_wconf 84' lang='lat' dir='ltr'><strong>eo</strong></span> <span class='ocrx_word' id='word_1_368' title='bbox 1530 4236 1556 4287; x_wconf 89' lang='lat' dir='ltr'><strong>iu</strong></span> <span class='ocrx_word' id='word_1_369' title='bbox 1572 4241 1621 4289; x_wconf 82' lang='lat' dir='ltr'><strong>ter-</strong></span> 
     </span>
     <span class='ocr_line' id='line_1_36' title="bbox 431 4320 618 4371; baseline -0.016 0"><span class='ocrx_word' id='word_1_370' title='bbox 431 4337 487 4371; x_wconf 83' lang='lat' dir='ltr'><strong>rem</strong></span> <span class='ocrx_word' id='word_1_371' title='bbox 505 4320 618 4368; x_wconf 86' lang='lat' dir='ltr'><strong>decidere.</strong></span> 
     </span>
    </p>

    <p class='ocr_par' dir='ltr' id='par_1_8' title="bbox 466 4402 753 4467">
     <span class='ocr_line' id='line_1_37' title="bbox 466 4402 753 4467; baseline 0 -16"><span class='ocrx_word' id='word_1_372' title='bbox 466 4406 496 4462; x_wconf 87' lang='grc'><strong>4)</strong></span> <span class='ocrx_word' id='word_1_373' title='bbox 514 4402 551 4451; x_wconf 80' lang='lat' dir='ltr'><strong>Ci.</strong></span> <span class='ocrx_word' id='word_1_374' title='bbox 567 4417 640 4467; x_wconf 80' lang='lat' dir='ltr'><strong>cupre</strong></span> <span class='ocrx_word' id='word_1_375' title='bbox 656 4418 680 4467; x_wconf 90' lang='lat' dir='ltr'><strong>p.</strong></span> <span class='ocrx_word' id='word_1_376' title='bbox 700 4403 753 4451; x_wconf 82' lang='grc'><strong>184.</strong></span> 
     </span>
    </p>

    <p class='ocr_par' dir='ltr' id='par_1_9' title="bbox 466 4484 737 4550">
     <span class='ocr_line' id='line_1_38' title="bbox 466 4484 737 4550; baseline 0.015 -19"><span class='ocrx_word' id='word_1_377' title='bbox 466 4487 496 4548; x_wconf 76' lang='grc'><strong>8)</strong></span> <span class='ocrx_word' id='word_1_378' title='bbox 516 4484 575 4535; x_wconf 83' lang='lat' dir='ltr'><strong>Vide</strong></span> <span class='ocrx_word' id='word_1_379' title='bbox 592 4484 655 4533; x_wconf 80' lang='lat' dir='ltr'><strong>inira</strong></span> <span class='ocrx_word' id='word_1_380' title='bbox 672 4488 684 4550; x_wconf 66' lang='lat'>5</span> <span class='ocrx_word' id='word_1_381' title='bbox 699 4484 737 4535; x_wconf 86' lang='grc'><strong>18.</strong></span> 
     </span>
    </p>
   </div>
   <div class='ocr_carea' id='block_1_6' title="bbox 0 0 2268 5943">
    <p class='ocr_par' dir='ltr' id='par_1_10' title="bbox 0 0 2268 5943">
     <span class='ocr_line' id='line_1_39' title="bbox 0 0 2268 5943; baseline 0 0"><span class='ocrx_word' id='word_1_382' title='bbox 0 0 2268 5943; x_wconf 95' lang='lat' dir='ltr'><strong> </strong></span> 
     </span>
    </p>
   </div>
  </div>
 </body>
</html>
