4525 5950
655 684 720 750 114
990 705 1032 752 nn
1054 704 1202 754 vnonecn
1225 705 1309 753 erun
1331 706 1499 755 scansuro
1607 697 1609 701 '

649 869 785 933 tentiam
815 867 877 933 loci
899 890 962 933 non
985 890 1065 954 opus
1089 874 1138 933 eet
1163 874 1200 934 ut
1223 870 1341 946 γύαλον
1364 872 1407 934 sit
1429 875 1574 935 aeneum.
1604 869 1710 936 Versu
1733 876 1846 937 antem

649 977 810 1060 superiore
844 982 871 1039 N
894 973 969 1053 606,
994 986 1015 1040 P
1039 975 1104 1040 314
1128 975 1247 1041 vulnus
1269 975 1430 1041 inflictum
1454 997 1523 1043 esse
1547 977 1719 1043 dicebatur
1751 979 1850 1055 μέσην

651 1084 734 1147 aar&
771 1083 923 1160 γσστέρσ.
958 1082 1068 1168 Itaque
1100 1082 1138 1147 de
1166 1082 1296 1148 laminis
1328 1083 1540 1168 pectoralibus
1572 1086 1627 1148 vix
1660 1084 1717 1149 hic
1742 1106 1849 1151 sermo

651 1209 718 1254 esse
753 1196 871 1274 potest,
907 1189 957 1254 his
992 1191 1078 1254 enim
1115 1189 1281 1273 perfractis
1316 1210 1379 1253 non
1418 1196 1529 1254 venter
1562 1188 1616 1255 vel
1657 1192 1854 1257 stomachus

649 1295 882 1362 vulneraretur.
915 1298 963 1361 Ab
994 1295 1093 1361 altera
1122 1302 1213 1382 parte
1245 1293 1358 1360 13537
1389 1297 1612 1381 Agamemnon
1636 1295 1853 1364 DeIcoontem

649 1403 846 1488 perfodiens,
878 1410 974 1489 atque
1005 1406 1125 1489 pariter
1157 1402 1265 1467 5615
1289 1403 1468 1488 Amphium
1492 1406 1591 1480 Aiax,
1618 1402 1728 1469 n517
1755 1408 1854 1471 Anto

651 1509 766 1576 medon
801 1513 955 1587 Arctum,
996 1510 1123 1575 hastam
1160 1509 1297 1589 νεαθρη
1334 1510 1364 1572 έν
1394 1509 1524 1588 γαστέρι
1555 1510 1608 1574 tra
1640 1508 1853 1589 ζωστῆρος

651 1613 792 1681 έλσισσεν.
835 1617 954 1697 Quodsi
995 1610 1105 1681 autem
1141 1615 1283 1680 balteo
1318 1615 1469 1681 transfixo
1505 1614 1705 1682 vulneratur
1747 1619 1855 1697 νέσιρσ

650 1725 791 1802 γσστθρ,
819 1727 935 1789 sinus
961 1727 1085 1789 tunicae
1112 1723 1212 1788 scindi
1235 1729 1358 1808 potest,
1381 1726 1428 1787 ita
1449 1730 1485 1788 ut
1505 1722 1702 1789 vulneretur
1727 1730 1854 1803 γαστηρ

654 1830 733 1907 μέση
756 1829 793 1910 ¹).

696 1934 864 2013 Ceterum,
885 1936 968 2022 quod
989 1937 1159 2002 verborum
1178 1938 1304 2011 θώρηκος
1325 1938 1443 2013 years
1462 1938 1689 2021 interpretatio
1713 1938 1853 2005 diversis

649 2042 727 2108 locis
751 2042 870 2117 differt,
895 2043 986 2108 facile
1010 2045 1056 2108 sic
1080 2042 1258 2127 explicatur
1282 2049 1319 2107 ut
1343 2044 1531 2107 recentiores
1554 2047 1668 2127 poetas
1690 2048 1854 2111 vetustior

565 2132 569 2137 ⁴
651 2170 728 2214 usus
752 2147 911 2214 fefellerit.

1214 2382 1282 2468 §a

651 2611 672 2652 Δ
692 2595 741 2673 12²
751 2615 811 2666 aaa·
830 2602 863 2669 (Τ
877 2603 993 2669 41486)
1010 2603 1084 2671 licei
1102 2605 1146 2653 ¹¹¹·
1227 2602 1319 2668 Nunc
1341 2601 1480 2667 alterum
1498 2601 1606 2666 locum
1626 2603 1779 2683 afferam,
1801 2608 1851 2671 nbi

686 2690 856 2755 teuegenous
878 2695 919 2741 ⁰⁸¹
935 2691 1031 2741 “mm
1051 2691 1146 2741 lintea.
1182 2730 1244 2773 vox
1268 2707 1361 2786 θώρηξ
1377 2709 1489 2774 eodem
1507 2709 1602 2774 modo
1622 2710 1849 2800 intellegenda

650 2814 778 2879 videtur
801 2821 896 2900 atque
918 2818 953 2879 in
977 2814 1140 2880 Diomedis
1164 2815 1384 2880 vulneratione
1410 2816 1504 2879 modo
1529 2818 1740 2901 pertractata.

697 2921 842 2986 Menelao
865 2921 953 2986 adest
976 2922 1125 2988 Minerva
1149 2943 1188 2987 ne
1207 2921 1304 2988 letale
1325 2925 1354 2987 ei
1375 2921 1491 2987 vulnus
1511 2921 1637 3008 infligat
1659 2922 1831 2991 Pandarus
1838 2946 1845 3000 ;

649 3031 803 3115 sagittam
827 3031 896 3093 eius
921 3041 946 3092 Δ
969 3028 1032 3093 132
1045 3051 1091 3115 sq.
1117 3030 1174 3095 dea
1194 3051 1230 3095 eo
1253 3030 1391 3095 intendit
1410 3031 1467 3094 ubi
1487 3028 1632 3107 ζωστῆρος
1655 3032 1757 3110 ὀχῆες
1779 3057 1845 3111 χρώ

652 3138 725 3200 σέῒρρ
759 3138 888 3215 σύνεχον
920 3137 971 3199 καὶ
1004 3136 1125 3206 δίτλρος
1159 3139 1263 3211 ἤντετο
1296 3135 1397 3215 θώρηξ.
1434 3137 1543 3221 Neque
1574 3136 1672 3201 aliter
1705 3139 1843 3204 Achilles

651 3243 741 3307 hasta
772 3242 971 3329 Polydorum
1002 3244 1076 3308 ferit
1107 3244 1220 3308 Τ414
1240 3266 1303 3328 sq.,
1336 3245 1393 3309 ubi
1418 3244 1563 3323 ζωστῆρος
1588 3247 1685 3323 ὀχῆες
1711 3249 1841 3325 χρυσέῐσι

653 3350 782 3429 σύνεχον
807 3349 857 3412 καὶ
884 3350 1004 3417 linaceo
1032 3348 1137 3423 ἤντετο
1162 3348 1264 3427 θώρηξ.

696 3455 786 3535 Quod
818 3461 953 3540 utroque
984 3456 1041 3522 hoc
1072 3455 1143 3521 loco
1174 3457 1287 3521 thorax
1320 3455 1439 3543 duplex
1469 3477 1537 3521 esse
1567 3455 1690 3521 dicitur
1722 3459 1841 3543 Helbig

652 3584 681 3627 v.
696 3561 726 3626 d.
752 3564 795 3626 sic
819 3560 958 3646 explicat
971 3560 1006 3643 ²),
1031 3570 1084 3640 ut,
1110 3562 1239 3648 qualem
1262 3563 1382 3649 fingere
1406 3563 1548 3627 vidimus
1567 3561 1785 3642 Pausaniam,
1806 3586 1839 3629 er

651 3669 773 3734 duabus
808 3670 987 3733 constiterit
1021 3670 1165 3756 partibus
1200 3672 1322 3747 eineis,
1354 3669 1454 3734 altera
1484 3676 1594 3754 pectus
1627 3677 1661 3733 et
1695 3678 1839 3743 uterum,

650 3775 749 3840 altera
781 3779 911 3859 tergum
941 3781 1088 3859 tegente,
1114 3796 1250 3860 quarum
1275 3776 1313 3840 ab
1337 3783 1477 3861 utroque
1500 3774 1599 3839 latere
1622 3773 1727 3840 altera
1750 3777 1838 3841 alteri

561 3936 564 3942 ,
651 3883 899 3965 superimposita
923 3887 1015 3946 esset.
1039 3880 1100 3945 Sed
1120 3882 1179 3946 hoc
1199 3904 1260 3947 non
1282 3888 1365 3947 recte
1385 3903 1417 3946 se
1438 3882 1551 3946 habere
1565 3881 1646 3946 vidit
1659 3881 1795 3947 Reichel
1808 3881 1838 3954 ³),

651 4009 726 4052 nam
760 3994 894 4072 uterque
925 3988 1054 4065 thorax,
1087 3988 1228 4053 Menelai
1259 3988 1331 4053 volo
1363 3996 1394 4053 et
1425 3987 1598 4074 Polydori,
1630 3988 1694 4052 ibi
1723 3988 1837 4074 duplex

651 4095 748 4158 fuisse
768 4093 886 4157 dicitnr
905 4094 976 4158 uhi
999 4101 1230 4178 percuteretur,
1256 4094 1456 4180 Polydorum
1480 4101 1589 4158 autem
1613 4116 1632 4159 a
1656 4100 1750 4182 tergo
1776 4093 1837 4159 vnl-

601 4231 603 4235 ⁴
651 4203 755 4264 nerari
774 4205 877 4282 patet,
899 4203 1051 4283 quoniam
1075 4201 1167 4264 hasta
1191 4203 1258 4264 exit
1277 4222 1334 4284 per
1353 4200 1545 4265 umbilicum
1565 4210 1591 4263 Τ
1605 4199 1683 4274 416,
1706 4208 1738 4265 et
1760 4202 1837 4264 Atri-

652 4306 709 4371 dae
741 4306 874 4369 femur
904 4316 1128 4390 utrumque
1160 4309 1382 4393 conspergitur
1412 4309 1567 4392 sanguine
1595 4318 1621 4369 Δ
1645 4306 1712 4371 146
1731 4328 1789 4392 sq.,
1811 4308 1836 4369 is

688 4587 712 4647 1)
731 4586 842 4633 Attamen
867 4586 967 4647 utroque
991 4582 1042 4631 loco
1060 4582 1247 4646 intellegendum
1264 4582 1339 4631 videri
1358 4582 1480 4631 thoracem
1497 4585 1595 4631 aenium
1613 4586 1714 4647 propter
1730 4595 1835 4633 moure

651 4667 826 4731 comparatione
841 4666 956 4724 eliorum,
971 4664 1110 4729 quibuscum
1124 4666 1252 4713 cohaerent
1265 4680 1325 4728 qnae
1339 4664 1390 4713 illic
1405 4664 1834 4728 narr-ntunpctitnrideintnt14.

687 4751 713 4811 2)
733 4751 779 4797 Dee
798 4750 857 4813 ltpor
875 4763 916 4797 aur
933 4749 977 4797 den
999 4747 1157 4797 Denkmiilern
1176 4747 1292 4797 erlintert
1310 4764 1333 4812 p.
1350 4748 1443 4812 286⁸sp

688 4831 764 4895 3)11.
784 4832 836 4878 W.¹
860 4848 882 4895 p.
903 4832 944 4879 66.
