4525 5950
559 693 625 760 392
1080 713 1225 762 rsorrns.

556 879 583 943 si
607 879 785 943 vetustiora
808 880 949 962 repetas,
972 882 1111 942 stantem
1134 877 1292 964 populum
1315 879 1525 963 spectavisse,
1545 900 1603 957 ne,
1625 882 1654 944 si
1675 901 1745 945 con-

555 983 689 1059 sideret,
713 983 838 1048 theatro
862 982 928 1048 dies
952 989 1035 1048 totos
1058 985 1188 1070 ignavia
1211 982 1441 1050 continuaret.”

600 1091 787 1157 Rectissime
816 1089 965 1177 Agricola
995 1090 1186 1175 particulam
1216 1114 1269 1167 aa,
1295 1111 1374 1176 quae
1397 1093 1430 1154 in
1455 1090 1560 1156 codice
1584 1098 1659 1177 poet
1681 1115 1746 1155 coa·

553 1198 686 1262 assaret
708 1197 840 1283 legitur,
864 1198 927 1262 huo
950 1200 1129 1275 transiecit,
1155 1198 1212 1262 ubi
1231 1218 1314 1262 nunc
1333 1203 1383 1261 est
1401 1199 1434 1261 in
1455 1197 1662 1263 editionibus.
1683 1198 1744 1263 Sed

552 1326 613 1369 uon
645 1304 775 1389 perfecit
798 1303 1070 1381 emendationem;
1096 1305 1170 1369 terri
1193 1307 1279 1369 enim
1304 1325 1364 1368 non
1389 1309 1494 1388 potest
1517 1305 1653 1381 theatro,
1678 1308 1743 1370 eive

440 1446 441 1450 =
551 1431 627 1475 oum
646 1409 819 1488 samaeas,
841 1413 908 1474 sive
927 1431 1002 1474 cum
1021 1409 1210 1473 continuaret
1227 1412 1347 1496 iungis.
1367 1409 1562 1495 Inmargine
1574 1411 1744 1496 adscripsit

552 1519 604 1581 vir
635 1517 761 1601 probior
792 1536 889 1602 quam
920 1516 1087 1593 sollertior,
1120 1522 1267 1581 metuens
1299 1537 1337 1580 ne
1368 1519 1439 1600 quis
1468 1518 1635 1602 ignoraret
1663 1538 1741 1603 quse

551 1622 673 1702 paccio
696 1622 749 1686 hio
773 1628 855 1687 esset
880 1621 1100 1707 intelligenda.

596 1730 634 1793 A.
659 1726 743 1804 XIV,
765 1727 817 1794 38.
842 1728 879 1793 In
900 1729 1065 1793 Britannia
1083 1727 1188 1793 Iulius
1209 1725 1368 1794 Classicus
1387 1735 1572 1813 procurator
1593 1729 1739 1794 omnibus

549 1835 654 1901 modis
677 1835 886 1913 Suetonium,
911 1838 967 1919 qui
991 1836 1145 1900 hactenus
1170 1837 1258 1900 vario
1283 1843 1399 1899 eventu
1424 1856 1493 1900 rem
1515 1835 1561 1899 ibi
1581 1843 1737 1922 gesserat,

550 1941 774 2029 oppugnabat:

596 2046 714 2125 „simul
744 2050 777 2112 in
809 2047 921 2111 urbem
946 2047 1117 2112 mandabat
1141 2046 1270 2112 nullum
1293 2046 1485 2133 proeliorum
1509 2047 1607 2113 finem
1632 2070 1738 2134 expec-

547 2159 668 2231 tarent,
688 2156 750 2218 nisi
770 2154 990 2219 succederetur
1010 2153 1177 2231 Suetonio,
1198 2157 1290 2219 cuius
1310 2153 1443 2218 adversa
1454 2157 1609 2240 pravitati
1622 2158 1736 2240 ipsius,

548 2281 698 2347 prospera
720 2262 762 2323 ad
776 2259 940 2344 fortunam
963 2260 1061 2342 ipsias
1084 2260 1272 2327 referebat.’'

592 2367 644 2432 Sic
667 2371 715 2431 est
737 2369 771 2431 iu
794 2366 916 2444 codiee;
939 2388 995 2453 pro
1014 2367 1111 2448 iper'm
1128 2373 1238 2431 autem
1257 2369 1335 2432 eatis
1355 2366 1528 2433 audaeibus
1545 2371 1736 2433 coniecturis

549 2472 746 2539 Puteolanus
765 2473 962 2555 reipublicae,
981 2472 1129 2539 Sirkerus
1142 2475 1328 2555 imperatorie
1341 2483 1560 2559 reposuerunt.
1581 2473 1646 2539 Sed
1659 2473 1735 2539 nihil

545 2579 695 2662 pravitati
726 2579 823 2661 aptiae
854 2578 1034 2666 elegantius
1065 2582 1247 2665 opponitur,
1272 2600 1368 2664 quam
1393 2580 1477 2644 nuda
1500 2601 1565 2645 vox
1582 2581 1734 2664 sortem

547 2696 631 2752 recte
663 2707 739 2772 ergo
761 2685 916 2751 Erneetus
939 2688 980 2749 ad
996 2686 1158 2770 sarbaram
1181 2686 1332 2770 referebat
1356 2685 1558 2751 scribendum
1583 2706 1654 2751 esse
1677 2692 1734 2751 eta·

546 2795 629 2868 tuit,
654 2790 918 2878 magistelloque,
943 2794 1054 2877 quiin
1078 2794 1223 2878 margine
1247 2794 1409 2877 appinxit,
1433 2812 1531 2857 suum
1554 2792 1618 2856 sibi
1642 2793 1735 2876 ν’ρνὶω

546 2899 752 2964 reddendum.

590 3010 628 3072 A.
652 3004 739 3083 XIV,
765 3004 816 3071 51.
842 3003 979 3091 Cognito
1002 3005 1062 3069 sibi
1086 3026 1105 3070 a
1129 3004 1325 3071 delatoribus
1346 3005 1478 3070 insidias
1497 3008 1597 3083 strui,
1618 3006 1733 3073 Seneca

542 3111 741 3197 colloquium
764 3132 783 3175 a
805 3111 930 3177 Nerone
952 3114 1035 3196 petit
1056 3115 1289 3197 impetratque,
1318 3114 1352 3177 in
1376 3132 1456 3197 quo,
1481 3132 1603 3197 gnarus
1628 3134 1646 3178 e
1670 3115 1733 3178 suis

543 3218 686 3295 divitiis,
718 3220 879 3302 potentia,
911 3216 1110 3302 eloquentiae
1130 3218 1232 3295 fama,
1256 3221 1444 3302 praesertim
1466 3216 1648 3303 perieulum
1674 3219 1732 3283 sibi

542 3326 629 3389 nasci
653 3330 686 3389 et
710 3322 773 3388 alia
797 3324 876 3388 dicit
900 3330 932 3389 et
955 3324 1049 3389 baec:

589 3450 685 3507 „cum
705 3450 780 3514 opes
800 3450 886 3494 meas
905 3429 992 3495 ultra
1012 3432 1168 3495 sustinere
1188 3452 1250 3496 non
1270 3432 1409 3516 poesim,
1431 3430 1629 3516 praesidium
1642 3439 1728 3518 peto:

541 3538 652 3601 iuvere
671 3544 891 3621 procuratores
912 3542 985 3600 tuos
1004 3535 1235 3614 administrari,
1256 3540 1290 3600 in
1310 3543 1399 3601 tuam
1419 3537 1580 3602 fortunam
1598 3538 1729 3625 recipi.’'

587 3642 640 3708 Sic
670 3644 703 3706 in
734 3641 839 3707 codice
867 3644 1013 3727 aprima
1038 3663 1136 3707 manu
1160 3651 1224 3721 est,
1249 3642 1348 3707 altera
1370 3644 1437 3706 iate
1459 3646 1596 3708 correxit
1620 3651 1655 3710 et
1672 3668 1728 3728 per

540 3748 679 3826 addidit,
714 3749 796 3813 unde
827 3770 911 3813 nune
942 3748 1130 3834 plerumque
1162 3751 1228 3813 iube
1259 3773 1319 3813 rem
1343 3773 1403 3832 per
1427 3758 1640 3832 procuratores
1667 3760 1728 3815 taos

541 3855 749 3920 adraiorstrarr'
781 3855 895 3920 editur.
927 3855 1117 3942 Elegantius
1146 3856 1198 3921 illi
1230 3859 1285 3941 qui
1314 3856 1401 3921 istud
1431 3880 1490 3920 rere
1521 3863 1581 3938 (re)
1604 3879 1728 3944 quoque

540 3962 725 4038 eliminant,
758 3962 858 4046 quod,
889 3966 1033 4048 proxime
1056 3963 1261 4047 praecedente
1284 3986 1368 4044 opes,
1393 3962 1486 4048 plane
1509 3971 1558 4029 est
1580 3986 1727 4051 superra-

539 4089 653 4145 cuum;
691 4075 802 4132 utrum
832 4068 899 4132 r'abe
928 4092 986 4151 per
1011 4077 1222 4152 promotores
1253 4077 1318 4134 taos
1349 4070 1558 4133 αᾱννὲνὶνινανί
1589 4091 1629 4135 an
1663 4073 1727 4135 iube

533 4181 743 4257 procuratores
774 4181 838 4237 taos
870 4175 1083 4238 administrare
1110 4176 1280 4256 (Ritterus)
1303 4176 1449 4262 legamus
1472 4197 1588 4262 parum
1612 4179 1725 4253 refert,

539 4282 593 4347 sed
616 4280 698 4345 illud
721 4287 850 4366 propter
873 4301 1006 4366 sequens
1028 4282 1123 4364 recipi
1148 4281 1375 4360 verisimilius,
1399 4302 1473 4347 nam
1488 4306 1547 4365 per
1567 4290 1643 4350 ante
1656 4307 1726 4367 pro

538 4395 688 4451 merueras
711 4385 802 4451 facile
826 4387 969 4453 excidere
993 4391 1109 4473 potuit.
1135 4388 1203 4453 Iam
1228 4389 1399 4453 habemus:
1425 4410 1520 4465 „cum
1545 4410 1621 4476 opes
1642 4411 1726 4457 meas

539 4495 622 4559 ultra
643 4496 798 4558 sustinere
819 4514 880 4557 non
905 4496 1042 4578 possim,
1066 4495 1263 4579 praesidium
1286 4502 1375 4580 peto:
1400 4495 1474 4560 iube
1499 4516 1555 4580 per
1578 4518 1726 4581 procura·

538 4610 620 4667 tores
644 4607 717 4664 tuos
740 4600 988 4663 administrari.''
1013 4600 1182 4665 Poteratne
1206 4622 1255 4665 res
1279 4604 1398 4667 maiore
1422 4602 1604 4667 urbanitate
1630 4606 1725 4690 signi·

537 4704 644 4772 ficari?
675 4704 757 4789 Opes
787 4726 860 4769 suas
883 4705 1000 4770 Seneca
1025 4706 1123 4770 tradit
1147 4705 1291 4782 Caesari,
1316 4707 1454 4773 sednon
1480 4711 1587 4773 utitur
1611 4712 1723 4785 dandi,

539 4813 590 4879 rel
619 4812 752 4876 donandi
784 4812 903 4887 verbis,
936 4833 1016 4896 quae
1048 4820 1213 4897 tamquam
1241 4813 1451 4878 contumeliae
1474 4817 1618 4901 accipere
1642 4817 1723 4883 Nero
