4525 5950
990 726 1127 775 orsurus.
1567 709 1634 774 413

436 911 538 978 quam
572 892 688 957 cecinit
720 891 783 954 nisi
819 891 940 955 otiosus
975 889 1120 954 desidens
1154 889 1207 956 vel
1242 889 1380 955 adstans.
1416 888 1636 976 Neglexerunt

437 1004 550 1063 autern
569 1004 636 1062 tam
657 999 848 1081 interpretes
868 1016 966 1081 quam
985 998 1054 1080 ipse
1072 995 1226 1061 Heinsius
1247 1016 1377 1061 versum
1389 998 1446 1082 qui
1458 995 1634 1081 praecedit:

575 1101 724 1168 Pettalus
746 1101 883 1166 irridens
908 1101 1056 1188 „Stygiis
1080 1123 1156 1167 canc
1181 1103 1304 1167 cetera”
1329 1102 1422 1166 dixit.

435 1208 526 1295 Ergo
545 1215 718 1293 antequam
739 1206 963 1273 vulneraretur
983 1206 1188 1293 Lampetides
1204 1207 1349 1284 canebat,
1363 1214 1491 1293 accepto
1503 1206 1635 1272 vulnere

436 1322 597 1397 retemptat
611 1314 674 1397 filo
700 1314 784 1398 lyrae
807 1315 828 1377 i.
842 1334 869 1378 e.
894 1320 1027 1378 conatur
1050 1335 1178 1379 carmen
1201 1335 1298 1379 suum
1322 1316 1484 1400 persequi,
1509 1335 1636 1398 casuque

429 1421 509 1508 fait
529 1419 699 1484 miserabile
721 1439 835 1482 carruca
855 1420 877 1484 i.
891 1439 918 1483 e.
943 1419 1024 1483 forte
1044 1426 1153 1484 autem
1174 1440 1225 1484 res
1244 1422 1290 1484 ita
1310 1420 1432 1485 ferebat
1450 1424 1489 1483 ut
1507 1439 1635 1485 carmen

437 1526 524 1612 quod
555 1546 687 1591 exorsus
719 1528 786 1590 erat
816 1523 1023 1610 Lampetides
1054 1524 1237 1591 miserabile
1269 1532 1368 1590 esset:
1400 1523 1484 1590 illud
1505 1546 1582 1611 ergo
1605 1527 1636 1590 ei

436 1652 498 1716 pro
528 1629 677 1717 singultu
707 1635 740 1695 et
770 1629 1000 1695 lamentatione
1033 1650 1100 1695 esse
1132 1635 1268 1716 poterat.
1292 1631 1400 1717 Igitur
1422 1651 1459 1696 eo
1482 1630 1634 1708 artificio,

437 1736 526 1823 quod
548 1739 581 1801 in
604 1736 917 1820 Metamorphosesin
942 1742 1008 1800 tam
1032 1756 1124 1820 saepe
1149 1735 1347 1814 observatur,
1371 1734 1507 1802 Ovidius
1530 1739 1636 1801 utitur

437 1851 477 1907 ut
508 1865 570 1908 non
602 1846 710 1908 omnia
740 1863 821 1928 quae
851 1849 944 1928 gesta
975 1847 1051 1906 sunt
1081 1844 1166 1906 sicut
1196 1849 1288 1927 gesta
1312 1846 1388 1907 sunt
1410 1841 1520 1907 ordine
1544 1842 1636 1908 velut

436 1954 622 2026 enumeret,
647 1947 701 2014 sed
725 1947 888 2013 interdum
912 1949 1103 2012 narrationis
1125 1968 1258 2012 cursum
1281 1949 1497 2033 interrumpat
1520 1948 1559 2013 ad
1579 1946 1636 2012 ali-

435 2076 537 2141 quam
567 2075 654 2132 rem,
687 2074 785 2139 quam
814 2074 889 2119 cnm
913 2055 1054 2119 maxims
1078 2055 1159 2119 scire
1181 2052 1326 2140 legentes
1349 2061 1490 2139 oportet,
1514 2056 1561 2118 ita
1583 2053 1635 2118 ad·

436 2160 575 2225 dandam
605 2162 697 2244 quasi
728 2180 799 2225 eam
822 2161 855 2223 in
881 2158 1142 2244 praecedentibus
1165 2180 1292 2224 narrare
1315 2159 1504 2244 neglexerit.
1528 2158 1634 2224 Possis

436 2287 517 2352 ergo
546 2266 644 2332 verba
674 2267 772 2331 citata
802 2267 847 2330 sic
870 2267 904 2329 iu
926 2262 1097 2351 vulgarem
1122 2264 1292 2330 transferre
1315 2283 1512 2330 sermonem:
1539 2262 1635 2342 „Gar

436 2394 515 2438 men
546 2376 674 2449 antem,
706 2371 790 2457 quod
823 2391 973 2436 exorsum
1005 2391 1073 2436 esse
1104 2371 1329 2456 Lampetidem
1352 2370 1447 2436 modo
1471 2371 1632 2449 dicebam,

436 2480 521 2544 forte
544 2475 727 2543 miserabile
746 2477 847 2543 erat’'.
871 2476 934 2542 Sed
953 2498 1060 2542 meam
1079 2475 1142 2542 loci
1160 2478 1457 2563 interpretationem
1477 2476 1634 2563 exemplis

438 2583 627 2652 confirmare
649 2584 794 2650 conabor.

485 2690 511 2769 I,
537 2689 603 2757 587
617 2711 684 2776 sqq.

574 2795 703 2861 Viderat
727 2814 745 2859 a
768 2795 872 2880 patrio
896 2793 1082 2859 redeuntem
1105 2793 1252 2880 luppiter
1272 2794 1367 2861 illam

576 2901 724 2966 Flumine
747 2905 779 2965 et
803 2921 843 2978 ,o
867 2902 959 2987 virgo
983 2898 1059 2966 Iove
1083 2900 1182 2987 digna
1204 2907 1323 2988 tuoque
1346 2902 1476 2967 beatum

575 3010 688 3075 Nescio
712 3028 808 3093 quem
831 3007 955 3072 factura
979 3014 1065 3085 toro,
1090 3008 1185 3093 pete’'
1210 3009 1335 3074 dixerat
1359 3010 1511 3087 „umbras

575 3115 725 3181 Alterum
744 3113 947 3192 nemorum'’,
967 3119 1000 3179 et
1018 3135 1188 3179 nemorum
1209 3121 1445 3181 monstraverat
1463 3116 1602 3182 umbras.

484 3219 550 3286 596
576 3220 645 3299 „Ne
667 3221 745 3307 fuge
769 3220 855 3298 me”,
880 3219 1025 3306 fugiebat
1049 3223 1146 3286 enim.

432 3326 614 3392 Verborum
646 3329 733 3392 enim
763 3347 845 3411 quae
877 3332 953 3391 sunt
984 3334 1013 3390 et
1042 3349 1191 3391 aemorum
1216 3351 1253 3393 m.
1279 3351 1309 3393 a.
1335 3332 1367 3393 et
1384 3327 1530 3414 fugiebat
1553 3328 1629 3391 enim

431 3433 488 3498 hic
523 3454 633 3498 sensus
668 3439 735 3498 est:
770 3453 890 3518 „paene
922 3430 1042 3497 oblitus
1073 3454 1162 3498 eram
1192 3453 1320 3498 narrare
1351 3454 1388 3498 eo
1418 3431 1488 3498 loco
1512 3432 1629 3500 silvam

432 3538 556 3603 fnisee''
581 3546 613 3604 et
638 3561 690 3624 „p.
715 3559 742 3604 ο.
768 3559 795 3603 e.
821 3561 851 3602 n.
875 3537 909 3603 lo
933 3538 1088 3623 fugisse”.

480 3643 640 3722 111,232.
674 3643 785 3730 Longa
815 3645 895 3709 sarie
927 3652 1021 3728 poeta
1054 3645 1222 3708 Actaeonis
1246 3663 1355 3722 canes,
1380 3646 1436 3729 qui
1459 3643 1627 3709 dominum

431 3756 680 3838 persequuntur,
704 3750 901 3827 nominavit;
927 3748 1015 3813 addit
1038 3748 1132 3813 haec:

571 3854 682 3919 Prima
704 3851 942 3918 Melanchaetes
965 3855 999 3917 in
1022 3860 1113 3939 tergo
1138 3853 1272 3919 vulnera
1295 3855 1386 3932 iecit,

573 3960 724 4025 Proxima
745 3958 974 4037 Theridamas,
999 3957 1226 4043 Oresitrophus
1248 3961 1352 4025 haesit
1372 3962 1407 4023 in
1429 3980 1528 4025 armo,

572 4065 707 4131 Tardius
731 4067 893 4141 exierant,
919 4065 974 4130 sed
999 4085 1055 4150 per
1078 4066 1265 4151 compendia
1288 4068 1408 4132 montis

571 4173 756 4256 Anticipata
778 4174 831 4235 ria
853 4176 912 4236 est.

430 4280 454 4343 i.
472 4298 499 4343 e.
526 4282 589 4341 tres
611 4275 684 4342 illos
707 4297 799 4342 canes
822 4281 915 4341 antea
938 4297 1001 4341 non
1024 4278 1192 4342 nominavi
1214 4281 1289 4363 quia
1310 4277 1454 4343 nondum
1477 4278 1625 4343 aderant:

431 4403 529 4449 causa
552 4403 609 4447 cur
633 4391 740 4448 tamen
764 4384 862 4468 primi
884 4381 1052 4447 dominum
1077 4383 1328 4469 aggrederentur
1351 4385 1429 4449 haec
1452 4390 1518 4449 erat
1541 4383 1626 4470 quod

431 4510 460 4555 e.
486 4511 516 4575 q.
542 4510 568 4554 s.

480 4592 518 4671 V,
543 4592 610 4659 278
622 4615 689 4680 sqq.
721 4593 769 4660 De
797 4595 924 4660 insidiis
954 4596 1015 4660 sibi
1047 4615 1065 4660 a
1096 4595 1238 4681 Pyramo
1269 4599 1398 4663 structis
1426 4598 1473 4662 its
1496 4602 1626 4662 narrant

430 4698 594 4765 Pierides:

568 4803 704 4891 Templa
726 4806 915 4892 petebamus
938 4805 1109 4871 Parnasia:
1136 4807 1219 4872 vidit
1242 4814 1353 4873 euntes

1446 4930 1478 4983 et
