4525 5950
969 694 1106 743 cuorus.
1568 673 1631 738 401

441 859 605 934 iubemur,
640 857 696 923 sed
729 858 842 924 deinde
876 861 974 925 etiam
1007 880 1108 921 eonem
1143 858 1215 920 dari
1248 862 1280 922 et
1315 857 1444 921 animam
1477 856 1634 934 exhalari,

441 969 606 1050 postremo
636 967 757 1030 iterum
788 965 973 1049 quotidiana
1004 985 1063 1029 sua
1092 965 1126 1027 vi
1156 963 1241 1028 redit
1271 961 1401 1029 videndi
1434 962 1569 1027 verbum
1600 963 1633 1024 in

441 1071 512 1136 his:
539 1068 729 1156 „nullaeque
752 1072 786 1135 in
808 1091 937 1156 corpore
960 1076 1065 1156 partes
1088 1089 1215 1134 noscere
1238 1088 1316 1154 quas
1338 1067 1481 1153 posses”.

490 1174 558 1240 620
592 1173 710 1260 inus,
743 1196 817 1240 cum
848 1175 988 1240 frontem
1011 1196 1104 1241 suam
1126 1174 1275 1239 cornibus
1299 1175 1461 1237 munitam
1484 1171 1635 1250 vidisset,

443 1280 592 1347 consulto
616 1280 784 1365 haruspice
807 1302 841 1346 se
863 1301 975 1367 regem
998 1281 1082 1355 fore,
1107 1282 1134 1344 si
1154 1280 1267 1344 urbem
1286 1282 1433 1356 intrarit,
1454 1281 1634 1365 cognoscit3

444 1391 558 1473 sponte
590 1407 667 1471 ergo
698 1389 748 1452 vir
770 1389 891 1472 patriae
914 1388 1155 1451 amantissimus
1178 1406 1247 1450 rem
1271 1387 1395 1451 senatui
1418 1386 1521 1469 aperit
1543 1389 1577 1448 et
1598 1388 1637 1446 ut

443 1496 476 1557 in
509 1490 660 1557 exsilium
693 1491 831 1578 pellatur
853 1495 944 1577 petit.
969 1491 1013 1555 At
1035 1491 1129 1556 aliter
1153 1493 1261 1556 visum
1284 1490 1446 1576 patribus:
1470 1494 1561 1554 extra
1584 1510 1636 1552 ur·

441 1599 519 1664 bem
543 1600 573 1663 ei
595 1599 725 1663 honoris
748 1617 842 1662 causa
865 1618 981 1684 agrum
1005 1597 1098 1663 dant:

580 1703 770 1787 Cornuaque
792 1705 908 1768 aeratis
931 1704 1048 1768 miram
1070 1703 1241 1769 referentia
1264 1704 1402 1768 formam

580 1808 730 1874 Postibus
752 1806 957 1893 insculpunt,
981 1807 1116 1894 longum
1141 1801 1292 1873 mansura
1315 1828 1372 1893 per
1394 1827 1521 1873 aevum.

442 1915 556 2003 lpsum
580 1912 653 1999 Cipi
676 1919 791 1999 caput,
815 1917 937 1998 opinor,
961 1914 1066 1978 miram
1076 1915 1215 1999 somam
1234 1913 1396 2000 referebat,
1417 1913 1455 1978 de
1475 1911 1551 1978 solis
1569 1933 1636 1977 cor-

440 2023 558 2100 nibus,
580 2023 683 2105 iisque
707 2041 769 2086 non
793 2022 879 2085 ueris
902 2019 956 2085 sed
979 2019 1158 2098 simulatis,
1183 2019 1319 2085 absurde
1341 2017 1423 2083 illud
1447 2017 1575 2083 dicitur.

489 2126 556 2192 652
588 2126 725 2191 Senatus
756 2125 951 2210 Epidaurius
981 2125 1108 2191 dubitat
1137 2125 1283 2191 tradatne
1313 2125 1495 2210 petentibus
1523 2123 1637 2189 Roma·

440 2254 560 2298 norum
583 2231 699 2318 legatis
724 2230 952 2316 Aesculapium
975 2252 1016 2296 an
1040 2237 1154 2317 neget:

580 2337 668 2403 Dum
692 2337 857 2414 dubitant,
883 2357 987 2403 seram
1011 2336 1162 2422 pepulere
1183 2335 1370 2424 crepuscula
1391 2336 1497 2401 lucem

579 2442 764 2528 Umbraque
787 2441 916 2508 telluris
938 2443 1084 2509 tenebras
1106 2442 1277 2509 induxerat
1299 2443 1379 2508 orbi.

439 2549 562 2615 Omnia
590 2551 625 2613 in
655 2547 756 2615 altero
787 2569 883 2614 versu
914 2551 996 2615 mire
1026 2554 1058 2614 et
1088 2548 1218 2615 insolite
1249 2554 1324 2613 sunt
1346 2549 1529 2626 enuntiata,
1553 2546 1636 2613 illud

437 2678 517 2723 vero
541 2655 662 2720 ulteris
684 2655 750 2719 orbi
773 2656 829 2720 vix
852 2654 1016 2720 ferendum
1041 2653 1181 2720 uidetur.
1647 2648 1652 2657 ’

490 2759 556 2825 653
569 2780 636 2846 sqq.
660 2758 713 2825 Sic
736 2761 901 2846 pergitur:

580 2864 665 2932 (lum
688 2864 766 2930 deus
789 2867 823 2929 iu
847 2867 967 2930 somnis
990 2866 1093 2950 opifer
1114 2867 1285 2931 consistere
1308 2867 1397 2929 visus

579 2974 663 3037 Ante
684 2978 795 3050 tuum,
820 2971 980 3051 Romane,
1004 2978 1129 3051 torum,
1154 2972 1208 3038 sed
1232 2971 1336 3058 qualis
1359 2974 1392 3037 in
1416 2969 1492 3036 aede

579 3078 658 3144 Esse
681 3077 763 3143 solet
785 3099 812 3143 e.
825 3098 855 3163 q.
869 3100 894 3143 s.

439 3186 611 3270 Nusquam
642 3186 833 3270 ineptiorem
864 3184 933 3249 vidi
963 3191 1017 3258 τῆς
1049 3186 1248 3265 ἀποστροφῆς
1280 3186 1417 3250 abusum
1442 3204 1540 3271 quam
1563 3186 1634 3263 hic,

439 3292 500 3356 ubi
531 3296 627 3375 poeta
657 3292 806 3356 vocativo
836 3291 970 3354 Romam
992 3290 1170 3377 alloquitur
1192 3294 1393 3376 nescioquem
1419 3290 1575 3378 elegatis
1597 3289 1635 3356 il·

438 3397 531 3474 lum,
556 3398 648 3461 cuius
670 3417 710 3461 ne
734 3416 848 3461 nomen
873 3396 1002 3481 quidem
1026 3400 1187 3463 novimus.
1212 3398 1257 3462 At
1276 3396 1381 3462 multo
1404 3403 1511 3462 tamen
1535 3399 1634 3462 etiam

439 3503 555 3568 dunos
586 3502 646 3567 hoc
668 3501 753 3587 quod
777 3504 1001 3568 coniunctione
1023 3505 1076 3568 sed
1098 3525 1177 3570 usus
1199 3508 1293 3590 poeta
1315 3524 1426 3569 veram
1452 3502 1634 3589 Aesculapii

439 3610 579 3674 formam
603 3610 669 3673 iarn
692 3607 745 3674 hic
769 3612 901 3694 opponit
925 3612 1082 3695 serpenti,
1106 3611 1166 3675 sub
1190 3630 1252 3695 qno
1275 3609 1374 3675 latere
1396 3607 1477 3674 solet
1498 3606 1555 3674 ille

437 3737 516 3781 cum
548 3721 654 3780 tamffl
685 3714 719 3778 in
749 3715 937 3800 sequentibus
969 3717 1082 3779 demum
1113 3716 1151 3779 de
1181 3719 1327 3799 serpente
1356 3713 1415 3780 illo
1437 3718 1636 3801 cognoscunt

439 3819 565 3906 aliquid
588 3819 743 3905 legentes.

490 3924 556 3990 663
590 3924 773 3991 Dormienti
803 3945 879 4010 ergo
903 3924 1010 4012 legato
1034 3924 1139 3991 adstat
1163 3924 1372 4011 Aesculapius
1395 3948 1534 4013 eumque
1557 3927 1634 4012 quid

437 4034 484 4097 sit
507 4030 669 4116 agendum
694 4030 822 4106 edocet,
846 4052 908 4115 quo
932 4031 1016 4096 facto

579 4134 750 4220 Extemplo
774 4155 850 4201 cum
873 4157 950 4201 voce
974 4135 1069 4215 deus,
1094 4158 1169 4202 cum
1193 4158 1272 4202 voce
1294 4137 1418 4223 deoque

579 4239 719 4306 Somnus
743 4240 819 4306 abit.

435 4346 616 4415 Pueriliter
637 4344 779 4412 ludentis
802 4352 853 4412 est
875 4349 921 4412 sic
944 4349 1078 4413 vocibus
1100 4349 1249 4413 inanibus
1273 4370 1405 4415 versum
1427 4350 1564 4435 explere.

489 4450 555 4518 699
590 4452 677 4517 Deus
698 4451 786 4518 idem
809 4455 843 4518 in
867 4452 995 4519 ltaliam
1017 4453 1183 4519 vehendus
1205 4457 1282 4520 navi
1304 4457 1493 4540 imponitur,

1036 4559 1234 4646 modicisque
1257 4582 1314 4646 per
1336 4583 1453 4648 aequor

575 4664 701 4731 lonium
725 4666 876 4753 zephyris
899 4673 989 4733 sexto
1013 4665 1214 4732 Pallantidos
1238 4673 1311 4733 ortu

577 4769 706 4837 ltaliam
731 4774 846 4838 tenuit.
