4525 5950
955 698 1123 746 nominor.
1594 677 1637 742 63

484 867 566 932 ibid.
593 865 628 932 O.
654 865 708 930 52.
733 865 790 928 ὁδοί
818 865 848 927 δὲ
873 863 991 925 πολλαί
1016 863 1067 924 ε’πί
1092 863 1283 938 Φιλοσοφίαν
1309 860 1425 932 ἓκοίστη
1452 860 1503 923 καί
1528 860 1638 939 οίρετήν

437 971 530 1049 ιίγειν
562 973 811 1046 φάσκουσαι.
844 966 1036 1032 insolentius
1064 966 1123 1031 hoc
1148 966 1271 1031 dictum
1295 972 1360 1043 est,
1384 970 1492 1051 itaque
1516 963 1636 1030 Oobeto

435 1077 652 1164 adstipularer
672 1079 865 1140 δοκοῦσαι
885 1075 1075 1158 corrigenti,
1097 1074 1159 1136 nisi
1172 1093 1223 1136 me
1236 1075 1387 1137 retineret
1400 1072 1483 1157 quod
1496 1074 1528 1134 in
1541 1069 1577 1136 Ο.
1591 1069 1633 1132 49

437 1184 525 1249 haud
550 1182 706 1248 dissimile
730 1181 870 1266 legitur:
897 1181 1002 1243 πολλοὶ
1027 1181 1090 1253 γοίρ
1115 1179 1197 1240 ἐστιν
1221 1176 1311 1254 ὅμοια
1331 1180 1434 1247 αὐτοῖς
1459 1177 1636 1252 λίγοντα

437 1289 615 1353 ἕκαστον
647 1289 744 1352 αύτὸ
776 1283 882 1351 εἶναι
917 1286 1247 1363 τοίληίίστατον;
1279 1291 1312 1349 et
1341 1287 1375 1348 in
1400 1283 1436 1350 G.
1463 1280 1522 1348 70:
1548 1284 1581 1346 αί
1605 1283 1636 1346 δδ

439 1394 693 1474 (ἀποδείξεις
718 1401 775 1473 sc.)
799 1400 861 1460 τοίι
891 1391 973 1455 ποίνυ
997 1391 1153 1467 προδήλοις
1173 1393 1214 1454 τίο
1236 1393 1448 1469 οὶφανέστατα
1469 1389 1637 1452 συνοίπτου·

440 1526 494 1565 σαι
520 1499 758 1577 ἀποδείξεις
783 1497 885 1574 ὅμως
911 1499 1040 1562 αύτων
1066 1493 1173 1559 είναι
1198 1497 1440 1574 φάσκουσιν.

483 1715 938 1786 Ιίιὶύ.0.56.αύτδιίίπαντα
961 1718 1029 1782 καί
1052 1713 1142 1781 ύλον
1162 1715 1337 1779 ἕκαστον
1358 1716 1633 1787 κατανοήσας.

440 1826 565 1890 Mirum
597 1827 631 1889 ni
653 1827 816 1909 scripserit
839 1823 923 1910 quod
945 1822 1044 1888 solet:
1071 1825 1153 1887 καί·
1177 1818 1215 1885 ἓν
1238 1819 1425 1897 ἕκαστον,
1451 1841 1525 1884 cum
1550 1840 1638 1904 prae·

438 1934 555 1996 sertim
588 1936 789 2015 opponantur
821 1932 862 1993 τὰ
896 1931 1070 2004 κεφάλαια.
1098 1927 1136 1991 In
1162 1925 1197 1993 O.
1223 1926 1265 1990 59
1290 1926 1341 1989 καί
1366 1927 1448 1989 ούδὲν
1471 1926 1508 1988 δν
1533 1924 1634 2001 ίγωγε

439 2038 683 2110 ἀντείποιμι
715 2035 890 2121 legendum
921 2056 978 2120 pro
1011 2035 1222 2110 οίντεῖπον;
1255 2039 1287 2098 et
1316 2035 1350 2096 in
1375 2029 1410 2097 Ο.
1437 2031 1497 2096 65:
1521 2031 1636 2096 ούδίπω

439 2142 507 2207 οὐδὲ
533 2142 629 2205 τύτε
653 2141 743 2214 δήλου
768 2140 890 2205 ἔσεσθαι
915 2140 1025 2218 νομίζω
1048 2161 1105 2225 pro
1131 2144 1229 2203 τοῦτο.

485 2344 567 2409 Ibid.
589 2344 625 2410 O.
646 2343 700 2408 66.
723 2343 781 2407 ίδει
804 2345 829 2406 δ’
843 2340 928 2418 οἶμαι
950 2342 1089 2421 πρότερον
1108 2343 1240 2421 φανερὸν
1260 2343 1403 2420 γενίσίαι
1426 2339 1472 2404 ύτι
1485 2342 1637 2419 ἔγνωσται

441 2451 574 2523 τύληύὲο
610 2450 662 2513 καί
698 2451 822 2515 πύντως
855 2448 940 2528 ἔχει
973 2473 1019 2519 τις
1052 2450 1128 2512 αύτδ
1160 2449 1272 2517 είδίος
1296 2455 1354 2512 τῶν
1377 2450 1637 2526 φιλοσοφούντων.

440 2554 620 2620 Molestum
644 2555 697 2618 hic
720 2560 769 2618 est
793 2556 1000 2638 participium
1024 2553 1155 2630 είδοίι,
1180 2574 1199 2617 a
1222 2552 1319 2618 sciolo
1343 2553 1507 2631 additum,
1528 2558 1566 2617 ut
1585 2574 1639 2637 ep·

438 2668 579 2746 pareret,
601 2680 664 2744 quo
684 2680 778 2724 sensu
798 2658 813 2723 ἔ
821 2683 887 2738 χει
908 2665 992 2723 esset
1012 2659 1242 2743 accipiendum.
1262 2658 1328 2723 Nec
1341 2661 1445 2744 magia
1457 2661 1637 2743 genuinum

440 2766 572 2830 ridetur
603 2764 687 2850 quod
721 2787 793 2829 mox
825 2763 964 2849 legitur:
990 2764 1134 2827 οὐδέποτε
1159 2760 1219 2841 ἄρα
1243 2764 1298 2845 [ἐξ
1322 2760 1367 2827 ὧν
1391 2765 1437 2828 σὺ
1462 2766 1557 2847 φής]
1583 2764 1636 2827 εύ-

439 2875 626 2949 ρήσομεν.
659 2869 777 2934 Statim
809 2872 894 2934 enim
925 2873 1088 2954 sequitur:
1124 2876 1213 2932 τοῦτο
1243 2868 1409 2945 ξυμβαίνει
1442 2893 1488 2944 γε
1522 2871 1561 2946 ἐξ
1590 2867 1637 2933 ὧν

439 2984 528 3055 φής.
552 2977 588 3041 ln
611 2974 646 3042 Ο.
673 2975 716 3040 69
740 2974 885 3061 legatur:
911 2978 993 3039 οὐδὲν
1018 2977 1080 3053 γοίρ
1105 2999 1149 3039 σοι
1174 2974 1337 3054 ἐξευρηκὼς
1361 2974 1462 3052 ἔδειξα
1487 2971 1504 3038 ί
1525 2980 1553 3038 τ’
1578 2976 1637 3053 ἐγ-

437 3082 596 3159 γυτέρω
621 3085 779 3154 ποιήσει
804 3089 860 3155 τῆς
884 3081 1008 3152 ἐλπίδος
1031 3103 1088 3166 pro
1113 3083 1157 3150 ὦς
1184 3082 1341 3158 ἐγγυτέρω
1366 3105 1400 3144 σε
1429 3082 1632 3157 ποιήσειν,

435 3188 521 3273 quod
546 3186 710 3252 soloecum
733 3193 791 3251 est.
816 3186 853 3250 ln
877 3184 912 3252 0.
935 3185 977 3250 85
999 3185 1084 3250 male
1104 3187 1244 3250 abundat
1264 3187 1438 3263 ἀκρίτων
1457 3189 1490 3250 in
1511 3188 1634 3252 verbis:

437 3302 496 3357 τῶν
523 3292 629 3355 ἄλλων
652 3293 827 3369 α’κρίτων
851 3293 995 3372 ε’ρήμην
1021 3294 1264 3369 καταγνούς.

483 3511 522 3575 In
553 3510 614 3575 fine
646 3510 804 3576 Herodoti
830 3510 881 3575 'Si
905 3532 979 3575 cum
1005 3512 1115 3595 magui
1141 3512 1291 3575 nominis'
1317 3513 1362 3575 ait
1388 3511 1529 3576 ‘athletis
1552 3533 1638 3577 com·

436 3637 550 3701 ponar,
575 3618 722 3680 omnium
746 3616 1049 3700 impudentissimus
1073 3615 1199 3692 videar;
1225 3619 1273 3679 sin
1300 3638 1355 3701 per
1378 3638 1429 3681 mc
1453 3620 1561 3701 ipsum
1584 3639 1636 3682 me

435 3721 642 3805 spectabitis,
675 3718 753 3798 τάχ’
781 3720 818 3784 ίιν
849 3725 881 3785 ού
907 3721 988 3784 πάνυ
1013 3720 1250 3797 μαστιγώσιμος
1276 3724 1345 3794 ὑμῖν
1370 3721 1510 3795 δόξαιμι·
1535 3725 1580 3790 ὥς
1605 3721 1635 3786 ἔν

434 3851 477 3903 γε
510 3828 681 3905 τηλικούτῳ
712 3826 825 3903 σταδίιρ
857 3828 959 3890 ίιιιινδν
993 3828 1055 3900 ἐμοὶ
1081 3831 1156 3901 γοῦν
1180 3830 1230 3890 καί
1257 3833 1356 3891 τοῦτο.
1384 3827 1544 3893 particula
1567 3833 1631 3906 ὡς,

434 3936 464 3997 ei
503 3931 615 3996 Latine
650 3956 718 3995 κατι
753 3939 876 4009 νοτίοιο,
909 3954 1010 4018 neque
1042 3932 1135 3997 aliter
1167 3936 1251 3997 verti
1282 3940 1400 4018 potest,
1433 3956 1451 3999 a
1482 3942 1632 4000 contextu

432 4038 556 4113 aliena;
590 4036 679 4101 nulla
710 4041 797 4102 enim
828 4061 919 4101 ccccc
949 4038 1207 4122 praecedentium
1241 4039 1395 4102 redditur.
1428 4040 1500 4104 Non
1525 4048 1633 4106 tamen

430 4141 569 4207 delenda
593 4150 658 4218 est,
683 4142 737 4207 aed
760 4149 887 4208 mutata
910 4146 1168 4227 interpunctione
1194 4144 1413 4208 scribendum:
1439 4145 1562 4220 δόξαιμι
1585 4151 1633 4218 ὥς

433 4247 467 4312 ἔν
493 4273 533 4323 γε
558 4250 726 4324 τηλικούτῳ
752 4249 885 4325 σταδίῳ·
912 4250 1050 4311 ἱκανὸν
1077 4249 1164 4322 ἐμοὶ
1189 4254 1287 4325 γοῦν
1313 4251 1379 4312 καί
1406 4255 1542 4329 τούτο;
1569 4255 1632 4316 ie.

433 4361 471 4416 τιί
492 4353 526 4414 ιἰι
546 4353 604 4414 cati
622 4353 740 4427 οίοιίίορ
761 4353 878 4417 ratione
896 4354 1000 4417 habito
1019 4353 1238 4433 nchnitudioie
1258 4361 1286 4416 et
1305 4355 1499 4418 claritudinis
1512 4380 1631 4420 arenae.

433 4458 486 4525 Cf.
513 4457 662 4522 Zeuxidis
683 4457 719 4524 O.
742 4459 800 4524 10:
824 4460 930 4522 πολλοὶ
953 4462 977 4521 δ’
999 4462 1044 4528 ὡς
1070 4461 1105 4521 ἕν
1130 4458 1297 4539 ταροίχῳ
1322 4463 1495 4539 τοσούτῳ
1521 4487 1630 4527 κατε·

433 4564 655 4640 λαμβάνοιτο.

481 4776 520 4841 Iu
545 4774 696 4839 Zeuxidie
720 4773 754 4840 Ο.
777 4776 796 4838 3
821 4798 882 4841 non
905 4788 990 4840 recte
1015 4776 1133 4840 dicitur
1156 4777 1193 4840 de
1218 4776 1352 4841 muliere
1376 4801 1526 4841 mammcm
1542 4803 1631 4861 prae-
