4525 5950
1072 704 1194 753 nrams.
1664 687 1728 753 183

529 874 656 952 κοντα].
681 868 767 934 Nam
791 866 951 944 ρενθμενος
977 890 995 933 a
1017 870 1168 955 genuinis
1191 875 1224 934 et
1247 870 1354 934 abesse
1376 875 1481 954 potest
1505 870 1597 935 etad
1621 892 1732 934 meum

528 976 668 1061 quidem
697 996 826 1040 sensum
852 972 968 1039 melius
991 975 1096 1051 abest,
1121 976 1136 1038 ὁ
1160 981 1218 1038 τῶν
1242 975 1407 1052 τρεθκοντκ
1431 976 1516 1040 nude
1539 975 1731 1063 glossatores

529 1106 601 1147 non
625 1080 718 1147 facile
742 1087 875 1166 ponunt.

582 1299 636 1364 Or.
661 1299 725 1364 XII
748 1298 840 1384 560:
873 1299 1107 1376 Μεσθοσάμενον
1139 1300 1169 1362 δὲ
1198 1299 1385 1377 (decemviri
1409 1307 1482 1385 post
1507 1303 1730 1387 trigintaviros

531 1414 666 1472 exactos
697 1409 852 1486 inst'tuti)
876 1404 998 1475 τοίντοος
1023 1405 1192 1483 ἀνθρώπους
1217 1406 1266 1467 ε’τ·
1291 1406 1398 1484 ὀλέθρῳ
1422 1415 1477 1479 της
1501 1410 1639 1484 πόλεως,
1665 1407 1730 1470 sai

533 1513 681 1582 πόλεις
715 1512 966 1588 ἐπάγοντες,
999 1511 1051 1573 sal
1080 1517 1284 1579 τελευτῶντες
1310 1512 1572 1585 Λακεδαιμονίους
1597 1513 1648 1577 nal
1673 1519 1731 1576 τῶν

533 1619 719 1697 συμμάχων
743 1618 867 1686 ὂτθσους
894 1617 1035 1681 ἐδύναντο
1062 1624 1169 1680 τεῖσοςν
1195 1631 1264 1682 κτλ.
1290 1618 1423 1682 Nudum
1445 1617 1529 1683 illud
1553 1619 1603 1681 κοιὶ
1626 1618 1730 1688 σθλεες

536 1727 712 1802 ἐπάγοντες
745 1730 778 1789 et
808 1721 891 1788 exile
922 1730 971 1789 est
1001 1730 1033 1788 et
1056 1722 1223 1808 pueriliter
1246 1724 1386 1802 dictum,
1411 1734 1450 1789 ut
1472 1724 1652 1789 addendum
1677 1723 1733 1789 ali-

535 1830 618 1917 quid
643 1851 710 1895 esse
733 1834 902 1915 appareat,
927 1829 965 1893 de
989 1850 1066 1894 voce
1086 1828 1229 1893 addenda
1249 1829 1427 1915 discrepent
1446 1833 1559 1895 critici.
1584 1829 1732 1915 Plerique

535 1958 642 2014 nunc,
674 1957 737 2000 uno
770 1934 973 2000 Thalheimio
1005 1940 1152 2021 excepto,
1185 1935 1439 2000 Fritrschianum
1463 1943 1495 2000 et
1520 1935 1732 2002 Oobetianum

535 2044 644 2112 τθλενς
666 2038 804 2114 <ὅλσς>
824 2042 968 2126 probant.
989 2043 1144 2106 Attamen
1163 2040 1337 2127 hyperbole
1356 2044 1401 2105 sic
1420 2045 1562 2106 nascitur
1582 2050 1613 2106 et
1630 2045 1731 2107 nimia

534 2158 566 2216 et
594 2169 708 2234 parum
733 2148 889 2213 rhetorice
912 2147 1073 2224 adhibita,
1096 2184 1138 2195 -
1158 2168 1232 2212 nam
1256 2155 1330 2232 post
1353 2168 1424 2211 eam
1448 2149 1566 2232 frigent
1589 2169 1670 2233 quae
1691 2148 1729 2213 de

533 2255 797 2319 Lacedaemoniis
817 2273 989 2338 eorumque
1009 2255 1103 2318 sociis
1122 2253 1295 2331 adduntur,
1318 2290 1361 2300 -
1381 2262 1413 2316 et
1433 2256 1560 2338 requiro
1580 2253 1666 2337 quod
1685 2275 1731 2318 se·

535 2363 650 2446 quenti
669 2365 871 2429 τελευτῶντες
891 2366 1078 2444 opponatur.
1099 2357 1298 2444 Quapropter
1310 2358 1483 2423 videndum
1497 2380 1601 2423 annon
1613 2363 1731 2424 rectius

537 2468 655 2531 fuerit:
681 2466 732 2527 καὶ
758 2465 863 2534 πόλεις
888 2462 1052 2536 <ἄλλοος
1077 2467 1138 2528 τ’)
1163 2465 1335 2541 ἐπάγοντες
1360 2466 1412 2527 καὶ
1437 2470 1642 2536 τελευτῶντες
1667 2480 1733 2531 Aa·

538 2573 748 2647 anticipatione
773 2585 843 2634 κτλ.

584 2776 638 2841 Or.
664 2773 728 2839 XII
751 2773 844 2860 §'68:
874 2775 1052 2855 ’Ττήσχετο
1083 2774 1108 2839 δ’
1134 2773 1248 2853 εἰρήνην
1279 2776 1413 2847 τονήσεεν
1436 2774 1516 2847 μήτε
1541 2769 1639 2852 ὅμηρον
1663 2772 1729 2845 δοὺς

536 2884 619 2961 μήτε
652 2883 694 2946 τοὶ
727 2883 820 2959 τείχη
853 2882 986 2945 καθελὼν
1017 2884 1099 2956 μήτε
1130 2881 1188 2952 τὰς
1223 2885 1296 2950 νοῦς
1329 2878 1501 2957 σοιροιδοθς·
1535 2883 1671 2942 τοῦτον
1700 2879 1731 2942 δὲ

537 2992 637 3054 εἰπεῖν
669 2990 726 3062 μὲν
749 2988 841 3052 οὐδενὶ
867 2986 1021 3063 ήθέλησεν,
1047 2987 1190 3051 ἐκέλευσε
1214 2986 1245 3051 δὲ
1269 2988 1352 3066 αὐτῷ
1377 2986 1543 3050 τοστεθεον.
1568 2986 1729 3065 Quorsum

535 3100 677 3182 pertinet
704 3098 739 3158 in
761 3094 812 3157 his
838 3090 962 3157 τοῦτοεθ
987 3092 1071 3159 Cum
1093 3115 1186 3157 nemo
1208 3092 1300 3158 facile
1323 3093 1456 3169 dixerit,
1483 3128 1523 3140 -
1546 3113 1621 3156 nam
1645 3092 1728 3176 quod

536 3201 828 3267 Rauohensteinius
851 3220 907 3263 nos
932 3198 971 3262 ad
995 3198 1069 3283 §14
1093 3199 1240 3284 ablegat,
1263 3201 1385 3263 nemini
1409 3199 1580 3273 satisfecit,
1598 3200 1726 3281 opinor;

535 3306 673 3394 pluralis
706 3308 791 3371 enim
822 3305 868 3369 ibi
897 3310 964 3368 tam
997 3310 1196 3390 opportunus
1227 3310 1275 3369 est
1306 3325 1402 3388 quam
1434 3304 1485 3368 hio
1510 3304 1660 3379 absonus,
1686 3339 1728 3351 -

535 3412 743 3478 Hamaherus
768 3416 857 3475 τοῦτο
881 3413 1033 3487 coniecit,
1058 3405 1166 3474 τᾶλλα
1193 3409 1397 3485 Weidnerus,
1423 3409 1507 3494 quod
1530 3409 1731 3473 Hartmanno

535 3521 687 3605 inprimis
706 3520 850 3601 impense
870 3515 1002 3600 placuit.
1027 3516 1072 3580 Ut
1091 3515 1262 3580 defendant
1281 3514 1425 3598 relegant
1444 3537 1500 3579 nos
1521 3515 1559 3579 ad
1579 3515 1631 3579 Or.
1652 3511 1733 3577 Xlll

537 3626 589 3711 §9
622 3622 723 3703 (οἴοιτο
747 3624 777 3686 δὲ
803 3622 903 3701 (idem
927 3619 1154 3700 Theramenes)
1179 3622 1231 3683 καὶ
1256 3617 1336 3683 οἳλλο
1362 3645 1390 3682 τε
1415 3623 1531 3697 ἀγαθὸν
1556 3623 1641 3699 τοροὶ
1666 3634 1732 3685 Λυο-

537 3731 736 3803 κεδσοεμονθων
757 3737 794 3806 τῇ
816 3729 902 3790 πόλει
929 3726 1140 3805 edissertata),
1164 3726 1218 3790 sed
1242 3746 1322 3810 quae
1345 3727 1391 3788 ibi
1416 3729 1615 3810 apertissima
1638 3736 1732 3802 sunt,

537 3839 657 3922 quippe
678 3833 824 3920 pluribus
838 3832 943 3896 verbis
956 3852 1118 3916 expressa,
1138 3832 1190 3895 hic
1202 3831 1376 3896 admodum
1389 3831 1520 3894 obscure
1533 3831 1734 3915 designaren-

536 3950 594 4005 tur
615 3962 671 4026 per
693 3960 797 4003 unum
822 3934 942 4002 relano.
968 3938 1135 4002 Praeterea
1159 3937 1196 4001 de
1221 3939 1333 4000 ceteris
1352 3934 1417 4000 illis
1437 3936 1630 4012 commodis,
1651 3956 1731 4020 quae

534 4047 748 4112 Athenienses
779 4066 797 4109 a
820 4042 1079 4108 Lacedaemoniis
1103 4050 1208 4106 essent
1231 4044 1436 4125 impetraturi
1458 4040 1595 4117 seilicet,
1620 4039 1729 4105 nullus

535 4156 589 4217 hic
625 4172 730 4216 sermo
739 4170 747 4225 3
785 4153 892 4213 omnia
926 4154 1002 4213 sunt
1035 4151 1068 4212 in
1102 4150 1189 4233 pacis
1221 4150 1352 4232 eiusque
1384 4147 1571 4211 honorificae
1602 4148 1729 4212 futurae

536 4260 710 4323 montione.
737 4255 934 4340 Quapropter
957 4254 1088 4338 Lysiam
1113 4256 1276 4338 scripsisse
1299 4255 1445 4329 arbitror,
1471 4274 1509 4317 ne
1532 4254 1728 4338 sicquidem

534 4364 795 4436 accuratissime,
828 4360 983 4432 ταύτην
1014 4360 1044 4422 δὲ
1077 4361 1174 4423 εἰπεῖν
1201 4361 1257 4433 μὲν
1281 4359 1374 4423 οὐδενὶ
1402 4360 1541 4432 ήθέλησεν
1568 4374 1650 4436 κτλ,
1674 4381 1731 4444 per

534 4467 797 4555 brachylogiam,
820 4474 855 4531 ut
875 4469 917 4531 sit
937 4467 1006 4529 τθνοο
1028 4465 1058 4529 δὲ
1078 4468 1205 4543 ταύτην,
1227 4465 1280 4530 vel
1293 4466 1338 4535 τίς
1353 4465 1378 4528 δ’
1393 4463 1471 4535 αὕτη
1487 4468 1503 4539 ή
1518 4466 1612 4543 εἰρήνη
1627 4466 1727 4530 ἔσται.

583 4687 638 4751 Or.
663 4683 726 4750 ΧΠ
749 4682 841 4770 §713
875 4684 933 4763 Κριθ
966 4685 1000 4747 τὸ
1025 4685 1340 4760 τελευταῖον,--οθ
1364 4685 1504 4761 πρότερον
1529 4682 1614 4747 εθοισε
1637 4682 1729 4762 (The

535 4800 697 4873 ramentas)
726 4795 780 4862 τήν
804 4792 970 4862 ἐκκλησίαν
995 4790 1136 4867 γενέσθαι
1146 4838 1153 4866 ,
1179 4788 1231 4860 ἕως
1257 4791 1270 4853 ὂ
1296 4791 1520 4866 λεγόμενος
1548 4792 1607 4855 ὑπ’
1632 4790 1727 4853 ἐκεθ-
