4525 5950
644 683 687 732 ua
710 682 825 732 mrrns
847 682 952 731 nurus
976 682 1113 732 arnume
1135 683 1169 730 ru
1191 681 1272 730 anon
1294 681 1445 731 minure.
1573 662 1638 728 421

444 849 560 935 Neque
590 851 747 914 assentior
778 849 856 912 viris
887 848 991 913 doctis
1020 868 1037 912 e
1069 847 1175 912 verbis
1207 848 1293 910 κατὰ
1317 849 1352 912 rt
1377 847 1572 925 Πανδρόσειον
1597 851 1645 912 in·

444 958 646 1042 scriptionis,
671 955 709 1018 de
733 975 795 1039 qua
820 953 914 1019 modo
937 974 1041 1017 sermo
1065 952 1147 1029 init,
1172 951 1383 1017 efficientibus
1407 952 1445 1018 de
1463 952 1643 1019 Erechtheo

444 1063 493 1127 ibi
520 1063 596 1147 agi,
628 1063 662 1124 in
686 1065 873 1124 curatorum
896 1061 985 1123 enim
1009 1057 1163 1123 relatione
1186 1058 1225 1123 de
1248 1057 1426 1123 Erechtheo
1449 1058 1643 1124 aedificando

443 1167 531 1254 legi:
561 1171 613 1230 τὸν
637 1165 731 1229 salvor
755 1169 805 1228 τόν
831 1165 881 1228 ἐπὶ
906 1168 945 1227 ro*
964 1165 1053 1243 τοίχο
1076 1169 1115 1228 ri
1135 1164 1207 1241 πρὸς
1232 1169 1272 1227 ri
1292 1165 1472 1240 Πανδροσείο
1490 1163 1523 1245 ¹).
1557 1165 1641 1230 Nam

443 1277 589 1359 inspecta
609 1271 720 1336 tabula
741 1271 972 1357 topographica
991 1278 1122 1356 apparet
1142 1293 1274 1336 murum
1291 1270 1517 1336 occidentalem
1530 1272 1645 1337 Erech-

444 1379 532 1455 thei,
565 1380 621 1463 qui
644 1376 729 1442 latus
754 1379 863 1441 minus
885 1376 1059 1441 Pandrosei
1082 1379 1205 1462 tangit,
1230 1400 1249 1439 a
1266 1384 1358 1459 parte
1381 1379 1466 1457 (spic
1492 1399 1518 1442 o.
1545 1375 1642 1456 Gen.)

445 1485 615 1548 Pandrosca'
645 1485 746 1548 situm
770 1482 850 1560 dici,
875 1489 999 1568 partem
1025 1488 1132 1547 autem
1157 1482 1384 1548 occidentalem
1409 1487 1496 1548 muri
1520 1489 1643 1569 septen·

444 1589 593 1656 trionalis
629 1588 862 1675 Hecatompedi
896 1590 1055 1652 occandum
1091 1589 1189 1668 (κατὰ
1220 1611 1247 1654 c.
1281 1586 1372 1669 Ace.)
1408 1590 1525 1671 lenam
1559 1591 1641 1653 latus

445 1696 624 1760 Pandrosei.
660 1695 864 1780 Quamquam
898 1716 960 1759 non
990 1697 1037 1759 ita
1066 1693 1197 1759 firmum
1231 1695 1289 1761 boc
1320 1701 1368 1761 est
1399 1700 1639 1783 argumentum,

444 1805 509 1866 nisi
529 1800 623 1887 plura
641 1801 807 1880 accedant;
829 1807 1024 1885 quapropter
1043 1805 1357 1888 argumentationem
1379 1801 1565 1878 Michailis,
1586 1805 1643 1887 qui

444 1929 524 1994 prae
547 1909 659 1972 ceteris
682 1906 855 1992 Dbrpfeldo
874 1912 924 1971 eat
943 1906 1148 1984 adversatus,
1170 1909 1280 1992 paucis
1299 1908 1576 1993 comprehendam.
1599 1907 1643 1972 Ut

444 2014 559 2099 probet
582 2013 801 2078 Erechtheum
826 2014 896 2078 νεὼν
921 2014 1053 2092 ἀρχαῖον
1077 2019 1229 2078 vocatum
1254 2035 1339 2090 esse,
1360 2016 1407 2078 ita
1427 2013 1587 2099 disputat:
1608 2016 1642 2077 in

443 2121 653 2204 inscriptione
674 2119 770 2184 modo
789 2117 921 2184 laudata
940 2117 1006 2183 322
1030 2117 1247 2184 Erechtheum
1271 2122 1378 2184 vocari
1402 2120 1453 2183 siv
1477 2122 1544 2183 νεὼν
1570 2114 1642 2199 ish

444 2225 482 2290 rt
514 2227 646 2305 ἀρχαῖον
676 2223 817 2303 ἄγαλμα
832 2222 868 2305 ²),
901 2224 1081 2311 longiorem
1113 2225 1194 2289 hanc
1217 2225 1508 2291 denominationem
1531 2228 1565 2290 in
1589 2247 1642 2291 ore

445 2330 550 2416 plebis
574 2331 692 2396 factam
716 2352 784 2396 esse
808 2333 881 2408 „rte
905 2333 1036 2409 ἀρχαῖον
1060 2329 1163 2406 vis,
1189 2330 1274 2415 quod
1297 2333 1375 2396 satis
1398 2340 1512 2416 aptum
1531 2335 1640 2397 uisum

445 2459 516 2504 esse
547 2458 683 2517 nomen,
715 2437 933 2503 Erechtheum
957 2439 1043 2502 enim
1067 2434 1137 2502 loco
1161 2436 1276 2521 templi
1300 2439 1519 2522 antiquissimi
1542 2437 1640 2503 fuisse

445 2544 662 2610 aedificatum.
705 2542 767 2609 Sed
803 2542 949 2628 exempla
984 2544 1121 2608 nominis
1156 2545 1202 2607 ita
1236 2542 1393 2607 decurtati
1428 2543 1572 2609 desidero
1608 2554 1640 2610 et

445 2650 608 2736 templum
639 2649 724 2735 quod
755 2670 811 2736 pro
843 2651 974 2734 antiquo
999 2648 1201 2713 aedificatum
1225 2654 1308 2712 esset
1330 2671 1434 2712 novum
1457 2653 1566 2735 potins
1589 2672 1641 2737 ap·

443 2756 562 2843 pellari
598 2756 719 2821 debuit.
755 2755 888 2820 Frustra
917 2760 1028 2819 antem
1059 2753 1230 2818 Michaiilis
1260 2753 1433 2837 Dirpfeldo
1457 2754 1641 2840 obloquitur

443 2863 628 2950 perhibenti
661 2860 821 2947 templum
854 2883 872 2926 a
896 2882 929 2925 ee
950 2863 1121 2926 inventum
1146 2864 1277 2941 ἀρχαῖον
1302 2868 1374 2924 tum
1399 2883 1465 2927 esse
1491 2870 1640 2927 vocatum

443 2991 520 3036 cum
548 2971 624 3034 novi
649 2967 764 3054 templi
787 2966 1101 3054 t„Vorparthenon”)
1125 2966 1327 3032 construendi
1358 2966 1528 3033 consilium
1559 2976 1642 3035 esset

441 3077 565 3139 initum
580 3073 622 3154 3);
649 3096 688 3139 an
712 3077 794 3139 mira
819 3073 907 3158 loqui
933 3073 1104 3150 videbitur,
1129 3074 1186 3157 qni
1204 3079 1355 3159 rogatus:
1378 3074 1540 3150 „Ubinam
1561 3097 1639 3160 pone

443 3201 550 3246 novus
572 3177 670 3245 fiatt’
695 3179 910 3265 responderit:
937 3177 1061 3256 „Paulo
1084 3178 1168 3243 infra
1192 3176 1379 3244 vetereml''

489 3286 601 3372 Neque
624 3293 758 3372 prosunt
780 3286 844 3351 loci
867 3285 1043 3350 Homerici.
1068 3283 1212 3363 Quorum
1236 3284 1318 3350 alter
1341 3291 1371 3363 (a
1386 3285 1443 3365 81)
1461 3289 1495 3350 in
1514 3294 1638 3353 remota

441 3392 501 3458 illa
531 3398 677 3478 tempora
707 3414 764 3457 noa
788 3390 935 3468 abducit,
961 3392 1078 3476 quihus
1101 3389 1224 3476 templa
1247 3395 1303 3455 vix
1327 3394 1501 3458 existerent
1524 3393 1638 3478 deique

443 3499 630 3564 hominibus
653 3499 714 3562 sibi
737 3502 862 3583 praeter
884 3501 1005 3562 ceteros
1029 3499 1110 3561 caris
1129 3495 1332 3561 familiariter
1351 3502 1529 3575 uterentur,
1549 3498 1639 3563 Mara

443 3604 622 3669 Thracibus
642 3605 670 3683 (t
684 3602 774 3683 361),
797 3602 903 3667 Venus
924 3599 1053 3689 Cypriis
1071 3603 1101 3681 (t
1114 3600 1204 3679 363),
1233 3602 1404 3687 Neptunus
1424 3604 1639 3689 Aethiopibus

443 3717 481 3791 (a
495 3709 563 3790 22),
586 3711 668 3774 varii
691 3709 737 3773 dii
771 3709 966 3773 Phaeacibus
992 3714 1024 3788 (n
1038 3707 1102 3773 201
1124 3715 1216 3794 sqq).
1241 3706 1391 3775 Catullus
1414 3708 1503 3774 illius
1526 3714 1640 3775 aetatis

443 3837 560 3882 aureae
583 3819 779 3881 mentionem
804 3815 879 3880 facit
901 3816 937 3878 in
961 3816 1101 3880 carmine
1126 3813 1169 3879 64
1194 3836 1248 3879 vv.
1274 3814 1339 3880 384
1353 3836 1421 3900 sqq.

439 4067 514 4129 432).
536 4066 599 4116 Item
620 4066 650 4115 de
673 4081 721 4115 uon
743 4066 779 4114 ita
802 4066 915 4115 vetustis:
939 4067 1016 4126 Κῦρος
1039 4064 1052 4113 δ
1069 4064 1178 4127 ἀρχαῖος
1194 4065 1266 4129 (lien.
1284 4065 1360 4115 Anah.
1378 4066 1391 4116 I
1409 4066 1425 4114 a
1443 4068 1495 4129 51).
1514 4068 1550 4117 ct.
1568 4084 1641 4134 porro

440 4149 539 4214 egregu
555 4147 725 4198 commentatio
743 4147 870 4196 Michaelis
889 4147 913 4196 in
932 4146 1055 4196 Jahrbuch
1073 4146 1114 4195 (les
1130 4147 1259 4196 ksiaerlich
1280 4147 1413 4198 Dentachen
1431 4149 1640 4214 arabiologischen

441 4231 559 4282 Instituta
576 4231 649 4280 laea.

479 4310 887 4375 1)c.1,A.laaa‚001.144.

475 4396 505 4459 2)
528 4395 566 4443 Sc.
589 4391 678 4452 irrue,
702 4394 765 4457 quod
789 4393 881 4458 optimo
898 4392 950 4442 iura
968 4392 1089 4457 supplevit
1106 4392 1223 4458 Dorpield
1240 4394 1284 4443 hoc
1300 4394 1373 4443 allato
1390 4395 1511 4459 exemplo:
1530 4397 1639 4444 Ἐλευσι-

440 4476 524 4532 νιακὸς
543 4473 609 4531 λίθος
626 4474 686 4536 πρὸς
704 4469 721 4535 ᾧ
740 4474 775 4522 τὰ
793 4472 812 4538 ζ
813 4478 862 4535 ita,
881 4474 921 4523 ubi
939 4474 974 4523 nil
991 4475 1037 4523 nisi
1055 4475 1164 4525 futurum
1181 4476 1287 4541 suppleri
1305 4480 1392 4541 potest.

475 4558 503 4621 2)
522 4555 572 4606 Cur
590 4557 615 4605 iu
632 4556 726 4606 decreto
743 4556 802 4605 anni
820 4556 869 4604 606
888 4557 917 4605 ue
933 4556 1051 4621 supplicio
1066 4564 1090 4606 at
1109 4556 1270 4623 publicatione
1286 4556 1403 4607 bonorum
1420 4558 1509 4607 civium
1525 4560 1567 4623 qni
1583 4575 1638 4609 cum

440 4640 569 4689 Cleomene
590 4637 726 4687 Eleusinem
750 4636 917 4697 obtinuerant,
941 4638 1037 4687 voculas
1059 4639 1126 4700 napis
1150 4639 1193 4687 etv
1213 4639 1318 4701 ἀρχαῖον
1336 4640 1392 4688 ναὸν
1409 4656 1422 4688 s
1440 4640 1533 4689 Crateri
1554 4643 1637 4689 Decre-

439 4726 523 4771 torum
545 4719 686 4769 collectione
708 4724 815 4785 sumptas
838 4720 938 4784 ideoque
960 4721 1075 4783 genuinas
1099 4737 1149 4770 esse
1172 4726 1241 4786 putet
1259 4722 1386 4771 Michailia
1402 4738 1450 4771 non
1468 4721 1581 4786 intellego
1598 4723 1637 4785 (ct.

446 4804 492 4852 Mi.
509 4804 575 4857 Arx.
593 4804 634 4850 ΔΔ
652 4802 693 4861 42,
711 4801 790 4854 Schol.
808 4804 851 4852 Ar.
868 4802 923 4866 hya.
942 4800 1012 4864 273).
