4525 5950
654 710 696 776 86
1178 725 1321 774 riorus.

698 895 947 969 „intumescente
969 897 1059 956 motu
1078 891 1237 976 profugus
1258 896 1464 975 repertusque
1481 890 1514 970 ¹),
1536 896 1706 976 postquam
1718 894 1844 956 intutae

648 997 817 1077 latebrae,
839 996 1032 1081 praesidium
1064 996 1103 1060 ab
1128 996 1260 1061 audacia
1281 1003 1469 1061 mutuatur:
1494 1018 1557 1061 non
1580 997 1782 1083 praefectum
1806 998 1843 1062 ab

648 1106 707 1179 iis,
733 1102 787 1168 scd
810 1100 1038 1168 Germanicum
1059 1102 1191 1178 ducem,
1211 1101 1265 1167 sed
1283 1100 1449 1167 Tiberium
1468 1105 1698 1187 imperatorem
1717 1102 1842 1168 violari.

648 1207 754 1272 Simul
778 1210 957 1284 exterritis,
989 1210 1045 1292 qui
1076 1208 1281 1283 obstiterant,
1315 1213 1443 1292 raptum
1475 1207 1634 1272 vexillum
1665 1207 1706 1273 ad
1737 1212 1839 1293 ripam

651 1316 758 1390 vertit,
792 1321 825 1378 et
855 1315 882 1376 si
905 1315 977 1398 quis
1000 1315 1129 1397 agmine
1153 1311 1355 1390 decessisset,
1380 1333 1436 1396 pro
1460 1312 1619 1378 desertore
1643 1314 1709 1379 lore
1733 1313 1842 1378 clami·

649 1425 736 1494 tans,
760 1416 888 1482 reduxit
911 1420 945 1480 in
968 1416 1099 1481 hiberna
1123 1416 1267 1481 turbidos
1290 1423 1322 1481 et
1346 1417 1427 1482 nibil
1451 1419 1578 1482 aus0a”.

695 1522 807 1590 Cuivis
830 1523 1000 1588 bominum
1023 1521 1227 1587 multitudini
1250 1530 1323 1608 apta
1346 1523 1455 1588 fraude
1478 1526 1640 1608 impetum
1664 1524 1734 1588 dari
1755 1544 1841 1608 posse

648 1632 816 1705 novimus,
851 1628 905 1693 sed
940 1650 1019 1713 opus
1051 1636 1099 1693 est
1130 1635 1168 1693 ut
1199 1632 1255 1714 qui
1285 1628 1344 1693 illa
1376 1630 1486 1694 fraude
1516 1635 1628 1694 utatur
1650 1631 1840 1696 brevissimo

646 1744 789 1820 tempore
819 1734 858 1799 ad
887 1737 1088 1822 propositum
1118 1734 1214 1799 finem
1239 1757 1307 1799 rem
1332 1735 1528 1820 perduxerit.
1553 1734 1606 1800 Sic
1629 1744 1662 1800 et
1686 1736 1759 1813 hic,
1784 1738 1840 1801 nisi

646 1844 847 1927 paucissimis
871 1842 957 1904 horis
980 1840 1104 1904 Ennius
1129 1843 1236 1924 copias
1258 1840 1332 1905 illas
1350 1843 1384 1904 in
1405 1841 1546 1905 bibernis
1566 1841 1738 1906 collocavit
1759 1843 1838 1907 fraus

646 1948 789 2034 perpluit
819 1959 851 2011 et
883 1945 986 2010 multo
1020 1949 1120 2010 maior
1142 1946 1298 2010 discordia
1321 1949 1480 2031 erumpit:
1505 1947 1542 2011 de
1566 1946 1692 2032 aliquot
1716 1948 1838 2013 dierum

645 2057 759 2118 itinere
791 2056 933 2137 cogitare
963 2074 1011 2116 res
1033 2055 1102 2136 ipsa
1126 2059 1225 2116 vetat.
1250 2052 1291 2116 Et
1318 2061 1423 2116 tamen
1447 2053 1583 2117 dubium
1605 2074 1667 2118 non
1691 2060 1743 2118 est
1765 2056 1836 2138 quin

647 2181 720 2224 curn
744 2160 884 2223 hibernis
908 2158 959 2222 bic
983 2159 1073 2221 nobis
1097 2179 1146 2221 res
1170 2161 1230 2232 sit,
1256 2159 1311 2222 ubi
1334 2165 1366 2222 et
1389 2157 1470 2223 aliae
1493 2158 1599 2222 adsint
1618 2162 1747 2243 copiae;
1768 2180 1837 2224 nam

645 2265 728 2329 illud
756 2264 877 2341 solum,
904 2263 987 2349 quod
1011 2273 1086 2328 sunt
1109 2267 1142 2326 in
1167 2262 1326 2338 hibernis,
1351 2263 1471 2327 milites
1495 2263 1534 2327 ad
1559 2264 1751 2328 discordiam
1775 2286 1838 2349 pro

645 2392 759 2455 penses
779 2392 858 2445 non,
881 2377 918 2433 ut
938 2372 1059 2453 opinor,
1080 2371 1112 2431 in
1134 2368 1235 2432 officio
1254 2370 1467 2454 obsequioque
1488 2372 1621 2434 retinere
1638 2378 1757 2454 potest.
1775 2368 1836 2434 Vox

645 2476 775 2539 hiberna
798 2475 874 2558 quid
898 2474 1056 2559 significet
1075 2477 1152 2537 satis
1173 2483 1316 2538 accurate
1337 2498 1367 2559 p.
1381 2474 1425 2538 84
1438 2496 1484 2559 sq.
1507 2475 1586 2538 mihi
1606 2475 1837 2540 demonstrasse

646 2582 773 2645 videor:
799 2580 898 2645 talem
921 2590 1030 2644 autem
1054 2581 1167 2644 urbem
1192 2579 1367 2644 militarem
1391 2581 1585 2665 praesidium
1606 2584 1769 2666 agitantes
1787 2584 1837 2645 isti

646 2686 804 2750 vexillarii
838 2708 897 2750 non
930 2687 1126 2763 babuerunt,
1159 2685 1198 2749 ad
1230 2684 1398 2770 Visurgim
1430 2686 1507 2751 talia
1538 2687 1671 2752 hiberna
1702 2711 1767 2753 non
1790 2688 1837 2752 ad·

644 2793 791 2867 fuerunt3
818 2813 895 2877 ergo
920 2795 988 2876 ripa
1011 2791 1085 2868 illa,
1110 2812 1173 2876 quo
1195 2790 1352 2859 vexillum
1374 2796 1471 2856 vertit
1490 2793 1630 2869 Ennius,
1651 2816 1714 2858 non
1736 2794 1838 2859 Visur

644 2902 696 2983 gis
727 2906 776 2962 est
806 2899 860 2962 sed
892 2897 994 2962 Rheni
1026 2900 1094 2982 ripa
1124 2905 1156 2961 et
1188 2897 1319 2961 hiberna
1342 2897 1431 2962 nulla
1453 2897 1516 2963 alia
1539 2908 1613 2963 sunt
1637 2920 1739 2985 quam
1762 2920 1836 2987 quae

646 3002 836 3069 Germaniae
859 3003 1040 3089 legionibus
1065 3012 1140 3067 sunt
1164 3009 1309 3068 extructa
1328 3003 1381 3068 vel
1398 3007 1432 3068 in
1453 3012 1536 3069 terra
1556 3005 1716 3071 Ubiorum
1729 3019 1770 3086 (c.
1784 3006 1837 3094 36)

646 3109 698 3174 rel
731 3109 821 3185 „loco
852 3113 904 3173 cui
936 3108 1050 3174 Vetera
1081 3131 1197 3173 noman
1221 3108 1292 3173 est”
1317 3115 1357 3188 (c.
1384 3109 1450 3189 45).
1476 3109 1637 3194 Sequitur,
1662 3132 1715 3176 res
1740 3114 1821 3176 trist‘

645 3217 700 3281 sed
730 3238 805 3281 vera
837 3223 900 3291 est,
935 3223 971 3279 ut
1003 3213 1165 3290 Chaucos,
1199 3213 1345 3299 Visurgis
1378 3214 1530 3299 Albisque
1554 3215 1689 3292 accolas,
1717 3217 1780 3282 sibi
1802 3215 1837 3281 ad

645 3322 793 3387 Rhenum
817 3323 996 3387 habitantes
1021 3320 1148 3384 fiarent
1171 3320 1317 3396 Tacitus,
1342 3319 1435 3405 plane
1459 3320 1578 3385 oblitus
1602 3343 1736 3399 eorum,
1761 3343 1838 3408 quae

645 3436 718 3494 ante
749 3428 871 3512 aliquot
895 3448 992 3492 annos
1016 3430 1185 3510 scripserat
1210 3423 1249 3490 G.
1276 3424 1337 3490 35:
1363 3424 1587 3502 „Chaucorum
1610 3448 1707 3512 gens,
1734 3449 1840 3514 quarn·

644 3556 741 3620 qoam
775 3537 907 3617 incipiat
938 3554 957 3597 a
987 3531 1098 3596 Frisiis
1129 3553 1164 3595 ac
1195 3537 1318 3615 partem
1349 3531 1454 3596 litoris
1487 3541 1635 3617 occupet,
1673 3538 1838 3610 omnium,

644 3662 723 3725 quas
756 3642 905 3723 exposui,
938 3641 1088 3723 gentium
1118 3638 1273 3702 lateribus
1305 3638 1499 3715 obtenditur,
1525 3638 1623 3703 donec
1646 3640 1680 3702 in
1706 3638 1838 3705 Chattos

644 3767 743 3831 usque
763 3746 941 3809 sinuetur’'.
963 3743 1050 3822 Quae
1070 3764 1266 3828 quamquam
1288 3750 1320 3807 et
1338 3747 1406 3827 ipsa
1425 3765 1551 3808 omnem
1570 3743 1712 3809 ludibrio
1724 3745 1839 3810 babent

642 3852 892 3937 geographiam,
919 3858 1024 3914 tamen
1051 3850 1169 3913 diserte
1193 3849 1353 3913 declarant
1378 3848 1578 3915 Chaucorum
1605 3853 1749 3935 regionis
1774 3850 1839 3915 nul·

643 3956 708 4021 lam
744 3956 842 4020 fuisse
878 3964 1002 4040 partem
1034 3954 1117 4018 unde
1151 3957 1246 4018 unius
1277 3954 1340 4018 diei
1370 3956 1484 4019 itinere
1516 3954 1554 4019 ad
1587 3954 1686 4019 Ubios
1719 3962 1773 4034 (ne
1803 3956 1838 4020 de

643 4061 813 4126 Veteribus
836 4060 962 4145 loquar)
987 4063 1148 4144 perveniri
1171 4065 1287 4143 posset.

691 4167 728 4231 A.
753 4164 778 4242 I,
800 4166 852 4229 43.
879 4166 946 4230 lam
969 4166 1073 4230 taedet
1092 4163 1323 4230 Germanicum
1335 4165 1539 4229 tumultuum
1552 4170 1584 4229 et
1596 4165 1837 4242 discordiarum,

642 4275 706 4336 iam
739 4275 772 4336 in
804 4293 840 4335 eo
870 4278 918 4336 est
942 4278 980 4334 ut
1003 4272 1169 4336 seditiosos
1194 4270 1316 4335 milites
1340 4271 1499 4355 relinquat
1522 4279 1554 4337 et
1577 4271 1616 4335 ad
1640 4276 1837 4356 superiorem

641 4376 860 4462 proficiscatur
883 4378 1077 4452 exercituum
1105 4384 1189 4440 certe
1213 4379 1305 4439 uxori
1329 4382 1365 4439 ut
1387 4398 1423 4440 eo
1443 4377 1545 4441 abiret
1564 4381 1742 4461 persuasit,
1763 4382 1839 4443 iam·

641 4503 703 4567 que
736 4482 922 4557 „incedebat
952 4480 1109 4545 muliebre
1132 4489 1164 4545 et
1188 4480 1369 4546 miserabile
1393 4482 1547 4567 agmen”:
1583 4503 1619 4546 ea
1643 4503 1694 4547 res
1718 4483 1838 4549 milites

641 4587 849 4653 vehementer
879 4593 1077 4662 commovet,
1112 4585 1210 4670 fitque
1235 4584 1425 4652 Germanico
1449 4608 1503 4652 eos
1528 4586 1714 4674 alloquendi
1736 4593 1836 4676 copia.

676 4816 702 4880 l)
723 4815 810 4879 Ecquid
828 4813 954 4863 delendum
971 4814 1035 4863 istud
1053 4814 1222 4878 repertusque?
