4525 5950
974 699 1114 749 riorus.
1591 680 1634 747 89

431 870 581 942 ratione,
606 885 686 950 quae
705 865 923 929 funestissima
943 883 1011 928 esse
1030 863 1111 928 solet
1129 862 1307 928 alienarum
1327 868 1484 928 terrarum
1507 867 1640 950 raptori·

435 973 512 1037 bus.
533 973 569 1037 In
590 970 808 1035 Romanorum
826 969 983 1034 dicionem
996 966 1189 1035 Chattorum
1202 972 1291 1055 regio
1304 973 1451 1053 pervenit
1463 991 1638 1056 nunquam.

486 1075 528 1141 Α.
548 1075 574 1151 Ι,
595 1074 739 1140 57-59.
764 1075 851 1154 Quae
870 1077 922 1140 hie
943 1082 1111 1138 narrantur
1131 1095 1241 1139 revera
1261 1074 1324 1139 alio
1344 1075 1439 1140 modo
1457 1085 1549 1162 gesta
1569 1098 1637 1142 esse

437 1184 472 1248 et
497 1203 548 1247 res
568 1184 638 1266 ipsa
656 1180 775 1246 clamat
794 1184 947 1260 (narratio
968 1184 1054 1245 enim
1075 1181 1233 1245 eiusmodi
1253 1188 1301 1244 est
1321 1188 1358 1245 ut
1377 1203 1471 1246 nemo
1490 1185 1519 1247 ei
1540 1182 1635 1247 fidem

437 1289 557 1352 habere
588 1289 701 1372 possit)
724 1287 756 1350 et
780 1285 934 1370 quaedam
960 1285 1135 1362 vocabula,
1160 1286 1277 1370 quibus
1300 1285 1430 1351 Tacitus
1454 1289 1568 1365 utitur,
1591 1291 1639 1353 in·

438 1394 557 1458 dicant.
591 1390 819 1468 Germanicus,
851 1392 890 1456 ab
921 1391 978 1456 illa
1009 1395 1045 1455 in
1075 1390 1268 1458 Chattorum
1295 1398 1413 1457 terram
1437 1393 1640 1478 expeditione

438 1509 544 1565 castra
575 1519 633 1563 sua
661 1504 808 1584 repetens
831 1502 872 1575 (c.
898 1494 940 1562 57
966 1500 1087 1574 „vertit
1110 1497 1150 1562 ad
1174 1497 1370 1579 Rhenum”),
1394 1498 1500 1563 medio
1524 1501 1640 1564 itinere

437 1626 472 1670 se
505 1606 663 1670 convertit
694 1601 919 1682 („Germanico
951 1605 1091 1687 pretium
1123 1602 1187 1665 fuit
1211 1608 1395 1668 convertere
1418 1604 1557 1689 agmen'’
1581 1605 1640 1683 ib.)

438 1718 477 1775 ut
513 1710 681 1796 Segestem
714 1708 847 1785 liberet,
883 1711 938 1793 qui
970 1729 987 1772 a
1019 1707 1227 1793 popularibus
1259 1709 1520 1787 circumsedetur,
1554 1709 1640 1795 apud

437 1837 520 1902 quos
539 1817 706 1880 Arminius
726 1816 830 1900 potior
848 1812 905 1878 illo
925 1819 1011 1889 erat,
1036 1819 1069 1877 et
1090 1820 1240 1898 „ereptus
1261 1820 1335 1893 (est)
1353 1813 1503 1900 Segestes
1522 1836 1641 1902 magna

438 1943 515 1986 cum
549 1924 802 2006 propinquorum
832 1926 864 1985 et
897 1918 1067 1984 clientium
1091 1920 1223 1983 manu’'.
1249 1918 1387 1995 Verum,
1413 1923 1440 1984 si
1463 1922 1510 1984 ita
1534 1942 1583 1985 res
1607 1942 1641 1986 se

437 2028 571 2103 habuit,
604 2027 760 2111 quomodo
790 2026 875 2111 apud
897 2024 1059 2090 inclusum
1082 2024 1179 2089 illum
1201 2023 1369 2110 Segestem
1393 2027 1533 2089 Arminii
1557 2047 1639 2090 uxor

438 2154 508 2198 esee
532 2135 673 2217 potuerit
694 2135 727 2196 in
752 2133 889 2197 tenebris
912 2130 1002 2196 latet.
1034 2131 1146 2214 Neque
1170 2131 1229 2195 hoc
1253 2133 1361 2195 minus
1386 2133 1556 2196 obscurum
1581 2135 1637 2217 qui

438 2260 548 2304 sermo
571 2239 623 2302 hic
647 2260 715 2304 esse
739 2240 840 2324 possit
863 2238 902 2302 de
924 2237 1077 2301 deditione
1100 2243 1141 2316 (c.
1167 2234 1210 2302 57
1235 2238 1275 2301 f.:
1301 2240 1378 2322 „qui
1402 2244 1473 2302 tum
1497 2241 1530 2302 in
1554 2238 1638 2303 dedi·

438 2349 561 2410 tionem
586 2344 777 2409 veniebant’'
803 2351 834 2408 et
858 2365 883 2408 o.
909 2343 952 2407 59
976 2345 1020 2407 in.
1047 2343 1156 2419 „fama
1174 2343 1274 2407 dediti
1296 2344 1495 2429 benigneque
1514 2347 1639 2429 excepti

439 2450 630 2536 Segestis”).
652 2450 795 2535 Denique
815 2448 963 2535 Segestes
981 2469 1043 2513 non
1063 2448 1253 2513 beneficium
1274 2448 1457 2514 aRomanis
1470 2458 1638 2534 acceptum

440 2560 606 2645 agnoscit,
631 2578 694 2621 non
718 2558 839 2642 gratias
863 2559 902 2619 iis
927 2558 997 2641 agit
1021 2556 1105 2641 quod
1129 2576 1168 2619 ex
1192 2554 1299 2640 aliquo
1324 2559 1366 2620 sit
1386 2576 1509 2621 carcere
1528 2554 1641 2621 libera·

441 2671 514 2740 tus,
548 2660 603 2727 sed
634 2683 667 2727 ee
699 2662 737 2726 de
761 2661 913 2726 Romanis
937 2664 1068 2747 egregie
1094 2664 1249 2725 merit-um
1273 2659 1435 2745 gloriatur
1458 2662 1509 2725 his
1533 2662 1641 2726 verbis

440 2776 480 2849 (c.
507 2767 584 2847 58):
609 2789 693 2843 „non
716 2768 768 2831 hic
791 2767 873 2831 mihi
896 2769 1022 2851 primus
1045 2788 1121 2852 erga
1145 2765 1328 2831 Romanum
1351 2766 1425 2830 fidei
1446 2773 1479 2830 et
1498 2773 1641 2831 constan·

439 2879 504 2941 tiae
529 2874 628 2939 dies”.
655 2873 738 2953 Quid
757 2894 868 2939 revere
887 2875 1030 2938 evenerit
1050 2893 1111 2936 non
1133 2894 1213 2957 opus
1233 2879 1281 2938 est
1299 2879 1338 2936 ut
1356 2872 1411 2936 diu
1434 2892 1639 2958 quaeramus:

441 2983 609 3049 Romanus
632 2983 778 3065 scriptor,
803 2988 840 3045 ut
863 2980 932 3044 lieri
956 2979 1054 3057 solet,
1079 2983 1300 3063 turpissimam
1326 3001 1394 3044 rem
1419 2982 1570 3066 speciosis
1592 2983 1639 3045 in-

438 3087 548 3152 volvit
583 3087 699 3150 verbis.
737 3086 808 3150 Non
842 3094 970 3170 ereptus
1002 3093 1049 3149 est
1081 3084 1230 3169 Segestes
1262 3108 1278 3150 e
1311 3087 1463 3163 custodia,
1488 3107 1584 3171 quam
1608 3089 1638 3151 ei

438 3191 692 3258 circumdederat
725 3193 908 3268 Arminius,
935 3191 989 3255 sed
1013 3192 1143 3255 absente
1168 3193 1314 3256 Arminio
1337 3214 1438 3276 neque
1462 3192 1637 3276 quidquam

439 3299 600 3364 eiusmodi
619 3305 800 3373 metuente,
821 3297 968 3383 Segestes
985 3300 1107 3382 patriae
1119 3318 1249 3361 causam
1262 3297 1367 3361 valido
1380 3305 1474 3381 atque
1488 3294 1639 3381 opulento

439 3408 563 3490 raptori
590 3404 715 3486 prodit,
747 3408 843 3487 atque
867 3423 1001 3467 uxorem
1026 3404 1166 3466 Arminii
1190 3425 1263 3467 curn
1289 3403 1453 3466 fidissimis
1477 3400 1567 3466 illius
1591 3424 1640 3467 co·

441 3512 579 3576 mitibus
608 3513 643 3573 in
672 3510 895 3592 captivitatem
929 3507 1028 3572 tradit
1060 3504 1268 3583 Germanic0,
1300 3510 1353 3571 cui
1386 3509 1547 3591 „pretium
1578 3507 1641 3572 fuit

440 3623 626 3682 convertere
644 3613 783 3700 agmen”
805 3621 842 3677 nt
863 3620 968 3678 tantae
987 3613 1199 3698 turpitudinis
1220 3612 1476 3678 emolumentum
1498 3613 1640 3678 haberet.

440 3726 483 3787 At
502 3721 634 3786 Tacitus
653 3719 810 3785 eiusmodi
829 3719 953 3803 flagitia
973 3717 1107 3803 pulchra
1128 3727 1260 3783 exornat
1278 3720 1383 3802 speeie
1398 3765 1404 3780 .
1421 3766 1428 3781 .
1444 3764 1451 3780 .
1465 3718 1639 3783 dummodo

438 3832 504 3892 sint
535 3828 708 3891 commisse
731 3846 749 3889 a
773 3823 982 3902 Germanico,
1007 3846 1070 3909 quo
1096 3827 1255 3888 neminem
1281 3825 1386 3907 magis
1411 3824 1506 3888 habet
1529 3826 1563 3886 in
1589 3822 1641 3888 de-

437 3935 534 3999 liciis.
567 3931 678 3996 'I'acito
708 3939 835 3996 auctore
867 3951 969 4015 neque
1002 3933 1139 4014 turpiter
1170 3951 1272 4015 neque
1304 3928 1404 3994 stulte
1442 3950 1538 4014 agere
1563 3924 1639 3993 (ler-

436 4042 586 4104 manicns
620 4039 738 4122 potuit.
774 4036 823 4100 lln
857 4034 935 4120 quid
967 4039 1010 4101 sit
1042 4037 1130 4112 „sine
1162 4038 1210 4099 ira
1241 4041 1273 4100 et
1306 4035 1434 4100 studio”
1466 4036 1634 4099 historiam

435 4146 591 4211 seribere.

482 4249 640 4314 Eiusdem
664 4244 847 4312 Germanioi
871 4246 1069 4331 praeclarum
1094 4245 1217 4310 scilicet
1241 4245 1412 4310 consilium
1432 4252 1464 4311 et
1484 4245 1636 4310 callidum

433 4361 609 4422 inventum
642 4352 831 4417 describitur
864 4351 904 4428 ΙΙ,
931 4350 961 4415 6.
994 4351 1038 4415 Ut
1070 4372 1172 4435 neque
1204 4351 1310 4437 longis
1340 4353 1530 4427 itineribus,
1556 4373 1639 4437 quae

433 4464 599 4528 Romanos
631 4458 751 4523 milites
782 4458 1031 4534 exhauriebant,
1058 4464 1089 4521 et
1113 4460 1181 4521 sine
1205 4449 1326 4543 magna
1348 4480 1504 4543 equorum
1530 4461 1637 4541 copia,

432 4569 555 4654 quihus
586 4563 807 4628 ministrandis
838 4565 905 4626 iarn
936 4563 1035 4627 fessae
1068 4568 1158 4625 erant
1191 4559 1334 4639 Galliae,
1365 4562 1508 4649 legiones
1539 4583 1637 4646 quam

435 4673 607 4739 celerrime
637 4673 670 4733 in
702 4669 842 4733 mediam
874 4670 997 4752 possint
1021 4667 1151 4751 perduci
1177 4664 1404 4745 Germaniam,
1430 4668 1566 4732 navibus
1586 4688 1638 4732 eas

439 4801 496 4866 per
533 4797 622 4840 mare
657 4775 696 4840 ad
730 4774 902 4839 fluminum
933 4793 987 4838 ora
1019 4773 1134 4837 vehere
1166 4773 1326 4850 decrevit,
1367 4777 1411 4838 sic
1451 4777 1638 4860 „integrum
