4525 5950
664 721 684 782 4
1134 738 1374 788 nnncsnnnnns.

707 900 787 984 §34
818 923 849 986 p.
875 901 957 967 934:
990 901 1064 966 οίνου
1096 905 1184 981 Κῶον
1214 907 1348 982 κεριίμια
1382 904 1448 983 περὶ
1480 905 1679 982 creciacum.
1706 907 1843 973 Dixerim

660 1013 836 1091 praestare:
868 1006 944 1073 οίνου
976 1005 1088 1088 Κῴου.
1120 1009 1204 1075 Item
1235 1009 1316 1094 §10
1347 1032 1377 1096 p.
1403 1009 1487 1075 926:
1521 1011 1572 1074 ἐπὶ
1596 1012 1673 1076 οίνου
1700 1014 1846 1091 κεραμίοις

662 1115 882 1187 Μενδαίοις
902 1116 1082 1196 τρισχιλίοις
1095 1115 1206 1181 eodem
1219 1116 1313 1181 modo
1326 1117 1562 1204 corrigendum.
1580 1117 1723 1206 Legitur
1736 1127 1847 1195 temen,

660 1221 771 1300 fateor,
796 1223 957 1308 Aristoph.
982 1222 1118 1309 Lysistr.
1146 1222 1228 1287 196:
1256 1225 1370 1287 Odeson
1393 1223 1470 1288 οίιου
1492 1229 1631 1302 σαμιίον.

706 1441 786 1526 §34
818 1466 849 1529 p.
875 1442 957 1508 934:
990 1444 1121 1507 ἐνθέσθαι
1156 1444 1382 1523 ’Λπολλίδωρον
1413 1445 1454 1515 είς
1487 1446 1542 1519 την
1565 1450 1638 1510 ναῦν
1663 1446 1777 1524 ἐρίων
1800 1447 1850 1524 ἐν·

660 1555 743 1624 μεῖον
775 1545 806 1612 ἐν
831 1550 847 1622 ἢ
874 1548 934 1614 δύο.
970 1548 1018 1614 De
1039 1548 1112 1615 lene
1134 1552 1168 1613 in
1190 1550 1408 1635 superioribus
1430 1549 1539 1615 nnllne
1563 1572 1670 1616 sermo
1695 1552 1779 1629 fuit,
1802 1552 1850 1617 sed

660 1654 783 1720 contuli
810 1655 890 1739 §32
922 1678 952 1742 p.
977 1654 1061 1721 933:
1095 1657 1130 1719 τί
1161 1657 1190 1719 τ’
1214 1656 1338 1733 οίνοίριον
1370 1655 1404 1719 τέ
1429 1660 1510 1736 Κῷον
1533 1657 1723 1736 θγδοιίιιοντα
1744 1660 1850 1735 ςοίμνοι

661 1759 838 1836 ἐξεςηιιθτος
870 1763 944 1826 οίνου
977 1769 1009 1826 et
1040 1764 1220 1847 suspicatus
1251 1784 1324 1826 snm
1356 1762 1538 1840 οίνιιρίων
1565 1762 1677 1829 latere.
1711 1765 1851 1845 Quarum

660 1870 815 1933 mercium
840 1872 1035 1955 permutatio
1053 1869 1143 1934 fieret
1161 1871 1195 1933 in
1219 1869 1340 1946 Pente,
1360 1873 1387 1935 si
1407 1873 1478 1955 quis
1499 1870 1581 1934 forte
1600 1873 1753 1957 ignorat,
1775 1872 1852 1937 dicet

660 1973 821 2039 Arneldns
843 1973 1012 2041 Schdferus
1040 1975 1101 2040 Vit.
1125 1976 1210 2040 Dem.
1236 1975 1250 2040 I
1274 1998 1305 2061 p.
1331 1975 1408 2040 265.

704 2185 784 2270 §35
817 2209 848 2272 p.
875 2186 959 2252 935:
993 2188 1165 2262 ἐνθυμεῖσθε
1197 2188 1268 2265 πρὸς
1301 2187 1381 2261 ὑμᾶς
1414 2188 1543 2264 αὐτούς,
1569 2187 1598 2250 εί
1619 2210 1709 2258 τινας
1736 2187 1850 2252 τώποτ’

659 2291 704 2358 iet
737 2293 753 2366 ἢ
780 2294 929 2367 ἠκούσατε
956 2288 1030 2356 οίνον
1053 2292 1203 2374 Ἀθήναζε
1228 2294 1260 2355 ἐκ
1284 2297 1336 2356 τοῦ
1362 2292 1475 2357 Πόντου
1500 2295 1571 2356 κατ’
1598 2294 1751 2373 ἐμπορίαν
1777 2296 1851 2357 εἰσιν·

661 2398 844 2477 γογθντοις,
875 2397 980 2470 ἄλλος
1011 2424 1045 2462 τε
1077 2400 1128 2462 καὶ
1155 2402 1245 2476 Κῷον.
1270 2398 1340 2464 Ηοσ
1363 2398 1493 2483 quidem
1518 2404 1602 2463 recte
1625 2405 1658 2463 et
1685 2403 1849 2487 perspicue

659 2504 782 2569 dictum
813 2511 876 2584 est;
907 2504 962 2571 sed
986 2525 1089 2590 qnam
1119 2504 1276 2591 languent
1305 2526 1342 2570 ea
1372 2526 1453 2590 qnee
1483 2508 1627 2591 proxime
1651 2514 1848 2591 sequnntur:

660 2614 723 2682 τοῖς
749 2612 811 2691 γὰρ
836 2611 931 2686 δήπου
955 2613 1126 2675 τούναντίον
1150 2613 1192 2681 είς
1216 2610 1267 2674 τὸν
1291 2615 1403 2676 Πόντον
1423 2613 1436 2675 ί
1456 2607 1529 2684 οίνος
1551 2612 1721 2689 εἰσάγεται
1742 2615 1778 2677 ἐκ
1797 2618 1848 2677 τῶν

659 2715 760 2782 σίτων
795 2724 853 2781 τῶν
888 2718 955 2798 περὶ
992 2721 1093 2796 ἡμᾶς,
1127 2717 1161 2780 ἐν
1192 2718 1371 2796 Πεπαρήθου
1404 2719 1454 2782 καί
1490 2725 1538 2782 Κῶ
1570 2720 1622 2781 καί
1655 2719 1778 2792 Θοίσιος
1801 2720 1845 2783 καί

659 2825 812 2896 Μενδαῖος
845 2826 896 2889 καὶ
930 2822 963 2901 ἐξ
994 2823 1098 2888 ἄλλων
1130 2824 1247 2888 πθλεων
1279 2824 1494 2897 ταντοδαπθς·
1527 2826 1561 2888 ἐιι
1592 2826 1623 2889 δέ
1655 2832 1711 2890 τοῦ
1738 2825 1845 2890 Πθντον

659 2928 749 3011 ἕτεροί
774 2932 835 3000 ἐςιν
858 2927 879 2998 ἃ
905 2928 1069 3010 είσοίμιται
1094 2933 1186 3009 δεῦρο.
1211 2931 1307 3012 Quasi
1331 2932 1391 2998 hec
1414 2934 1584 3018 quisquam
1603 2931 1744 2999 Athenis
1764 2936 1844 3021 igne

656 3059 725 3103 rere
756 3041 907 3122 potnerit.
941 3037 1024 3118 Quid
1048 3040 1171 3123 siquis
1196 3038 1477 3103 Roterodemenses
1501 3038 1553 3105 vel
1576 3043 1727 3124 quemvis
1751 3039 1842 3106 elinrn

551 3218 553 3222 ¹
657 3143 695 3208 de
718 3152 826 3210 nostro
850 3144 969 3230 populo
993 3144 1103 3210 docere
1128 3143 1227 3210 vellet
1249 3166 1287 3209 ex
1310 3145 1396 3210 hisce
1421 3146 1605 3233 regn’enibue
1624 3167 1757 3211 caseum
1778 3166 1842 3232 qne

656 3271 832 3335 quoversus
854 3254 1030 3336 exportari,
1055 3253 1170 3317 vinnm
1193 3258 1302 3317 entem
1325 3253 1510 3337 importari,
1534 3273 1598 3316 non
1622 3259 1745 3317 contre.

703 3472 721 3555 ᾖ
741 3469 784 3535 36
804 3492 834 3556 p.
856 3468 940 3534 936:
964 3470 1121 3549 ναυκλήρῳ
1141 3469 1198 3533 τινί
1220 3472 1462 3553 [Φασηλίτη]
1482 3470 1593 3548 τολίτη
1613 3471 1667 3533 καί
1690 3471 1838 3547 ἐπιτηδείῳ

656 3578 777 3642 ἑαυτοῦ.
801 3577 863 3643 Res
884 3579 1020 3642 incurrit
1043 3579 1077 3640 in
1101 3575 1220 3642 oculos.
1245 3576 1328 3642 Item
1351 3574 1423 3660 §55
1448 3597 1478 3661 p.
1500 3574 1581 3641 942:
1603 3577 1654 3639 τὸν
1681 3580 1838 3655 ναύκληροι

659 3686 769 3750 ἐκεῖνον
792 3687 873 3766 [τὸν
897 3684 1161 3767 Φασηλίτην].

701 3886 781 3971 §40
811 3910 841 3973 p.
868 3884 951 3952 937:
982 3885 1075 3950 οὐδενί
1112 3887 1228 3949 πώποτ’
1259 3887 1412 3962 ἐφθόνησα
1444 3885 1519 3969 [οὐδ’
1545 3886 1798 3971 ἐπετίμησα]
1818 3884 1841 3949 εί

657 4017 704 4065 τις
736 3994 886 4072 βούλεται
919 3994 1048 4070 σοΦιςης
1071 3988 1159 4058 είνιιι.
1183 3991 1245 4072 Qui
1267 3995 1564 4077 interpretationem
1588 3991 1780 4080 adscripsit,
1802 3992 1840 4056 le

655 4123 728 4166 cnm
754 4123 814 4166 non
839 4103 1015 4165 rectissime
1037 4099 1208 4165 intellexit.
1232 4098 1294 4178 Qui
1317 4101 1369 4164 hic
1391 4098 1535 4185 loquitur
1554 4099 1746 4178 foenerator,
1768 4096 1841 4164 ιιίίιί

656 4215 741 4271 curat
763 4210 790 4272 si
814 4210 885 4293 quie
909 4205 986 4271 velit
1009 4206 1141 4271 Isocrati
1160 4209 1330 4291 pecuniam
1351 4206 1504 4291 pendere:
1525 4208 1694 4282 μαινοίμην
1713 4208 1779 4286 γὰρ
1799 4204 1839 4281 ἄν,

655 4317 778 4400 inquit,
803 4313 831 4377 εί
853 4338 882 4376 τι
907 4338 957 4388 μοι
982 4315 1095 4377 τούτων
1120 4314 1268 4386 ἐπιμελὲς
1292 4312 1354 4388 είη,
1376 4334 1432 4377 nec
1451 4311 1654 4397 reprehendit
1675 4313 1761 4399 qnod
1780 4319 1838 4377 tote

656 4423 762 4485 enimc
791 4422 982 4485 contemnit:
1010 4419 1072 4484 Hic
1102 4420 1184 4483 mihi
1214 4418 1378 4504 Euripidis
1402 4421 1492 4483 venit
1515 4422 1548 4483 in
1571 4424 1730 4497 mentem,
1757 4422 1839 4486 cuins

656 4527 873 4614 fragmentum
897 4532 946 4592 est
968 4548 1066 4612 paene
1090 4527 1311 4592 decantatum:

926 4629 987 4702 θςις
1012 4634 1038 4696 δ’
1056 4632 1173 4707 ’ὁμιλῶν
1199 4630 1303 4707 ι’ίδετσιι
1328 4639 1434 4703 κακοῖς
1458 4633 1541 4708 ἀνήρ,

927 4739 959 4802 οὐ
982 4738 1100 4803 πώποτ’
1125 4740 1306 4816 ἠρώτησα
1315 4787 1323 4815 ,
1347 4735 1525 4815 γιγνώσκων
1548 4733 1594 4802 ὅτι

925 4844 1056 4912 τοιοῦτθο
1082 4845 1143 4910 ἐςιν
1166 4838 1268 4922 οίσπερ
1294 4842 1397 4917 ἥδεται
1422 4842 1538 4940 Ευνιιίν.Ι
