4525 5950
1159 694 1314 743 DOM'I'US·

988 906 1017 945 a.
1051 881 1221 947 Scholia
1243 904 1315 967 per
1339 883 1489 969 „ergo”.

686 1050 773 1115 Prol.
807 1049 827 1114 6
859 1049 938 1115 Don.
970 1050 1036 1129 (2)ῑ
1071 1050 1175 1129 „Qui”
1209 1072 1265 1135 pro
1297 1058 1343 1114 ut.
1446 1052 1488 1114 A:
1513 1073 1580 1131 erqo
1604 1073 1666 1114 non
1693 1060 1741 1115 eei
1762 1054 1847 1115 nodo

640 1163 692 1233 (=
716 1157 775 1220 hoe
797 1155 881 1231 loco)
898 1177 1071 1236 pronomen.

684 1261 819 1325 Notavit
843 1259 1095 1325 Wessnerus.

684 1414 727 1477 24
763 1412 843 1477 Don.
864 1412 930 1491 (2);
958 1411 1130 1488 ‚,Favete'’.
1156 1411 1252 1491 Quasi
1277 1412 1379 1477 dieat:
1403 1413 1480 1477 haee
1503 1411 1684 1476 adversarii
1710 1413 1846 1489 faciunt,

640 1540 696 1583 vos
726 1525 853 1594 autem,
885 1518 967 1602 quod
992 1521 1025 1581 in
1050 1518 1141 1581 vobis
1165 1525 1230 1594 est,
1255 1518 1370 1581 faveto.
1475 1516 1674 1581 Aaddidit:
1702 1541 1756 1581 nos
1781 1542 1846 1599 erpo

643 1625 775 1689 foverem
791 1623 906 1708 fosite.

684 1731 820 1794 Notavit
844 1728 892 1792 W.

683 1879 737 1946 25.
763 1880 842 1944 Don.
869 1878 935 1957 (3):
962 1877 1169 1962 „reliquum”
1194 1880 1284 1962 quasi
1309 1878 1426 1943 diceret
1450 1880 1705 1963 „postremum”
1734 1918 1777 1928 -
1802 1889 1841 1943 est

639 2009 706 2066 erpo
729 1986 816 2071 quasi
839 1985 1009 2047 adverbium
1034 2020 1076 2032 -
1102 1984 1136 2047 id
1160 1991 1208 2048 ost
1231 1983 1266 2045 ri
1290 1984 1405 2047 λοιπόν.

683 2091 817 2155 Notavit
841 2088 891 2152 W.

684 2242 699 2306 1
734 2241 819 2317 1,13
856 2240 919 2318 (8);
952 2239 1039 2324 Ergo
1072 2239 1178 2315 „haud
1210 2247 1302 2304 muto
1334 2240 1478 2304 faetum'’
1514 2261 1576 2304 non
1607 2261 1665 2304 mo
1700 2244 1840 2326 paenitet

638 2349 724 2413 facti.
817 2347 946 2430 Repetit
969 2347 1046 2409 haee
1069 2344 1232 2410 conclusio
1255 2345 1306 2421 id,
1332 2344 1417 2430 quod
1440 2344 1520 2409 Don.
1545 2345 1631 2408 dixit
1655 2348 1693 2408 in
1718 2346 1779 2425 (2).

685 2453 726 2517 15
750 2452 798 2531 (3)
822 2453 907 2536 Ergo
934 2451 1125 2529 ‚adversum
1150 2451 1202 2516 te”
1227 2451 1311 2515 dixit
1335 2472 1391 2535 pro
1416 2450 1499 2535 apud
1521 2456 1562 2515 te.
1588 2448 1674 2530 Oh(
1703 2460 1725 2531 ).

682 2558 824 2642 Uterque
853 2557 942 2621 loeus
965 2557 1021 2635 (13
1046 2562 1077 2620 et
1104 2555 1159 2635 15)
1182 2557 1315 2641 probare
1339 2556 1469 2620 videtur
1491 2558 1695 2640 magistrum
1722 2560 1752 2621 A
1776 2560 1836 2621 inm

638 2663 826 2748 Philosophi
861 2662 1060 2746 aliorumque
1091 2662 1369 2746 interpolationes,
1401 2682 1482 2746 quae
1513 2661 1732 2746 praecedunt,
1771 2670 1837 2727 aute

638 2768 746 2834 oouloe
769 2768 927 2848 habuisse.

683 2919 727 3012 28
766 2920 814 2998 (1)
853 2918 963 2998 „Quod
993 2918 1136 3004 plerique
1167 2939 1277 2982 omnes
1309 2918 1430 2982 faciunt
1462 2916 1729 2985 adulescentuli”
1764 2921 1836 2986 haeo

639 3026 773 3090 adiectio
804 3025 921 3088 dicitur
953 3028 993 3088 in
1026 3028 1159 3109 primo
1191 3027 1294 3108 posita
1317 3022 1388 3088 looo
1413 3061 1454 3071 -
1479 3024 1668 3088 adiectiones
1693 3049 1765 3090 vero
1788 3034 1835 3089 ost

638 3133 671 3193 in
695 3131 799 3212 primo
823 3138 916 3212 parta
939 3131 1085 3192 orationis
1107 3138 1161 3193 out
1184 3131 1218 3192 in
1242 3130 1348 3191 ultima
1372 3129 1557 3204 adiciuntur,
1581 3130 1633 3193 hic
1658 3155 1731 3214 erpo
1759 3134 1836 3215 „ple-

638 3234 744 3319 rique”
769 3258 804 3298 en
828 3235 996 3297 adsentienti
1015 3235 1148 3315 positum
1169 3242 1221 3311 eet,
1246 3235 1386 3310 „omnes”
1412 3257 1479 3297 vero
1502 3237 1675 3299 necessario
1701 3240 1837 3302 additu

637 3348 680 3404 eet
709 3376 750 3388 -
784 3346 820 3403 ut
852 3340 929 3404 alibi
960 3339 1055 3418 (Eun.
1089 3340 1104 3405 l
1136 3339 1166 3404 2.
1182 3340 1215 3418 5)
1249 3343 1335 3416 „iam
1366 3338 1502 3404 calesces
1533 3339 1605 3423 plus
1639 3344 1766 3422 satis”;
1801 3348 1836 3407 in

637 3446 808 3522 ultimo,
841 3449 924 3510 siout
955 3446 1049 3524 (Eun.
1076 3445 1090 3509 1
1115 3447 1146 3510 2.
1161 3446 1213 3523 46,
1241 3446 1358 3511 Heaut.
1383 3446 1413 3509 Π
1438 3445 1469 3510 3.
1485 3444 1539 3525 16)
1565 3449 1719 3522 „interea
1745 3450 1837 3524 looi'',

638 3553 673 3614 id
694 3560 738 3615 eet
761 3553 890 3615 interim.

684 3657 736 3721 Sic
760 3660 882 3741 optime
905 3657 1013 3721 locum
1037 3661 1193 3742 expressit
1217 3656 1473 3722 Wessnerus.
1497 3656 1600 3721 Verba
1624 3663 1765 3726 oursiva
1789 3666 1836 3724 roi

636 3764 664 3826 A
685 3763 835 3827 scindunt
854 3763 957 3827 denuo
978 3762 1136 3827 scholium
1148 3766 1348 3827 -oonoinnum
1370 3762 1487 3827 Donati
1506 3770 1539 3827 et
1557 3765 1590 3826 in
1612 3762 1680 3830 fine
1693 3768 1835 3852 explent.

682 3930 762 3994 lbid.
796 3929 843 4008 (5)
877 3929 988 4008 „Quod
1019 3929 1161 3993 faoiunt”
1195 3951 1252 4012 pro
1286 3951 1388 4013 „quae
1418 3928 1573 4005 faciunt”‚
1600 3930 1635 3993 id
1663 3939 1733 3997 est:
1760 3955 1835 4019 quea

637 4037 760 4099 laniunt
783 4034 927 4120 plerique
951 4034 1200 4110 adulescentuli,
1226 4036 1342 4098 horum
1366 4033 1421 4099 illa
1444 4033 1526 4098 nihil
1549 4039 1685 4121 egregio
1711 4060 1745 4123 p.
1768 4062 1794 4103 n.
1815 4061 1835 4102 s.

637 4148 681 4204 est
713 4163 780 4220 erqo
804 4143 982 4222 Moratum,
1019 4142 1097 4223 quod
1127 4147 1237 4203 rectum
1268 4148 1352 4218 esset,
1382 4142 1410 4202 ei
1442 4141 1570 4203 diceret:
1595 4164 1678 4224 quoe
1694 4146 1837 4230 plerique

638 4269 733 4309 munes
746 4246 875 4329 faciunt
895 4245 1122 4320 adulescentuli,
1143 4246 1245 4308 dorum
1264 4246 1319 4309 ille
1337 4246 1420 4310 nibil
1434 4253 1557 4327 praeter
1574 4254 1676 4310 cetero
1688 4254 1835 4315 studebat.

683 4350 736 4415 Sin
762 4350 1013 4415 Wessnerus.
1039 4348 1177 4416 Oursiva
1200 4354 1360 4435 pertinent
1383 4351 1423 4414 ad
1447 4351 1485 4426 A,
1511 4354 1567 4434 qui
1590 4350 1779 4419 doctrinam
1802 4356 1835 4419 de

640 4456 777 4540 figurato
801 4458 940 4540 sumpsit
964 4476 980 4518 e
1005 4454 1124 4519 scholio
1148 4454 1207 4533 (2),
1239 4457 1331 4520 ouius
1356 4458 1512 4540 posterior
1535 4454 1655 4520 saltem
1681 4480 1760 4543 pars
1783 4460 1836 4525 Do·

640 4563 707 4623 nati
730 4566 788 4624 est.
813 4560 874 4623 Sed
899 4563 995 4624 etiam
1021 4580 1102 4644 quae
1126 4560 1334 4643 praeoedunt:
1358 4560 1391 4623 id
1416 4567 1484 4624 est.
1500 4608 1507 4623 .
1523 4608 1529 4623 .
1544 4609 1551 4623 .
1567 4565 1703 4648 egregie
1729 4587 1763 4650 p.
1776 4589 1800 4631 o.
1813 4588 1834 4628 s.

638 4687 655 4728 a
676 4665 800 4730 Donato
821 4666 1030 4729 abiudioanda
1047 4671 1137 4741 sunt,
1159 4665 1331 4730 seeundum
1353 4686 1448 4750 quem
1467 4669 1502 4729 in
1526 4665 1574 4744 (1)
1594 4673 1629 4731 et
1650 4668 1692 4733 ad
1718 4670 1800 4736 Eun.
1823 4670 1834 4733 l

638 4771 703 4833 {th
730 4769 895 4854 „plerique
920 4769 1052 4834 omnes’'
1077 4792 1140 4834 non
1164 4770 1367 4855 intelligendi
1390 4778 1465 4835 sunt
1488 4770 1707 4857 plerique,
1735 4788 1833 4841 otest
