4525 5950
1012 719 1252 768 nmosmufls.
1663 705 1726 770 129

528 886 600 947 mei
631 883 755 947 arbitrii
787 883 870 947 foret
901 882 1046 947 ederem:
1079 885 1111 946 οὑ
1144 885 1207 959 γάρ
1236 884 1274 951 άν
1308 887 1444 960 ἡγοῦμαι
1474 886 1539 962 περὶ
1565 887 1728 951 τούτου-

531 991 611 1051 άλλ·
637 989 715 1051 ε’άσω
742 989 906 1052 τούτελθδν
931 992 1028 1052 εἰπεῖν
1051 1013 1120 1066 μοι,
1146 989 1278 1074 reliquis
1303 997 1469 1074 tamqnam
1492 995 1611 1076 spuriis
1634 1014 1731 1058 resec-

530 1097 587 1157 tis.
620 1093 710 1172 Quod
741 1101 851 1159 sutem
883 1097 996 1179 scripsi
1022 1095 1545 1179 τοθτελθθνρτοτθγέ’πελθάν,
1570 1098 1729 1163 fecicum

532 1197 656 1265 Cobete
681 1201 793 1264 Μιιαα.
820 1199 906 1264 1855
931 1210 963 1285 p.
988 1199 1066 1264 244.

583 1415 663 1501 §25
695 1439 726 1503 p.
752 1416 836 1481 2081
869 1418 926 1488 τὰς
959 1417 1014 1492 μὲν
1049 1419 1190 1487 Θεσπιάς
1222 1419 1273 1481 καῖ
1307 1420 1358 1482 τδν
1382 1421 1570 1500 Ὀρχομενὸν
1594 1423 1644 1485 καὶ
1670 1425 1728 1496 τὰς

535 1524 706 1595 Πλαταιάς
732 1520 956 1601 κατοικίζεσθαι
981 1529 1119 1599 Φιῖμεν
1142 1523 1223 1586 δεῖν
1244 1524 1295 1588 καὶ
1317 1527 1568 1602 συμπράττωμεν
1587 1529 1729 1599 αὐτοῖς

533 1630 587 1691 καὶ
621 1630 692 1700 τοὺς
723 1625 836 1698 ἄλλους
872 1626 1016 1704 άξιῶμεν.
1055 1627 1206 1706 chetus,
1239 1631 1372 1695 Misceat.
1405 1652 1436 1715 p.
1462 1631 1516 1708 82,
1549 1638 1620 1716 post
1651 1632 1729 1699 elios

533 1734 614 1798 bene
644 1736 785 1798 correxit
817 1735 953 1797 αὐτοῖ·
986 1734 1040 1798 sed
1072 1756 1170 1819 quem
1194 1740 1242 1800 est
1264 1738 1345 1800 mire
1370 1736 1492 1801 dietum
1516 1735 1598 1800 illud
1622 1745 1731 1812 Φῶμεν

533 1841 596 1902 δεῖν
618 1846 741 1924 etpost
762 1846 870 1916 Φῶμεν
890 1841 951 1905 δεῖν
972 1862 1069 1925 quam
1089 1840 1223 1927 languet
1237 1844 1498 1919 συμπράττωμεν.
1524 1842 1729 1929 Scripserim:

536 1943 763 2024 κατοικίζεσθαι
790 1947 917 2021 ε’ὦμεν
937 1947 989 2010 καὶ
1010 1950 1262 2024 συμπράττωμεν
1286 1948 1414 2011 αὐτοί.
1439 1946 1491 2012 Sic
1512 1949 1731 2033 (11011θὲ26

533 2072 566 2135 p.
592 2049 675 2114 2091
710 2047 785 2115 ἔται
816 2051 864 2115 αἐ)
898 2052 955 2121 τάς
988 2052 1044 2127 μὲν
1077 2052 1169 2122 οὔσας
1204 2056 1307 2122 πθλεις
1333 2054 1427 2127 ε’ὧμεν
1452 2056 1595 2133 άναιρεῖν,
1620 2055 1678 2124 τοῖς
1704 2054 1729 2118 δ’

534 2154 728 2235 ἀνῃρημένας
752 2154 888 2230 ἀξιῶμεν
912 2156 1041 2235 οἰκίζειν.

583 2359 600 2441 §
621 2357 664 2422 30
689 2380 719 2442 p.
744 2356 831 2422 2101
857 2358 986 2435 βέβαιοι
1013 2360 1180 2439 σύμμαχοι
1208 2361 1356 2436 Θηβαῖον
1379 2362 1508 2442 [δικαῖ
1515 2366 1575 2446 ως]
1600 2362 1732 2428 ἔσονται.

535 2463 737 2528 Aduerbium
760 2471 843 2529 reete
868 2465 955 2530 deest
977 2468 1011 2529 in
1034 2463 1152 2530 Codice
1180 2473 1225 2529 Ω.

656 2677 752 2732 ΠΕΡΙ
778 2676 876 2731 ΤΩΝ
905 2677 1015 2734 ΠΡΟΣ
1044 2678 1336 2736 ΑΛΕΞΑΝΔΡΟΝ
1362 2680 1617 2737 ΣΤΝΘΗΚΩΝ.

581 2819 599 2902 ᾖ
621 2816 662 2881 15
686 2840 718 2902 p.
742 2818 826 2883 215:
860 2819 930 2891 τοὺς
956 2820 1185 2900 συνεδρεύοντας
1212 2824 1263 2886 καὶ
1289 2824 1407 2905 [τοὺς]
1432 2824 1480 2887 ε’πῖ
1506 2834 1543 2902 τῇ
1569 2835 1648 2906 κοινῇ
1672 2833 1731 2904 Φυ-

533 2934 617 3004 exsp
643 2925 865 3001 τεταγμένους.
890 2928 1032 3013 Apparet
1054 2929 1130 3013 qnid
1154 2928 1254 2994 velim
1277 2935 1310 2994 st
1334 2932 1459 2995 surita
1484 2929 1593 2998 velim.

578 3141 661 3226 §17
685 3164 716 3227 p.
743 3143 827 3208 2161
861 3144 1103 3221 βουλευσώμεθα
1137 3155 1198 3214 πῶς
1231 3149 1278 3212 δεῖ
1302 3150 1433 3228 χρῆσθαι
1458 3158 1519 3218 τοῖς
1547 3151 1731 3221 δεσποτικῶς

536 3252 589 3311 καὶ
623 3250 765 3325 άσελγῶς
799 3250 1008 3326 διακειμένοις.
1040 3251 1200 3317 luseram:
1231 3257 1375 3331 άσελγῶς
1402 3253 1539 3335 (οὕτω),
1564 3256 1603 3320 cf.
1628 3256 1645 3339 ᾗ
1666 3257 1729 3321 211

536 3361 598 3423 τοῖς
627 3354 702 3419 οὕτω
729 3358 979 3434 ὠλιγωρημένοις.

582 3561 664 3643 §26
696 3584 727 3646 p.
754 3562 839 3626 218:
873 3562 906 3624 τὸ
939 3564 969 3625 δὲ
996 3563 1234 3641 ὑβριεικάντατον
1258 3566 1309 3626 καὶ
1335 3563 1618 3642 ὑπεροπτικώτατον
1643 3569 1730 3646 [τῶν

536 3676 568 3729 Μ
584 3667 809 3750 ωκεδθνων].
834 3667 906 3732 Duo
931 3667 1086 3732 vocabule
1110 3667 1253 3732 delenda.

582 3887 601 3967 ξ
620 3883 664 3948 28
689 3908 719 3969 p.
743 3884 828 3949 2191
855 3888 884 3947 ἐν
909 3894 978 3954 ταῖς
1001 3894 1111 3956 κοιναῖς
1136 3887 1313 3961 ὁμολογίαις
1334 3887 1616 3969 [διειρκμένου]
1635 3887 1728 3961 μηδὲν

536 3996 669 4053 τοιοῦτον
690 3993 891 4068 εἰσδέχεσθαι.
913 3990 1028 4055 Nescio
1049 3991 1209 4075 quomode
1230 3991 1366 4055 Weilius
1385 3994 1730 4076 perticipiumeiicien-

533 4096 612 4159 dum
637 4099 761 4160 censuit
783 4099 926 4181 itemque
951 4096 1094 4161 Blessius
1118 4118 1193 4161 enm
1217 4104 1346 4161 secutus
1366 4099 1489 4160 uncinis
1509 4098 1728 4163 circumdedit.

533 4201 669 4265 Prorsus
700 4223 763 4265 non
796 4201 887 4267 video
919 4202 1079 4286 quomodo
1111 4223 1217 4267 carere
1250 4205 1410 4287 possimus
1441 4202 1596 4267 vocabulo
1625 4225 1641 4268 e
1666 4226 1728 4289 quo

533 4306 1109 4391 111111161111111111ἱνιιεεῖσδέχεσθοιν,
1136 4307 1190 4372 sed
1215 4308 1390 4392 praeferam
1409 4330 1495 4372 nom.
1519 4308 1617 4373 absol.
1643 4309 1729 4373 διει-

533 4438 610 4487 ρκμ
621 4413 634 4475 ε’
644 4438 658 4471 ν
669 4437 714 4475 ον.
735 4411 788 4477 Sic
807 4416 875 4498 ipse
896 4433 1021 4496 quoque
1038 4412 1180 4477 Blassius
1192 4413 1309 4478 Lacrit.
1324 4416 1341 4498 ξ
1354 4413 1397 4477 52
1410 4436 1440 4498 p.
1456 4412 1538 4478 941:
1559 4438 1727 4492 γεγραμ-

533 4518 656 4594 μένου
682 4515 829 4597 Ἀθήναζε
855 4519 933 4593 ἥκειν
959 4518 999 4581 τά
1024 4518 1726 4602 χρήματα,[1116111111γεγραμμένον01

530 4622 767 4687 Hernerdenns
779 4622 879 4687 Thus.
893 4622 935 4687 Vl
949 4622 993 4687 58
1005 4625 1105 4700 άγγε
1115 4624 1199 4686 λθέν
1213 4622 1329 4687 meluit
1342 4643 1438 4709 quem
1452 4623 1725 4701 άγγελθέντος.

984 4729 1281 4806 (θυινθὶαασόιιαθατ).
