4525 5950
911 697 1151 749 nnnosrnnras.
1556 672 1622 738 425

484 861 592 950 §227
623 885 655 950 p.
680 862 763 930 586:
794 863 889 930 πάντ’
914 864 974 933 islo
1007 864 1044 928 ἐν
1075 865 1146 943 ὑμῖν
1175 870 1234 948 μιᾷ
1264 863 1361 946 ψήφῳ
1385 861 1623 942 δισσροῦξοισῦσι.

435 970 549 1039 Malo:
573 971 632 1053 ἐφ’
657 972 738 1050 ὑμῖν.

807 1161 905 1225 ΚΑΤ’
930 1164 1265 1226 ΑΝΔΡΟΤΙΩΝΟΣ.

489 1311 573 1399 §13
595 1334 626 1399 p.
651 1311 734 1380 597:
765 1314 790 1378 ol
813 1312 856 1379 rol
880 1314 1117 1393 προπῦλοοιοι
1140 1312 1193 1377 acl
1216 1310 1268 1376 σδν
1291 1313 1451 1393 scateat·
1475 1311 1628 1392 σῦκοδομιὶ·

436 1444 552 1492 σοντες
584 1421 745 1485 ἐκεῖνοι.
779 1417 904 1488 conata
931 1417 1012 1506 §76
1041 1441 1073 1506 p.
1099 1417 1182 1486 617:
1210 1419 1280 1500 (cci)
1302 1419 1479 1500 νιροσῦλοιο
1502 1426 1624 1501 τοῦτο,

437 1529 453 1595 ὃ
486 1528 647 1608 πορῦενών,
678 1527 768 1606 roal,
799 1529 966 1606 νεώσοικοι,
999 1525 1083 1592 unde
1112 1524 1247 1614 Syntax.
1279 1525 1360 1612 §28
1390 1550 1421 1614 p.
1446 1525 1529 1594 174:
1554 1528 1625 1608 (rol)

434 1634 617 1714 νιροσῦλοιιοο
641 1638 766 1713 τοῦτο,
790 1633 955 1713 νεώσοικοι,
979 1632 1050 1700 soal
1059 1680 1068 1712 ,
1092 1631 1206 1698 malim
1229 1630 1312 1698 fere:
1336 1633 1362 1697 oi
1384 1633 1428 1699 σοὶ
1447 1635 1626 1713 σροπῦιισιοι

436 1745 601 1823 (ταῦτα)
623 1740 675 1804 κοῦ
702 1742 753 1808 rba
776 1740 937 1821 παρθενῶν’
961 1738 1213 1817 οἰκοδομήσαντες
1235 1738 1399 1805 ἐκεῖνον.

485 1943 570 2031 §13
601 1966 633 2031 p.
664 1942 747 2011 597:
778 1946 834 2018 rire
864 1942 952 2009 adare
982 1953 1020 2027 τῇ
1054 1943 1221 2026 νονμοιχῦμ
1251 1941 1428 2016 νικήσοντες
1459 1942 1623 2010 ἔσμσοιν.

434 2052 511 2120 Ηοο
535 2051 666 2139 quidem
688 2071 802 2117 rerum
826 2057 977 2129 nonest,
1000 2049 1055 2116 sed
1078 2048 1295 2115 ῦνέσοσοον.

483 2258 503 2342 ᾖ
525 2255 567 2321 15
598 2277 629 2342 p.
654 2252 738 2321 597:
770 2255 845 2320 ἀλλ’
874 2246 926 2319 lsi
949 2257 1002 2319 σοῦ
1028 2256 1212 2319 Δεκελεικοῦ
1236 2251 1372 2341 πολέμου
1395 2258 1467 2332 (σῦν
1490 2255 1553 2334 γὰρ
1576 2256 1626 2336 σῦρ-

434 2363 542 2446 xatus
564 2359 606 2441 ἕν,
630 2353 644 2426 ὃ
668 2360 783 2434 πάντες
809 2362 907 2438 ἐμοῦ
930 2363 1090 2437 μᾶλλον
1114 2360 1256 2428 ἐσμ-σοῦ’
1277 2359 1455 2441 ὑπομνήσω)
1474 2407 1572 2427 .....
1592 2365 1624 2428 οῦ

433 2469 578 2550 πρότερον
597 2471 640 2548 τῷ
660 2468 786 2548 πολέμῳ
806 2467 984 2548 capisam
1004 2466 1072 2547 πρὶν
1090 2465 1126 2531 rb
1146 2466 1286 2530 νουσιιιδν
1304 2466 1457 2533 ἀπώλετο.
1481 2469 1545 2534 Ain
1565 2466 1625 2535 tut

435 2575 680 2662 Quinquaginta
702 2576 792 2640 ands
815 2578 888 2639 ante
906 2573 984 2639 urbe
1003 2577 1110 2658 capta,
1131 2570 1235 2638 delete
1253 2570 1359 2638 suerat
1378 2573 1624 2641 Atheniensium

434 2682 566 2751 classis:
601 2681 730 2747 hoccine
765 2700 804 2745 ex
834 2679 958 2746 civibus
987 2680 1094 2765 quivis
1125 2677 1243 2744 melius
1272 2685 1365 2745 norat
1394 2700 1490 2766 quam
1521 2687 1626 2749 orator

433 2786 528 2876 ipse?
559 2787 671 2853 Fuerit
699 2789 870 2873 imperitus
893 2785 1045 2851 historiae
1068 2786 1208 2871 patriae,
1231 2785 1316 2871 quod
1338 2806 1435 2871 supra
1457 2793 1625 2855 exsecutus

433 2917 530 2975 sum,
553 2894 607 2961 sed
631 2893 722 2982 plebs
740 2892 842 2959 nihilo
861 2899 930 2959 erat
947 2894 1089 2979 peritior.
1112 2891 1238 2980 Siquis
1257 2892 1351 2958 hodie
1370 2895 1506 2982 triginta
1524 2893 1624 2962 ferme

433 3024 535 3072 annos
556 3008 651 3069 natus
675 3038 718 3053 -
741 3007 791 3069 tot
813 3004 901 3067 enim
924 3022 1021 3067 annos
1045 3000 1182 3066 habebat
1204 2999 1435 3067 Demosthenes
1458 3022 1521 3088 quo
1544 3008 1624 3069 tem·
1694 3049 1697 3058 ·

433 3131 512 3198 pore
542 3110 620 3175 haec
649 3109 745 3175 verba
776 3110 903 3194 scripsit
933 3110 967 3173 in
990 3106 1122 3173 Diodori
1144 3108 1302 3193 gratiam,
1327 3109 1382 3192 qui
1405 3114 1488 3174 certe
1511 3112 1624 3175 aetatis

434 3238 501 3283 non
532 3215 595 3280 fuit
626 3214 730 3280 multo
756 3216 891 3280 minoris
916 3251 957 3263 -
981 3216 1009 3279 si
1033 3216 1105 3300 quis
1128 3213 1223 3279 hodie
1247 3214 1381 3300 triginta
1404 3214 1511 3280 ferme.
1526 3235 1624 3282 annos

435 3331 532 3389 natus
556 3358 598 3371 -
621 3321 677 3388 sed
700 3341 815 3416 rerum
837 3323 865 3386 si
889 3323 1032 3406 quaeris,
1057 3341 1120 3385 non
1143 3318 1287 3385 multum
1310 3320 1406 3386 refert
1425 3340 1505 3406 quae
1524 3328 1624 3388 orato

435 3432 482 3495 ris
516 3433 601 3494 aetas
633 3428 797 3494 fuerit-
822 3430 849 3492 si
880 3430 951 3513 quis
982 3429 1030 3514 igi
1046 3447 1086 3491 ur
1115 3429 1184 3492 sive
1214 3447 1310 3492 senex
1340 3429 1408 3493 sive
1439 3426 1623 3495 adulescens
1663 3462 1665 3465 ⁴

435 3534 530 3602 hodie
564 3533 705 3619 prodiret
737 3535 770 3599 in
801 3532 986 3620 plebeculae
1016 3531 1190 3599 concilium
1220 3539 1253 3599 et
1282 3533 1484 3600 contenderet
1514 3556 1623 3602 omnes

434 3641 527 3709 verbi
561 3661 656 3706 causa
689 3661 780 3706 nosse
816 3640 974 3726 quomodo
1010 3642 1244 3727 quinquaginta
1273 3642 1398 3706 circiter
1428 3643 1519 3707 annis
1550 3649 1623 3710 ante

434 3747 589 3814 adversus
620 3743 740 3812 Russos
769 3752 900 3833 gestum
930 3752 1013 3811 esset
1041 3743 1165 3811 bellum
1196 3747 1229 3810 in
1251 3743 1386 3812 Taurica
1408 3745 1621 3829 Chersoneso,

433 3875 469 3919 se
492 3850 598 3918 solum
619 3854 677 3917 vix
698 3851 790 3918 fando
814 3850 936 3938 aliquid
955 3851 994 3917 de
1014 3871 1051 3917 ea
1069 3872 1103 3916 re
1121 3851 1336 3931 inaudivisse,
1356 3874 1460 3921 nonne
1480 3859 1623 3922 suaviter

436 3980 548 4026 omnes
579 3956 737 4024 riderent?
767 3958 826 4023 Est
857 3963 966 4024 tamen
996 3956 1093 4044 longe
1124 3960 1230 4044 magis
1259 3960 1424 4045 ineptum,
1455 3961 1539 4047 quod
1561 3961 1622 4028 De·

435 4063 619 4131 mosthenes
649 4064 809 4149 perhibet:
841 4085 985 4152 pugnam
1016 4063 1184 4142 navalem,
1208 4066 1333 4150 inquit,
1356 4067 1390 4130 in
1412 4064 1622 4154 Hellesponto

432 4171 553 4237 factam
584 4168 700 4242 πάντες
731 4170 827 4246 ἐμοῦ
857 4174 1017 4248 μᾶλλον
1048 4170 1207 4238 detracta.
1230 4169 1353 4256 Ecquid
1376 4169 1477 4238 latetl
1499 4172 1622 4259 Inspice

434 4277 593 4343 Photium
623 4296 655 4340 v.
687 4275 779 4352 ὁμοῦ·
813 4276 1007 4352 Δημοσθένης
1039 4277 1081 4355 τῷ
1112 4276 1208 4352 δμοῦ
1240 4276 1390 4357 κέχρηται
1421 4276 1452 4342 ἐν
1484 4280 1526 4359 τῷ
1549 4282 1621 4344 οιοισ*

434 4383 677 4462 Ἀριςομεῦσσνσς
708 4383 740 4467 (ξ
758 4380 798 4447 51
824 4402 856 4467 p.
882 4380 960 4461 785)
991 4382 1039 4446 art
1068 4387 1121 4448 τοῦ
1147 4382 1295 4463 ἐγγύς·
1319 4384 1396 4466 φησὶ
1422 4384 1485 4465 yda
1508 4383 1619 4458 οὕτος·

434 4488 511 4555 εἰσὶν
534 4488 609 4564 δμοῦ
633 4487 777 4565 δισμύριοι
803 4484 917 4560 πάντες
943 4490 1113 4563 Ἀθηναῖοι·
1137 4487 1238 4554 latete
1259 4490 1321 4569 γὰρ
1340 4488 1492 4568 βούλεται
1513 4489 1620 4566 δηλοῦν

431 4594 479 4661 ῦσι
510 4595 609 4675 ἐγγὺς
642 4596 700 4658 τῶν
732 4594 890 4671 δισμυρίων
925 4596 1016 4660 εἰσίν·
1049 4596 1114 4661 ἐπεὶ
1147 4594 1192 4660 ὅτι
1224 4599 1257 4676 γ’
1281 4597 1334 4661 οῦκ
1367 4594 1441 4671 ἦσαν
1472 4597 1618 4677 δισμύριοι

430 4702 574 4782 Φονερδν.
599 4700 716 4766 itidem
738 4699 945 4768 luculentum
968 4705 1191 4770 testimonium
1214 4709 1262 4770 eat
1279 4702 1447 4771 Menandri
1465 4707 1498 4772 in
1514 4704 1620 4774 Schol.

433 4807 519 4875 Plat.
543 4806 661 4873 Phaed.
685 4829 716 4895 p.
741 4804 838 4875 72h:
