4525 5950
798 683 840 733 us
864 680 1008 732 messor
1033 681 1115 729 saon
1138 680 1307 730 romara.
1581 661 1644 729 191

456 850 562 935 Supra
593 849 734 913 vidImus
764 849 815 927 (cf.
840 870 871 933 p.
900 847 977 928 174)
1000 850 1161 932 requirere
1183 848 1236 911 hic
1260 846 1420 911 Achillem
1447 846 1539 915 σάκος
1564 845 1650 930 quod

453 962 562 1022 totum
596 958 707 1021 virum
741 962 832 1041 tegat
867 956 889 1018 i.
922 975 949 1018 e.
987 959 1115 1018 scutum
1151 953 1267 1032 talare,
1303 953 1445 1039 alioquin
1480 955 1549 1017 eius
1584 974 1651 1017 non

453 1066 608 1128 interesse
639 1069 752 1126 utrum
787 1061 951 1146 aliquanto
985 1063 1090 1125 maius
1121 1058 1173 1125 vel
1204 1063 1310 1125 minus
1341 1059 1422 1124 illud
1450 1061 1501 1124 sit.
1537 1059 1650 1124 Huius

453 1164 561 1254 igitur
587 1167 649 1233 loci
680 1173 791 1232 auctor
823 1168 952 1232 Aiacem
984 1188 1046 1230 non
1079 1167 1279 1231 thoracatum
1310 1165 1412 1229 finxit.
1445 1167 1489 1228 At
1513 1168 1649 1230 minime

455 1274 608 1340 credibile
647 1280 696 1340 est
737 1276 790 1358 qui
832 1275 963 1338 Aiacem
1005 1294 1066 1337 uon
1109 1273 1309 1338 thoracatum
1349 1271 1493 1348 durent,
1529 1271 1650 1336 Achilli

457 1382 609 1446 tribuisse
640 1381 802 1446 thoracem
834 1385 978 1445 aeneum.
1010 1379 1120 1465 Neque
1144 1383 1248 1466 igitur
1270 1381 1322 1445 hic
1345 1385 1438 1465 poeta
1460 1379 1565 1444 voluit
1589 1380 1648 1444 Pa-

457 1486 560 1552 troclo
590 1493 745 1551 mutuum
775 1486 898 1551 dedisse
932 1484 1091 1550 Achillem
1124 1486 1287 1550 thoracem
1318 1490 1463 1550 atreum.
1495 1484 1567 1571 Ipse
1598 1506 1646 1550 vs.
1767 1483 1775 1498 ⁸

456 1603 487 1658 n
509 1592 574 1658 804
606 1597 687 1658 mire
714 1594 829 1679 friget,
854 1596 926 1677 quis
950 1594 1037 1656 enim
1061 1591 1121 1655 fert
1146 1590 1221 1672 deo,
1245 1599 1415 1676 postquam
1438 1600 1567 1677 tergum
1591 1592 1650 1655 hu·

456 1721 626 1785 memeque
652 1702 715 1763 viri
738 1702 894 1785 percussit
918 1736 959 1747 -
985 1719 1048 1783 quo
1071 1695 1141 1762 solo
1161 1697 1274 1783 planae
1291 1697 1416 1782 palmae
1434 1701 1503 1762 ictu
1521 1696 1648 1784 galeam

456 1828 477 1871 a
508 1808 627 1891 capite,
659 1814 788 1870 scutum
825 1805 863 1869 ab
895 1805 1038 1868 humeris
1073 1803 1205 1880 deiecit,
1231 1804 1356 1868 hastam
1380 1804 1478 1890 fregit
1504 1825 1649 1888 —opus

457 1913 556 1977 fuisse
581 1921 618 1977 ut
638 1913 798 1977 thoracem
819 1907 975 1977 solveret?
1002 1909 1166 1975 Accedunt
1184 1908 1256 1974 alis.
1285 1892 1394 1974 Nolim
1414 1930 1529 1996 urgere
1548 1909 1651 1994 quod,

456 2041 532 2084 cum
564 2022 649 2084 inter
678 2017 818 2083 Patrocli
847 2039 936 2082 arma
970 2037 1050 2102 quas
1081 2014 1192 2081 r210
1214 2016 1321 2080 induit
1344 2015 1474 2091 Hector,
1500 2023 1651 2101 appareat

457 2147 526 2191 esse
551 2126 713 2190 thoracem
736 2129 871 2189 aeneum
901 2147 942 2171 -’
965 2123 1042 2187 dicit
1065 2125 1153 2187 enim
1176 2123 1222 2187 ibi
1244 2127 1339 2207 poeta
1357 2122 1479 2200 Ἕκτορι
1499 2122 1526 2184 δ’
1541 2120 1652 2198 ἥρμοσε

459 2233 566 2310 τεύχε’
599 2232 647 2294 ἐπὶ
681 2231 754 2311 χροΐ
783 2231 836 2310 (cf.
870 2251 967 2315 supra
990 2251 1021 2314 p.
1051 2227 1128 2307 184)
1153 2267 1195 2276 -
1219 2231 1290 2314 ipsa
1319 2228 1518 2313 spoliationis
1551 2231 1651 2306 ratio,

458 2336 564 2423 qualis
595 2339 628 2401 in
660 2340 799 2403 carmine
827 2346 854 2401 Π
880 2334 1079 2421 significatur
1103 2338 1209 2421 magis
1232 2356 1329 2420 quam
1353 2342 1509 2411 narratur,
1534 2355 1649 2419 parum

457 2447 609 2509 convenit
638 2443 678 2509 ad
711 2453 736 2506 ss
756 2440 832 2519 817,
865 2442 921 2505 ubi
943 2439 1086 2527 legimus
1109 2440 1294 2506 Patroclum
1318 2443 1356 2505 ab
1381 2440 1528 2526 Apolline
1552 2444 1650 2507 armis

456 2556 596 2614 exutum
631 2557 662 2613 et
697 2549 736 2612 ab
770 2547 942 2632 Euphorbo
981 2546 1185 2612 vulneratum
1220 2550 1385 2613 recessisse
1420 2547 1459 2612 ad
1490 2548 1650 2613 sodalium

455 2676 611 2742 gregem,
644 2653 727 2718 unde
758 2656 903 2738 sequitur
933 2659 971 2717 ut
1002 2654 1041 2718 ab
1072 2655 1232 2718 interfecti
1262 2674 1392 2739 corpore
1422 2675 1511 2719 arma
1541 2655 1650 2740 aliquo

456 2765 563 2846 spatio
597 2764 740 2826 seiuncta
775 2762 911 2838 fuerint,
947 2781 1049 2845 neque
1082 2781 1162 2844 opus
1194 2761 1292 2825 fuerit
1324 2760 1473 2837 Hectori,
1503 2760 1536 2825 id
1568 2761 1651 2847 quod

457 2877 607 2932 narratur
641 2878 662 2931 Ρ
693 2867 890 2942 105-114,
928 2864 1111 2932 Menelaum
1144 2889 1258 2953 corpus
1289 2877 1435 2932 tuentem
1466 2870 1653 2953 proturbare

455 2997 523 3062 qno
543 2996 632 3039 arma
651 2982 792 3060 raperet,
814 2974 897 3059 quod
918 2972 1030 3038 deiude
1052 2972 1163 3038 fecisse
1175 2974 1409 3060 significaturi²
1426 2974 1490 3039 125
1507 2975 1540 3055 ι“).
1562 2975 1652 3055 Quod

455 3090 564 3147 tamen
596 3090 762 3166 propterea
793 3083 889 3145 mitto
922 3083 1073 3165 quoniam
1106 3101 1169 3144 non
1192 3090 1315 3146 constat
1338 3082 1392 3146 vel
1415 3082 1563 3147 Hectoris
1587 3103 1654 3167 per-

456 3191 674 3254 mutationem
704 3208 886 3264 armorum,
912 3186 965 3253 vel
988 3190 1091 3273 ipsam
1115 3187 1355 3273 spoliationem,
1381 3189 1490 3274 quales
1513 3211 1597 3255 nunc
1620 3192 1653 3254 in

454 3294 559 3362 Iliade
582 3296 745 3381 leguntur,
768 3296 885 3380 quibus
904 3295 972 3360 fieri
992 3300 1096 3379 potest
1115 3302 1153 3359 ut
1174 3298 1333 3360 vetustior
1352 3297 1524 3360 earundem
1543 3317 1652 3361 rerum

457 3405 601 3467 narratio
624 3408 753 3466 extrusa
777 3405 836 3479 sit,
861 3423 922 3466 non
946 3404 1152 3467 recentiorem
1178 3423 1246 3466 esse
1270 3423 1366 3488 quam
1390 3406 1498 3487 ipsum
1521 3425 1651 3469 versum

459 3519 490 3574 Π
505 3508 581 3572 804.
606 3507 726 3573 Verum
748 3511 781 3572 in
806 3508 999 3573 carminibus
1022 3518 1048 3572 Π
1069 3515 1102 3573 st
1122 3518 1143 3571 Ρ
1164 3508 1311 3573 nonnulli
1329 3507 1391 3573 loci
1412 3511 1540 3575 obviam
1558 3509 1649 3589 fiunt,

454 3616 515 3680 ubi
539 3618 697 3700 principes
721 3613 917 3681 Graecorum
942 3634 960 3678 a
984 3614 1167 3680 thoracibus
1189 3615 1291 3680 nudos
1311 3636 1378 3680 esse
1398 3622 1539 3701 apparet.
1563 3616 1651 3682 Inter

455 3744 538 3807 quos
571 3742 681 3785 rursus
713 3725 935 3806 praetermitto
957 3720 1042 3786 locos
1065 3730 1093 3785 Π
1110 3719 1174 3784 106
1200 3721 1255 3785 ubi
1280 3721 1361 3785 Aiax
1384 3743 1447 3786 nou
1469 3723 1651 3786 thoracatus

456 3830 648 3915 proponitur
680 3828 734 3893 (cf.
768 3849 864 3912 supra
886 3850 917 3913 p.
944 3826 1032 3907 175),
1064 3848 1160 3911 quem
1191 3826 1297 3892 locum
1328 3827 1478 3893 credibile
1509 3835 1558 3893 est
1588 3850 1651 3894 nou

458 3938 569 3998 venire
599 3936 633 3998 in
666 3936 876 4011 Harpocratem
902 3939 1033 4018 partem
1058 3934 1112 3998 sed
1138 3936 1346 3999 vetustiorem
1370 3955 1454 4011 esse,
1478 3941 1510 3999 et
1533 3943 1560 3998 Π
1584 3935 1649 4000 215

456 4040 518 4105 ubi
545 4039 790 4125 Myrmidonum
821 4042 923 4104 aciem
955 4040 1099 4103 vidimus
1132 4039 1312 4104 thoracibus
1339 4042 1444 4105 abusis
1468 4062 1572 4106 carere
1596 4040 1651 4120 (cf.

455 4167 555 4232 supra
584 4167 616 4230 p.
644 4143 730 4225 172).
764 4148 820 4230 qui
852 4149 898 4210 eis
930 4166 1036 4210 carere
1067 4151 1243 4230 potuerunt
1271 4148 1398 4211 etiamsi
1421 4148 1579 4231 principes
1603 4149 1650 4211 eis

456 4252 566 4318 induti
600 4258 712 4316 essent.
752 4250 815 4316 Sed
845 4255 879 4315 in
910 4254 1083 4317 certamine
1114 4249 1273 4337 singulari
1301 4272 1376 4316 cum
1404 4251 1549 4317 Patroclo
1580 4251 1651 4317 Sar·

457 4358 616 4444 pedoncm
646 4380 692 4422 vs.
719 4357 781 4421 481
816 4367 947 4443 apparet
976 4357 1063 4435 (vide
1086 4378 1183 4442 supra
1206 4380 1236 4443 p.
1264 4355 1342 4429 166)
1367 4358 1494 4422 thorace
1518 4379 1580 4422 non
1604 4361 1651 4422 in-

455 4465 576 4529 dutum
603 4486 687 4541 esse,
716 4466 874 4549 principes
899 4470 1009 4529 autem
1033 4466 1101 4529 sive
1126 4461 1320 4529 Graecorum
1344 4466 1413 4529 sire
1436 4463 1647 4529 Troianorum

465 4636 662 4647 ..ο-οι...-

495 4727 521 4789 1)
545 4726 580 4774 Gt
599 4725 727 4787 1³295rq.
751 4719 849 4785 τεύχεα
868 4719 890 4769 δ’
909 4718 936 4771 ab
954 4722 1022 4770 mlo
1040 4722 1132 4782 κόσμον
1150 4719 1199 4770 ὰπὸ
1217 4722 1306 4783 κρατός
1322 4737 1352 4770 τι
1369 4719 1412 4769 καὶ
1427 4717 1499 4782 ἤμων
1516 4721 1588 4771 s'lts'.
1605 4719 1652 4771 Sed

456 4810 517 4859 baec
534 4808 607 4856 etiarn
625 4806 764 4855 recentioris
781 4805 881 4869 originis
897 4805 997 4854 lorsitau
1014 4809 1071 4854 sunt
1088 4820 1161 4867 quarn
1177 4806 1258 4854 rias.
