4525 5950
624 716 689 781 132
1142 730 1294 778 rasurus.

623 896 683 962 Sed
704 893 872 961 Calidorus
893 900 926 958 et
944 892 1121 957 Pseudolus
1141 893 1220 958 lenti
1241 893 1371 958 luerunt
1388 895 1421 956 in
1442 892 1657 978 conquirenda
1672 892 1821 977 pecunia,

623 1006 722 1068 securi
737 1003 892 1065 nimirum
905 1008 1036 1085 propter
1047 1000 1271 1064 iusiurandum
1283 998 1421 1078 lenonis,
1441 1007 1474 1065 et
1485 1002 1660 1085 praeterire
1673 1001 1824 1064 siverunt

622 1111 848 1194 praestitutam
873 1107 976 1182 diem,
1000 1104 1083 1170 unde
1108 1104 1276 1173 Calidorus
1299 1108 1332 1169 in
1357 1105 1485 1171 exordio
1509 1104 1695 1171 comoediae
1722 1103 1784 1169 96:

760 1211 843 1291 Quid
866 1232 927 1297 ego
951 1214 985 1275 ni
1008 1211 1119 1287 fleam,

760 1319 841 1397 Quoi
864 1338 922 1382 uec
945 1325 1075 1401 paratus
1099 1338 1252 1381 nummus
1277 1318 1403 1401 argenti
1427 1318 1488 1381 siet

759 1424 870 1508 Neque
892 1421 1015 1486 libellai
1039 1444 1109 1507 spes
1134 1425 1176 1486 sit
1199 1444 1335 1507 usquam
1358 1421 1529 1508 gentium?

626 1534 669 1596 At
687 1551 770 1594 nuno
790 1534 925 1613 urgente
943 1539 1086 1612 tempore
1105 1549 1171 1592 rem
1193 1529 1307 1591 fortius
1324 1529 1531 1614 aggredietur
1543 1526 1725 1592 Pseudolus
1741 1527 1821 1591 104:

760 1634 857 1718 Spero
881 1632 1026 1697 alicunde
1048 1633 1142 1698 hodie
1166 1655 1218 1698 me
1241 1634 1321 1698 bona
1345 1655 1440 1718 opera
1462 1640 1520 1698 aut
1542 1634 1601 1699 hac
1624 1654 1700 1698 mea

761 1739 833 1804 Tibi
856 1742 1064 1803 inventurum
1089 1760 1158 1803 esse
1182 1739 1342 1803 auxilium
1365 1743 1596 1825 argentarium.

761 1847 868 1929 Atque
891 1844 924 1907 id
947 1844 1095 1908 futurum
1120 1845 1203 1909 unde
1228 1845 1311 1909 unde
1335 1849 1434 1910 sciam
1457 1849 1579 1922 nescio,

762 1950 832 2014 Nisi
855 1952 930 2034 quia
952 1951 1149 2013 futurumst:
1173 1952 1220 2014 ita
1243 1951 1452 2034 supercilium
1475 1950 1560 2016 salit.

626 2064 659 2122 et
682 2077 762 2141 quae
785 2061 964 2139 sequuntur
987 2076 1088 2139 usque
1112 2055 1152 2119 ad
1178 2077 1222 2120 vs.
1252 2055 1325 2121 120.

671 2162 759 2226 Haeo
790 2164 893 2246 igitur
923 2161 1006 2225 facta
1036 2167 1126 2225 erant
1158 2167 1329 2245 autequam
1359 2159 1543 2239 Calidorus,
1568 2160 1750 2228 secundum
1776 2182 1825 2226 ex-

627 2271 816 2355 positionem
839 2270 961 2352 primas
984 2287 1111 2343 scenae,
1137 2267 1306 2351 epistolam
1330 2272 1450 2352 accepit
1474 2289 1492 2333 a
1513 2269 1704 2346 Phoenicio,
1726 2289 1823 2353 quam

626 2381 699 2460 post
733 2371 854 2437 multos
889 2372 956 2436 dies
993 2371 1123 2435 demum
1159 2371 1316 2438 Pseudolo
1351 2373 1504 2449 ostendit,
1541 2375 1711 2457 quaerenti
1747 2372 1825 2457 quid

627 2482 729 2544 tristis
761 2485 844 2543 esset
876 2485 907 2541 et
937 2481 1157 2554 exanimatus,
1189 2482 1245 2562 qui
1276 2484 1348 2563 post
1379 2477 1484 2542 multa
1506 2481 1575 2543 ioca
1598 2499 1671 2543 eam
1698 2481 1823 2544 recitat.

628 2584 781 2651 Continet
803 2589 928 2668 praeter
952 2582 1014 2647 alia
1037 2583 1096 2648 hoo
1119 2587 1352 2669 gravissimum
1373 2585 1530 2649 indicium
1555 2583 1615 2647 51:

765 2688 871 2766 „Leno
895 2709 946 2751 me
972 2709 1102 2773 peregre
1126 2689 1224 2753 militi
1248 2688 1435 2754 Macedonio

764 2793 864 2857 Minis
889 2796 1009 2878 viginti
1033 2793 1193 2869 vendidit,
1218 2793 1366 2879 voluptas
1390 2815 1479 2870 mea,

763 2899 806 2962 Et
829 2901 1017 2984 prinsquam
1042 2898 1115 2962 hinc
1138 2899 1218 2962 abiit
1241 2898 1422 2984 quindecim
1448 2898 1541 2963 miles
1565 2902 1672 2964 minas

764 3005 918 3070 Dederat:
944 3027 1027 3069 nunc
1051 3026 1131 3069 unae
1155 3008 1294 3089 quinque
1319 3014 1520 3071 remorantur
1542 3010 1660 3071 minae.

697 3111 738 3174 55
763 3111 811 3174 Ea
834 3131 929 3175 cansa
952 3110 1046 3174 miles
1070 3110 1122 3173 hic
1145 3109 1275 3194 reliquit
1299 3111 1503 3197 symbolum,

764 3216 956 3300 Expressam
978 3218 1012 3279 in
1036 3235 1105 3279 cera
1126 3236 1165 3279 ex
1188 3215 1283 3279 anulo
1307 3237 1399 3280 suam
1421 3220 1617 3302 imaginem,

765 3322 809 3387 Ut
832 3325 887 3406 qui
911 3323 972 3386 huo
996 3321 1131 3385 adferret
1156 3324 1225 3385 eius
1247 3321 1387 3386 similem
1411 3322 1597 3408 symbolum

765 3425 846 3493 Cum
873 3448 907 3491 eo
932 3425 1030 3490 simul
1053 3447 1105 3489 me
1130 3428 1290 3490 mitteret:
1315 3430 1345 3491 ei
1368 3431 1414 3492 rei
1438 3428 1505 3491 dies

765 3532 853 3596 Haec
877 3534 1115 3617 praestitutast:
1141 3553 1298 3615 proxuma
1321 3532 1508 3619 Dionysia.”
1530 3570 1571 3581 —

699 3638 742 3701 60
766 3635 844 3701 Cras
868 3657 904 3700 ea
928 3636 1056 3719 quidem
1081 3642 1165 3699 sunt.
1190 3634 1268 3701 Can.
1290 3636 1393 3721 Prope
1413 3637 1501 3702 adest
1521 3640 1658 3703 exitium
1680 3640 1785 3716 mihi,

765 3741 835 3805 Nisi
861 3740 939 3824 quid
962 3740 1043 3803 mihi
1067 3743 1099 3803 in
1125 3747 1188 3804 test
1213 3740 1313 3804 auxili

630 3846 699 3911 Hac
729 3849 832 3930 igitur
863 3844 1001 3930 epistula
1031 3843 1200 3910 Calidorus
1230 3856 1262 3910 et
1293 3846 1473 3910 Pseudolus
1507 3849 1659 3912 certiores
1684 3848 1769 3914 fiunt
1795 3851 1832 3914 de

630 3951 837 4035 stipulatione
862 3971 958 4034 quam
984 3970 1083 4033 nuper
1104 3946 1220 4014 fecerat
1240 3949 1343 4014 Ballio
1364 3972 1436 4014 cnm
1457 3951 1564 4016 milite
1584 3962 1683 4038 atque
1705 3953 1835 4020 disertis

631 4056 736 4120 verbis
759 4055 956 4120 condiciones
982 4056 1051 4116 eius
1075 4071 1170 4135 atque
1195 4059 1323 4138 tempus
1347 4067 1553 4140 cognoscunt.

677 4160 761 4224 lam
795 4180 891 4223 vero
921 4162 962 4221 in
988 4160 1123 4221 scenis
1150 4160 1422 4241 sequentibus
1448 4161 1665 4245 permulta
1689 4162 1827 4250 legun-

633 4272 701 4329 tur
733 4284 835 4347 quae
866 4281 1050 4346 pugnare
1074 4261 1275 4324 videntur
1297 4284 1386 4326 oum
1412 4264 1485 4329 hac
1510 4266 1676 4330 diserta
1701 4271 1833 4355 stipu-

632 4370 813 4435 lationis
845 4368 1093 4452 cognitione
1129 4385 1249 4448 quam
1285 4388 1330 4430 ex
1361 4369 1553 4451 epistula
1584 4371 1832 4438 habuerunt

632 4473 859 4540 Calidorus
883 4476 922 4534 et
946 4466 1189 4532 Pseudolus.

680 4582 708 4643 1.
744 4575 930 4642 Secundum
954 4594 1000 4637 vs.
1027 4572 1070 4635 60
1090 4579 1122 4636 et
1141 4594 1189 4637 vs.
1211 4574 1253 4637 82
1276 4575 1351 4651 „ille
1371 4578 1567 4643 abducturus
1588 4588 1637 4643 est
1656 4582 1831 4648 mulierem

629 4685 718 4750 orae''
745 4682 875 4767 legatus
899 4677 1013 4742 militis
1038 4685 1240 4760 exspectatur
1263 4702 1371 4756 cras,
1392 4683 1445 4746 sed
1466 4684 1643 4749 secundum
1665 4692 1833 4772 sequentia

629 4790 770 4853 hodie:
