4525 5950
540 655 606 721 396
752 674 757 682 ·
1063 677 1205 725 ruamus.

587 837 730 925 „Corpus
760 862 823 905 nou
854 843 925 926 igni
956 839 1131 916 abolitum,
1165 846 1202 905 ut
1231 840 1393 905 &manua
1420 862 1506 919 mos,
1530 841 1585 907 sed
1611 863 1724 928 regum

539 953 743 1011 externorum
763 946 991 1013 consuetudine
1011 946 1172 1011 differtum
1192 946 1340 1012 odoribus
1356 947 1513 1026 conditur,
1534 948 1725 1034 tumuloque

540 1051 697 1117 Iuliorum
721 1053 892 1118 infertur.’'

587 1160 649 1225 Hic
673 1159 822 1247 Agricola
845 1182 902 1246 pro
925 1162 1077 1223 Rornonce
1099 1159 1181 1246 legit
1199 1161 1360 1237 Romana,
1381 1162 1465 1245 quod
1484 1167 1569 1226 certe
1588 1161 1725 1227 colorem

540 1269 647 1352 magis
678 1266 827 1332 Latinum
854 1270 1022 1354 magisque
1046 1266 1213 1331 Taciteum
1236 1266 1340 1331 habet.
1366 1265 1427 1332 Sed
1451 1270 1523 1352 quie
1547 1267 1656 1332 credat
1678 1268 1727 1333 ho

540 1375 661 1437 minem
682 1373 859 1438 Romanum
882 1372 1067 1460 aequalibus
1087 1373 1278 1438 scribentem
1298 1376 1427 1438 omuino
1445 1374 1597 1439 adiecisse
1609 1373 1726 1459 aliquid

541 1478 634 1564 quale
667 1487 714 1545 est
744 1480 831 1544 istud
864 1487 898 1543 ot
929 1480 1073 1544 Romania
1103 1477 1183 1543 moe?
1218 1477 1302 1545 Cum
1333 1500 1408 1544 vero
1440 1479 1598 1544 traditum
1629 1485 1728 1545 exstet

543 1587 713 1663 Romanoa,
737 1589 847 1650 statim
871 1585 1094 1672 magistellum
1117 1589 1339 1673 agnoscimus,
1363 1593 1395 1651 et
1418 1608 1492 1652 eum
1514 1586 1648 1672 quidem
1668 1606 1728 1651 ma·

542 1689 725 1777 gistellum,
746 1695 838 1756 cuius
858 1712 970 1777 parum
991 1697 1137 1756 accurata
1156 1693 1199 1755 sit
1220 1691 1370 1756 doctriua.
1391 1692 1462 1757 Non
1482 1694 1568 1757 enim
1581 1698 1728 1757 vetustus

542 1802 591 1863 est
613 1798 697 1882 apud
722 1796 881 1863 Romanos
904 1818 974 1861 mos
997 1818 1166 1882 corporum
1189 1798 1442 1862 cremandorum.

587 1905 626 1968 A.
651 1902 735 1982 XVI,
761 1904 791 1970 6.
824 1903 859 1969 L.
886 1902 985 1968 Vetus
1015 1907 1048 1968 in
1079 1904 1248 1969 Formiano
1280 1925 1337 1969 suo
1368 1904 1529 1982 custodia,
1562 1904 1726 1969 aNerone

541 2012 687 2076 immissa
710 2011 942 2076 circumdatur:

590 2117 719 2195 „aderat
751 2116 830 2195 tilia,
861 2139 956 2203 super
985 2120 1138 2203 ingruens
1169 2115 1348 2201 periculum
1371 2116 1469 2202 longo
1493 2115 1599 2181 dolore
1623 2122 1728 2193 atrox,

543 2245 580 2288 ex
616 2244 680 2308 quo
715 2245 914 2309 percussores
949 2222 1074 2300 Plauti,
1111 2225 1221 2287 mariti
1252 2226 1303 2287 sui
1333 2223 1473 2300 viderat;
1503 2230 1730 2307 cruentamque

544 2332 700 2395 cervicem
725 2332 793 2394 eius
817 2328 964 2415 amplexa
986 2330 1135 2394 servabat
1157 2331 1328 2411 remulcens
1352 2337 1381 2392 el
1402 2337 1495 2392 verm
1516 2328 1701 2412 resperso-33*

590 2434 643 2500 Sic
666 2448 715 2502 est
734 2438 768 2500 in
787 2436 893 2501 codice
914 2444 945 2502 et
965 2438 1011 2500 sic
1028 2434 1218 2521 plerumque
1238 2438 1421 2500 etiamnunc
1440 2434 1554 2501 editur.
1574 2434 1639 2500 Sed
1657 2437 1730 2500 iam·

545 2541 667 2607 dudum
697 2542 774 2627 quid
804 2542 907 2608 Taciti
938 2542 1015 2627 quid
1046 2541 1284 2628 interpolatoris
1308 2545 1351 2606 sit
1373 2549 1505 2607 constat.
1529 2539 1635 2606 Illiue'
1649 2544 1731 2619 enim

547 2670 681 2714 manum
704 2652 847 2714 restituit
869 2649 1022 2714 Heinsius
1045 2648 1198 2734 legendo:
1222 2649 1367 2729 conquire
1389 2656 1480 2712 vecla
1502 2670 1665 2734 torperem.

592 2759 628 2821 A.
661 2754 746 2832 XVI,
779 2754 830 2821 17.
866 2756 986 2820 Lucani
1018 2764 1116 2841 pater,
1150 2757 1298 2820 Annaeus
1330 2755 1434 2830 Mela,
1467 2757 1517 2818 vir
1547 2755 1730 2840 praedives,

545 2869 711 2947 tamquam
734 2865 879 2928 conscius
903 2864 1130 2927 coniurationis
1153 2868 1335 2927 accusatur:

592 2967 701 3046 ,Mela
801 2968 922 3035 exolvit
945 2989 1059 3046 venas,
1091 2971 1217 3054 scriptis
1240 2965 1413 3046 codicillis,
1438 2968 1556 3055 quibus
1577 2968 1733 3055 grandem

546 3078 712 3160 pecuniam
736 3078 770 3139 in
793 3075 994 3163 Tigellinum
1018 3097 1237 3161 generumque
1260 3079 1329 3140 eius
1353 3074 1581 3141 Cossutianum
1607 3073 1733 3161 Capito

545 3204 619 3247 uem
650 3182 817 3267 erogabat,
842 3204 904 3267 quo
929 3189 1033 3247 cetera
1056 3188 1230 3247 manerent.
1255 3183 1389 3245 Additur
1412 3181 1562 3245 codicillie
1586 3189 1732 3267 tamquam

544 3290 581 3351 de
604 3288 765 3373 iniquitute
788 3288 876 3351 exilii
899 3310 1023 3372 puerone
1046 3288 1092 3350 ilo
1114 3289 1292 3370 ecrcpeieecl,
1318 3309 1351 3352 se
1374 3288 1504 3373 quidem
1528 3292 1613 3352 mori
1638 3288 1734 3353 nullis

544 3393 695 3479 supplicii
715 3396 836 3468 causis,
857 3394 1008 3459 Rufrium
1029 3403 1136 3460 autem
1159 3393 1345 3480 Crispinum
1366 3401 1398 3459 et
1411 3396 1562 3458 Anicium
1574 3392 1734 3461 Cerialem

545 3504 612 3565 vita
635 3501 698 3564 frui
722 3500 860 3565 infensos
885 3501 1056 3586 principi.''

590 3606 674 3671 Sunt
701 3610 884 3672 etiamnunc
907 3610 962 3693 qui
985 3611 1081 3671 istam
1106 3609 1277 3673 verborum
1302 3608 1494 3693 farraginem
1519 3615 1733 3692 concoquaut;

544 3720 618 3777 sunt
649 3716 703 3798 qui
728 3735 799 3779 eam
823 3713 908 3777 ultro
932 3713 1120 3798 perturbent
1143 3736 1199 3798 pro
1222 3715 1389 3796 ccripeiccel
1411 3712 1546 3800 legendo
1569 3714 1733 3797 empcione,

544 3827 579 3883 ut
604 3819 729 3883 additur
750 3840 821 3884 eam
844 3823 979 3905 accipiat
1003 3827 1217 3898 structuram,
1238 3841 1335 3905 quam
1354 3821 1469 3885 habere
1487 3819 1592 3886 solent
1612 3823 1734 3897 dicitur,

544 3928 663 3989 videtur
694 3929 802 3990 simm.
834 3926 931 4006 Quasi
962 3947 1036 3992 vero
1068 3948 1130 3991 non
1160 3930 1203 3992 sit
1234 3926 1306 3991 luce
1329 3925 1462 4004 clarius,
1488 3927 1544 3990 ubi
1566 3930 1601 3991 in
1626 3928 1735 3993 eadem

546 4036 722 4098 narratione
754 4033 786 4097 tit
818 4032 856 4097 de
887 4032 1036 4096 codicillis
1069 4054 1172 4098 sermo
1204 4036 1264 4110 sit,
1296 4034 1329 4098 et
1359 4031 1467 4117 aliqua
1490 4033 1580 4097 verbi
1603 4034 1736 4098 addendi

548 4140 650 4205 forma
680 4138 817 4225 legatur,
845 4138 883 4203 de
906 4138 996 4204 nulla
1020 4137 1139 4204 aliare
1163 4140 1208 4204 ibi
1232 4160 1412 4205 sermonem
1436 4161 1502 4205 esse
1525 4160 1617 4225 posse
1641 4162 1735 4226 quam

547 4246 585 4311 de
608 4245 715 4331 aliquo
738 4248 882 4330 ipsorum
905 4244 1124 4309 codicillorum
1149 4245 1375 4311 additamento.
1400 4244 1541 4310 Tandem
1565 4245 1737 4331 aliquando

546 4356 671 4418 exstitit
702 4351 901 4436 Draegerus,
926 4354 980 4436 qui
1005 4350 1140 4417 sciolum
1165 4352 1419 4436 deprehenderet.
1446 4351 1536 4431 Quod
1559 4361 1671 4418 autem
1696 4363 1738 4419 to

547 4466 617 4524 tum
648 4458 731 4523 illud
763 4466 908 4542 tamquam
938 4460 975 4521 de
1005 4458 1167 4542 iniquitute
1195 4459 1283 4522 exilii
1306 4481 1430 4543 quorem
1452 4459 1499 4521 ilo
1520 4460 1692 4542 adipeieeet
1722 4482 1737 4525 e

547 4573 638 4631 textu
670 4568 800 4641 eximit,
833 4566 965 4630 fortasse
998 4564 1130 4629 modum
1163 4565 1296 4630 excedit.
1330 4564 1365 4628 Si
1396 4567 1467 4649 quis
1498 4567 1585 4629 euim
1609 4570 1737 4633 retineri

547 4695 636 4758 posse
667 4681 813 4756 loraqaom
844 4674 880 4734 dc
911 4671 1072 4755 iniquitate
1104 4671 1192 4734 exilii
1225 4695 1347 4756 querens
1377 4671 1557 4747 contendit,
1589 4673 1737 4758 equidem

548 4803 607 4845 nou
641 4801 801 4865 repugno,
834 4777 1006 4842 dummodo
1038 4778 1111 4842 hino
1143 4779 1274 4842 facessat
1297 4778 1447 4841 codicillis
1469 4786 1499 4842 et
1525 4816 1566 4825 -
1593 4801 1668 4844 rrarn
1693 4784 1737 4844 ita
