4525 5950
913 713 954 758 nn
977 712 1053 758 rone
1078 711 1218 759 nomano.
1594 695 1659 760 225

461 876 587 959 pignus
610 874 851 939 conventionale
874 895 893 939 a
916 875 1033 939 tradito
1058 876 1217 960 originem
1236 876 1360 941 habere.
1384 875 1530 941 Obstahit
1550 884 1659 942 autem

462 987 696 1065 argumentum
729 982 760 1044 ei
790 1001 932 1065 quoqne,
957 983 1013 1065 qui
1036 980 1075 1045 ab
1099 983 1284 1065 exceptione
1307 985 1532 1068 pignoratitia,
1557 1005 1619 1047 non
1643 1004 1661 1048 a

461 1084 586 1150 iudicio
620 1083 790 1162 Serviano,
826 1095 1004 1170 praetorem
1040 1086 1218 1170 profectum
1253 1107 1320 1151 esse
1354 1090 1527 1171 putaverit.
1565 1088 1661 1153 Haud

463 1192 574 1276 magis
591 1211 610 1254 a
626 1190 867 1274 subsignatione
884 1193 1003 1277 pignus
1020 1189 1261 1256 conventionale
1280 1192 1466 1256 descendere
1483 1192 1611 1256 videtur
1625 1192 1660 1272 ¹),

463 1294 626 1378 siquidem
663 1295 864 1379 subsignatis
899 1294 1100 1379 praediorum
1136 1302 1264 1359 tantum
1299 1302 1363 1372 est,
1400 1299 1518 1382 pignus
1550 1303 1659 1362 autem

464 1399 710 1465 conventionale
731 1402 825 1465 initio
849 1420 898 1464 res
917 1400 1063 1464 inductas
1084 1406 1212 1464 tantum
1231 1401 1476 1485 apprehendisse
1495 1401 1660 1466 fatendum

464 1511 526 1570 est.
559 1505 676 1585 Quodsi
708 1505 872 1571 videbitur
903 1507 1047 1590 exceptio
1071 1507 1117 1569 rei
1143 1513 1238 1590 capnt
1262 1506 1375 1584 fuisse,
1399 1527 1479 1590 qnae
1502 1506 1660 1592 generalis

464 1616 532 1688 est,
564 1613 622 1676 hoc
653 1611 784 1696 qnidam
807 1617 1037 1698 argumentum
1061 1612 1205 1688 vacabit,
1230 1611 1283 1676 sed
1308 1611 1441 1676 dicenda
1462 1615 1524 1677 erit
1547 1633 1658 1690 cansa,

463 1737 524 1782 cur
553 1719 623 1781 iure
655 1717 822 1782 honorario
854 1715 936 1781 nihil
960 1718 1122 1802 praecipui
1147 1716 1262 1781 haheat
1286 1720 1405 1802 pignus
1428 1717 1506 1794 soli,
1530 1724 1562 1782 et
1585 1739 1659 1802 qno·

462 1820 560 1886 modo
593 1821 716 1885 factum
750 1825 810 1899 eit,
847 1828 883 1886 nt
912 1824 964 1886 ins
997 1819 1153 1885 vendendi
1186 1820 1335 1885 creditori
1367 1824 1449 1886 citra
1478 1826 1658 1906 pactionem

463 1924 636 2009 specialem
666 1928 759 1991 initio
792 1947 854 1991 non
887 1929 1089 2012 competierit
1103 1923 1138 2003 ²).
1164 1924 1337 1990 Fiduciane
1360 1926 1457 1990 fuerit
1480 1930 1587 2011 origo,
1613 1931 1660 1992 vi·

461 2031 597 2095 deamus
610 2027 645 2110 ⁸).
682 2030 772 2110 Quod
803 2034 907 2116 prima
938 2031 1068 2116 quidem
1100 2031 1181 2096 facie
1213 2031 1342 2094 videtur
1364 2033 1398 2093 in
1422 2029 1567 2119 proclivi,
1580 2053 1657 2097 esse.

461 2136 612 2213 Etenim,
644 2157 745 2220 quum
775 2136 980 2201 inductorum
1003 2137 1118 2202 fiducia
1141 2136 1257 2200 iisdem
1282 2135 1525 2200 difficultatibus
1549 2137 1686 2222 impii·

462 2248 555 2305 cetur
585 2241 701 2325 quibus
728 2240 857 2305 traditio
870 2240 906 2320 ⁴),
931 2243 1015 2305 inest
1037 2244 1125 2305 enim
1148 2240 1279 2306 traditio
1303 2238 1476 2303 mobilium
1501 2244 1659 2325 mancipa-

463 2348 546 2410 tioni
578 2343 629 2409 vel
658 2347 691 2409 in
722 2348 793 2409 iure
824 2347 959 2410 cessioni
977 2345 1014 2423 ⁶),
1049 2345 1160 2430 quidni
1194 2347 1420 2421 statuerimus,
1456 2344 1658 2412 solemnitate

462 2451 598 2513 remissa
630 2452 675 2514 sic
703 2456 895 2534 perventum
918 2450 958 2515 ad
982 2453 1100 2536 pignus
1123 2449 1364 2515 conventionale
1388 2453 1531 2534 primum
1554 2451 1658 2517 illato·

460 2577 554 2633 rum,
586 2554 699 2620 deinde
731 2576 807 2620 vero
838 2552 1038 2620 ceterorum?
1069 2554 1217 2632 Scilicet,
1248 2558 1331 2621 sicut
1354 2558 1388 2620 in
1413 2556 1583 2621 traditione
1604 2558 1657 2621 ob-

461 2667 544 2738 stat,
580 2660 665 2745 quod
699 2662 843 2746 pignoris
877 2660 989 2725 traditi
1023 2666 1092 2725 rata
1122 2663 1295 2725 auctoritas
1329 2681 1385 2745 per
1416 2681 1449 2725 se
1480 2660 1569 2725 nulla
1592 2666 1656 2739 est,

460 2765 594 2850 proinde
625 2786 686 2830 non
717 2769 826 2850 potuit
857 2767 975 2851 pignus
1006 2763 1249 2829 conventionale
1274 2764 1313 2828 ad
1336 2764 1521 2849 exemplum
1546 2766 1657 2830 traditi

462 2873 607 2956 pignoris
639 2869 758 2957 effingi,
788 2873 835 2935 ita
866 2873 900 2934 in
931 2889 1026 2934 causa
1048 2868 1183 2933 fiduciae
1208 2869 1412 2933 obiciendum
1435 2877 1500 2947 est,
1525 2892 1588 2936 non
1611 2875 1657 2935 in-

460 2974 585 3063 telligi,
606 2974 811 3041 solemnitate
830 2978 982 3053 remissa,
1003 2972 1088 3060 qnod
1108 2975 1231 3040 iactum
1251 2978 1294 3040 sit
1311 2983 1438 3060 oportet
1449 2997 1507 3061 ope
1519 2976 1656 3041 fictionis

460 3080 514 3146 vel
537 3087 621 3146 certe
644 3080 735 3145 utilis
759 3084 893 3146 actionis
915 3082 949 3146 id
973 3088 1022 3145 est
1045 3101 1124 3165 quae
1150 3080 1398 3146 vindicationem
1421 3084 1606 3147 imitaretur
1618 3081 1655 3159 ⁰),

459 3190 532 3272 ipsa
563 3190 793 3271 persecutionis
824 3193 940 3252 natura
971 3208 1033 3271 qno
1064 3193 1157 3272 paeto
1181 3192 1308 3251 mutata
1332 3190 1385 3251 sit.
1408 3187 1546 3252 Interest
1568 3190 1655 3253 enim

459 3296 545 3357 inter
575 3295 622 3356 rei
651 3292 900 3358 vindicationem
931 3300 964 3357 et
994 3292 1258 3379 hypothecariam
1291 3293 1466 3369 actionem,
1490 3293 1575 3377 qnod
1598 3294 1656 3380 hy-

459 3396 644 3482 pothecaria
667 3397 723 3461 etsi
745 3398 779 3461 in
803 3421 863 3462 rem
887 3399 965 3462 actio
988 3406 1048 3476 est,
1073 3400 1184 3461 nudam
1206 3404 1302 3460 ίαιιιειι
1319 3398 1532 3477 possessionem
1552 3405 1655 3462 avocat

459 3510 489 3566 et
513 3502 612 3565 sobrcta
629 3505 761 3584 pectendo
786 3552 885 3569 .....
910 3504 1085 3567 dissolvitur
1099 3502 1134 3582 ¹),
1158 3502 1191 3565 id
1215 3515 1279 3566 est:
1305 3501 1388 3586 quod
1411 3523 1468 3567 nec
1490 3506 1523 3566 in
1547 3524 1655 3588 perps-

457 3618 555 3673 tuum
587 3612 819 3693 possessionem
846 3610 1010 3686 transfert,
1035 3609 1089 3674 sed
1113 3611 1262 3686 interim,
1287 3630 1360 3686 nec,
1386 3611 1414 3673 si
1438 3612 1572 3692 pecunia
1595 3610 1654 3674 sol-

457 3835 507 3869 non
531 3820 568 3868 im
589 3819 630 3867 sed
652 3819 742 3868 iactum
762 3818 882 3877 continet,
905 3833 936 3867 ιιι
954 3819 1060 3882 pignoris
1077 3819 1174 3868 nomine
1190 3819 1280 3868 tradita
1299 3819 1330 3868 sit
1350 3835 1393 3877 res,
1411 3817 1610 3882 quemadmodum
1626 3818 1652 3867 in

456 3900 584 3954 Salviano,
607 3914 637 3947 on
660 3898 767 3964 pignoris
789 3899 887 3949 nomine
910 3899 1009 3948 inducto
1030 3900 1075 3958 ait,
1097 3915 1159 3957 non,
1182 3915 1212 3947 an
1230 3900 1262 3948 sit
1278 3900 1381 3964 pignori.
1408 3900 1478 3964 Quod
1496 3899 1524 3946 de
1541 3899 1653 3948 Salviano

456 3998 506 4031 non
529 3981 625 4044 quidem
643 3980 784 4029 nominatim
801 3981 958 4046 praecipitur,
974 3982 1014 4030 sed
1033 3983 1085 4031 ideo
1103 3986 1138 4030 cst
1156 3981 1297 4039 verisimile,
1314 3982 1371 4044 qnia
1389 3982 1412 4030 id
1429 3982 1592 4030 tantumodo
1609 3983 1652 4031 aa·

455 4078 535 4113 mm
551 4064 715 4111 mansorem
732 4062 885 4112 debitoremvs
901 4062 1017 4126 conpetit.

482 4144 520 4207 ’1)
539 4144 576 4192 Ol.
595 4142 698 4200 Hersen,
715 4159 754 4208 op.
772 4143 813 4192 cit.
831 4160 854 4208 p.
874 4144 929 4192 lca.
1239 4144 1267 4207 2)
1284 4143 1320 4192 Ci.
1338 4158 1417 4207 snpra.

489 4225 520 4286 6)
537 4224 574 4273 Gi.
594 4225 701 4284 Honor,
721 4240 760 4290 op.
778 4225 812 4274 cit
837 4241 860 4289 p.
877 4224 952 4273 162⁴.

489 4306 520 4368 4)
537 4306 642 4365 Hersen,
659 4322 697 4371 op.
715 4306 756 4356 cit.
774 4323 797 4371 p.
817 4306 873 4355 166.

490 4390 520 4449 6)
538 4386 647 4436 Diximus
664 4403 737 4452 snpra
753 4388 816 4452 (cup.
834 4386 889 4451 IV).

489 4469 518 4531 6)
536 4467 610 4516 Utilis
632 4467 694 4516 actio
718 4483 765 4516 non
784 4468 867 4531 otique
883 4482 932 4515 ease
949 4465 1018 4514 debet
1034 4466 1132 4525 fictitia,
1149 4466 1189 4514 sed
1207 4469 1286 4515 umen
1303 4470 1338 4517 ad
1353 4471 1479 4532 exemptum
1497 4468 1596 4518 alteriue
1614 4486 1650 4518 nc·

448 4550 527 4599 tionis
544 4548 624 4598 scribi.
640 4547 800 4599 Consentiunt
817 4549 843 4597 in
861 4564 913 4597 cum
931 4548 1075 4597 sententiam
1092 4548 1204 4612 savigny,
1217 4548 1337 4611 Systcmv
1354 4550 1421 4611 §als
1437 4555 1468 4615 (p.
1480 4550 1533 4611 76);
1548 4549 1648 4608 ΡιιοΙιιι,

449 4633 541 4682 earm
563 4631 638 4691 §loo
661 4634 727 4694 (post
751 4639 799 4679 not.
823 4631 886 4692 uw);
915 4630 1007 4689 Keller,
1030 4637 1087 4680 rdet.
1108 4630 1229 4693 Cirilms.
1252 4632 1304 4691 §8⁹
1322 4631 1361 4689 11,
1380 4632 1465 4691 hanel,
1482 4634 1527 4681 dae
1544 4632 1647 4681 edictum

448 4730 475 4778 p.
499 4712 547 4760 160
563 4715 601 4771 (z
622 4710 692 4760 teau
710 4728 733 4776 p.
753 4711 850 4773 66116).
950 4775 954 4784 Ι

486 4792 806 4857 bhwmstss&
