4525 5950
637 662 702 725 244
1124 678 1166 724 on
1190 675 1334 724 cannara.

633 848 757 928 partem
794 843 980 928 frigoribus,
1018 842 1186 906 umoribus
1215 842 1362 904 exercitis
1394 839 1441 905 sol
1470 839 1548 904 luna
1577 846 1626 905 est
1657 841 1828 924 acceptior,

634 955 723 1012 tanto
753 947 818 1013 sole
848 951 972 1034 gratior
995 946 1071 1011 luna
1096 953 1143 1012 est
1167 948 1225 1023 iis,
1250 949 1306 1029 qui
1328 945 1492 1031 Europam
1516 944 1759 1011 meridionalem
1783 947 1828 1008 in·

634 1054 773 1119 colentes
807 1054 870 1118 fere
905 1053 1035 1118 cottidie
1067 1051 1144 1117 solis
1176 1052 1319 1116 ardorem
1350 1051 1524 1116 molestum
1555 1052 1635 1128 sibi,
1657 1051 1828 1136 pecoribus

635 1163 784 1224 nocivum
816 1162 1033 1245 experiuntur,
1066 1179 1122 1223 nec
1151 1160 1213 1221 nisi
1243 1157 1293 1222 die
1318 1164 1556 1242 vesperascente
1579 1158 1637 1221 sub
1661 1155 1760 1221 lunae
1783 1177 1828 1220 re

634 1268 758 1350 gimine
782 1264 922 1328 dulciore
945 1269 1041 1348 atque
1062 1262 1182 1328 leniore
1206 1265 1313 1327 vivere
1333 1284 1366 1327 se
1386 1266 1566 1328 aestimant.
1590 1262 1705 1345 Itaque
1723 1262 1827 1326 solem

635 1371 794 1456 effugiunt
825 1375 858 1434 et
888 1375 1055 1445 metuunt,
1087 1370 1125 1433 ob
1157 1371 1224 1432 vim
1248 1369 1450 1454 pestiferam
1476 1371 1631 1434 orientem
1654 1367 1751 1433 modo
1776 1366 1827 1431 vel

636 1476 830 1541 occidentem
864 1476 1015 1550 adorant,
1047 1473 1100 1538 sed
1132 1474 1205 1538 odio
1237 1474 1353 1538 habent
1376 1478 1515 1538 stantem
1537 1476 1573 1537 in
1595 1473 1702 1538 medio
1722 1472 1827 1549 caelo;

636 1581 872 1667 pulcherrimus
902 1583 942 1643 iis
973 1579 1101 1644 videtur
1131 1579 1190 1643 sub
1220 1600 1385 1656 occasum,
1410 1579 1493 1643 unde
1518 1581 1531 1644 i
1557 1576 1636 1653 ἥλιος
1661 1580 1828 1654 βασιλεύει

636 1706 819 1771 neo-graece
854 1686 1014 1771 significat
1050 1684 1120 1762 „sol
1152 1684 1300 1749 occidit”.
1333 1684 1417 1750 Bene
1448 1690 1557 1750 autem
1589 1682 1720 1750 Graecis
1752 1690 1829 1749 tnnc

636 1793 766 1856 demum
796 1794 920 1856 vivitur
950 1813 1025 1855 cum
1056 1790 1160 1854 tardae
1191 1789 1256 1853 dux
1287 1792 1397 1876 gregis
1429 1792 1514 1855 inter
1537 1810 1611 1855 oves
1635 1789 1710 1855 eolis
1733 1790 1828 1855 vehe-

636 1900 791 1961 mentiam
821 1899 918 1960 nimis
948 1896 1003 1959 diu
1033 1915 1201 1980 perpessus
1224 1897 1331 1959 animo
1353 1900 1446 1979 grato
1470 1897 1603 1979 suspicit
1627 1894 1734 1960 lucem
1760 1916 1829 1960 ean·

636 2003 744 2066 didam
774 2001 862 2065 illius
894 2000 985 2077 deae,
1017 2021 1096 2085 quae
1127 2002 1222 2064 astris
1244 2002 1421 2064 innumeris
1444 2002 1562 2085 stipata
1584 2003 1722 2086 pastoris
1745 2003 1830 2066 inter

635 2127 769 2193 gregem
808 2109 965 2172 versantis
1001 2108 1181 2192 imaginem
1219 2106 1336 2170 referre
1371 2105 1502 2171 videtur
1531 2108 1602 2191 ipsa
1624 2104 1657 2185 ¹).
1696 2105 1829 2190 Vesperi

636 2214 749 2299 igitur,

907 2313 952 2380 ὅτ’
976 2318 1006 2380 ε’ν
1030 2319 1140 2395 οὐρανῷ
1164 2314 1264 2394 ἄστρα
1287 2319 1416 2397 φαεινὴν
1438 2317 1527 2396 ἀμφὶ
1550 2316 1680 2391 σελήνην

772 2423 896 2497 (βαίνετ’
919 2421 1108 2501 ἀριπρεπέα,
1134 2420 1185 2485 ὅτε
1210 2425 1238 2485 τ’
1262 2421 1374 2486 ἔπλετο
1399 2422 1523 2498 νήνεμος
1548 2423 1651 2499 αἰθήρ,

773 2531 878 2593 πάντα
902 2529 932 2592 δὲ
957 2529 1084 2593 calderar
1109 2527 1229 2605 ἄστρα,
1254 2528 1370 2605 γέγηθε
1395 2530 1426 2593 δέ
1451 2552 1485 2592 τε
1509 2527 1608 2604 Φρένα
1632 2530 1758 2603 rosaria.

637 2636 769 2700 Accedit
798 2635 874 2699 haec
905 2656 1029 2719 quoque
1053 2656 1102 2699 res
1126 2634 1211 2698 haud
1234 2633 1315 2699 levis
1339 2637 1495 2699 momenti
1519 2635 1558 2699 ad
1581 2633 1677 2699 lunae
1701 2633 1828 2699 cultum

637 2741 720 2826 apud
752 2742 993 2825 antiquissimos
1024 2742 1170 2805 homines
1200 2740 1443 2824 explicandum,
1468 2740 1551 2826 quod
1575 2740 1653 2804 luna
1678 2739 1745 2805 leni
1770 2762 1828 2805 suo

634 2868 690 2932 per
721 2845 846 2910 eaelum
878 2852 969 2910 motu
1001 2848 1163 2930 variisque
1192 2848 1259 2910 suis
1293 2845 1403 2931 figuris
1435 2848 1615 2910 accuratius
1646 2851 1680 2910 et
1710 2845 1829 2911 clarius

635 2972 733 3036 qnam
752 2949 799 3016 eol
819 2972 1022 3038 progressum
1040 2951 1166 3016 dierum
1182 2951 1311 3016 indicat.
1330 2950 1519 3036 Simplieem
1531 2953 1636 3038 igitur
1646 2958 1828 3038 pastorem,

636 3059 691 3142 qui
715 3060 781 3120 suis
802 3059 837 3119 in
858 3057 1021 3122 montibus
1040 3063 1150 3143 ageret
1169 3060 1272 3121 vitam
1292 3056 1468 3133 modicam,
1489 3057 1584 3122 lunae
1604 3061 1709 3145 magis
1729 3080 1827 3143 quam

636 3162 713 3227 solis
744 3183 869 3226 curasse
902 3183 1031 3226 cursum
1056 3165 1273 3248 temporisque
1297 3165 1436 3248 epatium
1461 3163 1574 3227 diebus
1597 3165 1705 3248 potius
1729 3184 1830 3248 qnam

635 3271 724 3334 annis
747 3267 909 3345 divisisse,
935 3271 1006 3352 quis
1030 3266 1186 3333 miretur?

681 3371 742 3437 Sed
772 3373 878 3436 herbis
910 3394 1035 3457 quoque
1067 3372 1281 3437 crescentibus
1311 3372 1417 3437 favere
1439 3372 1516 3438 luna
1540 3373 1717 3438 videbatur.
1743 3375 1828 3440 Nam

635 3500 710 3544 cum
740 3481 781 3541 iis
812 3480 976 3555 noctibus,
1009 3480 1126 3562 quibus
1150 3476 1274 3543 caelum
1297 3478 1436 3542 nubibus
1459 3485 1543 3543 caret
1567 3483 1600 3543 et
1623 3477 1701 3543 luna
1721 3479 1830 3544 elaris

635 3586 715 3648 sime
747 3583 943 3668 resplendet,
977 3589 1042 3648 tam
1071 3582 1176 3648 solum
1200 3604 1296 3667 quam
1321 3583 1434 3648 herbae
1457 3585 1599 3648 maxime
1622 3584 1831 3670 refrigescere

634 3688 775 3765 soleant,
799 3689 882 3753 unde
905 3695 1043 3774 augetur
1063 3692 1145 3753 roris
1165 3692 1254 3773 copia
1274 3695 1305 3753 et
1326 3692 1393 3764 vie;
1415 3709 1552 3773 cumque
1565 3689 1830 3755 meridionalibue

633 3797 667 3858 in
688 3796 781 3858 terris
800 3792 930 3879 pluviae
951 3815 1020 3858 raro
1039 3794 1180 3859 cadentis
1200 3794 1301 3860 officio
1322 3795 1476 3884 iungatur
1495 3815 1546 3859 roe
1559 3792 1596 3875 ⁹),
1617 3795 1718 3858 lunam
1730 3797 1827 3878 ἑρεαιε

634 3899 749 3964 herbas
782 3920 892 3964 umore
922 3920 1122 3985 respergere,
1156 3902 1224 3965 vim
1257 3900 1415 3964 crescendi
1448 3921 1566 3986 augere
1598 3901 1683 3965 sama
1706 3901 1830 3967 ferebat

636 4005 808 4091 popularis.
825 4004 916 4069 Unde
926 4003 1003 4069 luna
1016 4004 1237 4089 appellabatur
1248 4006 1439 4084 φερέκαρσσι
1454 4003 1494 4085 ³);
1509 4009 1587 4091 quin
1599 4013 1631 4070 et
1643 4005 1828 4072 dicebatur:

637 4114 654 4187 ἦ
680 4112 790 4185 σελήνη
815 4110 948 4187 ὑγραίνει
964 4106 999 4189 ⁴).
1024 4110 1092 4190 Qua
1116 4132 1150 4175 re
1173 4113 1307 4175 minime
1330 4113 1488 4175 miramur
1509 4109 1619 4176 lunam
1639 4112 1731 4176 deam
1752 4134 1827 4177 eum

636 4215 750 4281 Terrae
784 4219 915 4281 numine
944 4215 1117 4290 coaluisse,
1151 4221 1188 4279 ut
1219 4236 1283 4280 una
1315 4215 1487 4301 eademque
1511 4217 1569 4282 dea
1593 4222 1659 4282 tam
1683 4220 1717 4282 in
1742 4218 1828 4284 caelo

669 4538 694 4597 1)
709 4535 799 4597 ἁγεῖτο
818 4533 913 4583 σελάνα
931 4533 1021 4593 ποιμὴν
1039 4533 1131 4595 νυχίαν
1149 4532 1205 4581 θεῶν
1231 4535 1312 4597 Synes.
1331 4534 1413 4596 hymn.
1429 4533 1472 4593 lx,
1492 4536 1585 4599 88eqq.

670 4619 695 4681 2)
713 4617 767 4666 Vid.
784 4623 811 4664 Ψ
828 4615 876 4667 597
895 4617 977 4666 Aescb.
996 4619 1079 4680 Agem.
1100 4616 1207 4679 laatsq.

669 4702 694 4760 8)
711 4700 801 4763 Hymn.
819 4699 893 4763 Orph.
912 4698 955 4757 lx,
975 4702 997 4747 b.

667 4783 693 4841 4)
709 4781 745 4830 lo.
763 4780 841 4844 Lydus
858 4796 880 4846 p.
896 4780 927 4828 62
946 4779 990 4840 (αἱ,
1009 4779 1139 4840 Badhan).
