4525 5950
536 695 602 760 394
1063 712 1200 759 omerus.

714 876 757 939 Et
779 897 894 959 corpus
917 896 1071 960 quaerens
1094 876 1254 941 femorum
1278 898 1474 962 cmrumque
1499 876 1700 962 pedumque.

534 983 630 1062 Quis,
654 983 800 1057 obsecm,
824 1001 967 1065 unquam
990 984 1036 1045 sic
1059 989 1108 1046 est
1129 979 1279 1046 locutus?

582 1085 646 1152 127
681 1085 823 1173 Sibyllae
846 1088 970 1151 Aeneas
994 1088 1033 1151 ab
1056 1087 1167 1151 inferis
1190 1087 1315 1152 rediens
1337 1091 1481 1152 emtione
1506 1087 1737 1153 ardentissima

533 1197 655 1281 gratias
678 1196 764 1279 agit,
789 1193 956 1278 additque:

715 1300 778 1364 Pro
801 1300 918 1384 quibus
940 1302 1041 1363 atrias
1064 1302 1190 1364 meritis
1214 1308 1344 1364 evectus
1368 1300 1407 1363 ad
1431 1321 1529 1365 auras

714 1404 849 1490 Templa
872 1406 931 1469 tibi
955 1412 1107 1470 statuam.

535 1511 660 1591 Quanto
683 1513 727 1575 sit
746 1509 834 1575 istud
854 1514 1031 1575 contortius
1050 1512 1280 1596 obscuriusque
1299 1510 1352 1576 vel
1369 1511 1444 1589 illo,
1463 1532 1566 1595 quem
1586 1516 1624 1576 in
1645 1515 1737 1577 initio

534 1620 648 1704 capitis
672 1619 862 1693 citavimus,
887 1616 972 1682 loco:

715 1723 802 1802 Quae
825 1727 968 1808 gemitus
992 1731 1186 1808 truncaeque
1209 1723 1268 1788 deo
1292 1724 1476 1810 Neptunius
1502 1725 1603 1790 heros

715 1827 818 1894 Causa
841 1836 934 1914 rogat
957 1829 1072 1893 frontis

534 1935 638 1999 dicere
665 1937 718 1999 vix
742 1955 832 2018 opus.

581 2038 646 2103 158
681 2038 826 2105 Caietam
850 2040 942 2102 venit
964 2040 1104 2103 Aeneas:

715 2144 777 2208 Hic
800 2165 926 2229 quoque
950 2146 1138 2209 substiterat
1161 2151 1235 2229 post
1258 2145 1362 2210 taedia
1384 2143 1483 2230 longa
1507 2146 1665 2212 laborum

713 2251 858 2315 Neritius
881 2250 1058 2314 Macareus.

535 2358 599 2435 „Et
622 2358 678 2422 ubi
701 2363 864 2441 praeterea
887 2358 1075 2422 substiterat
1097 2353 1197 2420 illst*
1222 2358 1329 2441 quivis
1352 2363 1453 2442 roget.
1479 2357 1638 2434 Frustra,
1663 2380 1731 2422 uam

533 2470 626 2547 poeta
656 2484 718 2527 non
749 2462 828 2525 locos
858 2461 982 2547 aliquos
1003 2465 1090 2526 inter
1112 2482 1145 2526 se
1169 2465 1303 2546 opponit
1325 2462 1381 2526 sed
1404 2462 1556 2528 Macareo
1583 2466 1731 2529 Aeneam.

532 2568 605 2633 Non
637 2568 676 2631 ad
699 2567 888 2631 adverbium
913 2589 942 2652 q.
968 2589 994 2632 e.
1020 2568 1069 2630 tic
1091 2566 1147 2631 sed
1170 2567 1209 2632 ad
1232 2589 1347 2632 nomen
1371 2571 1543 2652 proprium
1568 2571 1731 2632 Macareus

533 2675 715 2740 coniunctio
738 2696 851 2758 quoque
874 2676 1023 2759 pertinet.

580 2779 645 2845 166
681 2780 729 2844 Ibi
752 2779 901 2844 Macareo
926 2779 1054 2844 obviam
1077 2782 1167 2844 venit
1190 2779 1457 2844 Achaemenides:

715 2884 782 2950 Iam
808 2906 886 2949 suus
910 2890 943 2949 et
966 2888 1065 2969 spinis
1089 2892 1234 2950 conserto
1259 2888 1402 2970 tegmine
1426 2884 1539 2950 nullis.

533 2992 660 3078 Ergone
692 2991 785 3077 plane
817 2992 890 3056 laxa
920 2992 1076 3076 pendebat
1107 2995 1208 3056 vestis
1238 2990 1330 3057 eius?
1353 2991 1424 3056 Hoc
1446 3012 1463 3057 e
1489 2993 1602 3058 verbis
1626 2992 1727 3057 allatis

533 3099 665 3175 efficias,
699 3098 754 3162 sed
785 3107 879 3183 poeta
909 3098 1052 3185 legentes
1084 3098 1175 3163 docet
1208 3120 1292 3163 nunc
1323 3105 1412 3164 veste
1442 3098 1604 3163 indutum
1636 3100 1726 3163 inisse

532 3203 800 3269 Achaemenidem
837 3205 914 3268 bene
949 3203 1029 3268 culti
1065 3205 1224 3282 hominis,
1259 3226 1321 3269 non
1356 3203 1487 3268 horrida
1521 3203 1602 3283 illa,
1635 3225 1726 3289 quam

533 3316 626 3374 antea
649 3312 749 3394 spinis
773 3308 896 3374 solebat
918 3330 1090 3375 conserere.

577 3414 643 3478 215
680 3415 815 3500 Legitur
845 3415 915 3491 hio,
947 3414 1000 3480 rel
1031 3417 1140 3499 potius
1172 3418 1249 3499 quin
1279 3414 1415 3501 legenda
1438 3417 1482 3479 sit
1505 3438 1572 3481 non
1596 3416 1724 3482 dubium

532 3527 598 3597 est,
622 3520 776 3584 infinitivi
800 3520 902 3585 forma
926 3521 1058 3585 barbara
1082 3520 1203 3584 moriri:

877 3634 1078 3712 mortemque
1102 3630 1219 3692 timens
1242 3627 1441 3711 cupidusque
1464 3629 1592 3691 moriri.

532 3731 569 3796 In
601 3732 706 3797 codice
738 3731 775 3796 M
807 3753 881 3796 cum
913 3753 1024 3796 seusus
1048 3736 1186 3817 pernicie
1207 3740 1255 3797 est
1280 3734 1420 3817 morique.
1445 3730 1656 3817 Sequendum
1679 3734 1725 3797 hic

532 3860 601 3903 esse
624 3837 784 3903 Kornium
808 3838 913 3901 moriri
937 3839 1082 3904 edentem
1106 3839 1189 3902 mihi
1213 3839 1343 3924 quidem
1366 3860 1423 3923 pro
1447 3846 1534 3904 certo
1558 3848 1694 3906 constat.

579 3943 644 4008 219
680 3943 716 4007 In
744 3942 851 4008 insula
882 3943 990 4029 aliqua
1022 3945 1155 4010 barbara
1179 3944 1309 4009 relictus
1335 3948 1390 4029 qni
1415 3965 1531 4009 navam
1556 3948 1723 4030 conspicit,

533 4055 571 4114 ut
601 4071 662 4135 ego
688 4052 800 4134 opinor
822 4057 854 4114 et
877 4052 947 4135 ipsa
970 4050 1032 4114 fert
1054 4054 1100 4115 rei
1124 4058 1256 4129 natura,
1282 4050 1384 4136 quoad
1407 4050 1601 4132 longissimo
1627 4055 1725 4135 potest

531 4157 566 4219 in
597 4155 677 4220 litus
709 4157 868 4240 procurrit
890 4163 921 4221 et
944 4156 1019 4221 inde
1042 4157 1188 4242 gestibus
1211 4163 1248 4220 ut
1272 4158 1447 4240 recipiatur
1468 4162 1550 4219 orat.
1578 4159 1623 4220 At
1646 4154 1723 4241 apud

534 4266 660 4346 poetam
684 4268 848 4338 nostrum,
874 4264 951 4326 satis
975 4262 1128 4337 absurde,
1154 4265 1282 4326 inverso
1306 4264 1369 4326 ista
1391 4260 1473 4325 fiunt
1497 4261 1627 4327 ordine:

714 4367 874 4451 Orauique
898 4367 1010 4453 fugam
1033 4375 1128 4453 gestu
1153 4367 1193 4432 ad
1215 4367 1358 4452 litusque
1380 4369 1517 4431 cucurri.

579 4473 644 4537 235
681 4474 729 4537 nd
756 4474 965 4558 Antiphatem
989 4474 1157 4539 Macareus
1181 4480 1304 4549 narrat,
1330 4494 1390 4559 ego
1412 4475 1532 4537 missus
1558 4495 1651 4539 sum:

635 4594 637 4597 ’
1019 4601 1154 4645 numero
1177 4582 1349 4644 comitante
1372 4578 1520 4643 duorum.

531 4685 609 4764 Quis
641 4706 783 4770 unquam
816 4688 861 4749 sic
893 4684 1020 4751 locutus
1052 4694 1101 4751 est
1132 4707 1188 4771 pro
1221 4710 1283 4749 cum
1306 4685 1419 4748 duobus
1441 4681 1620 4747 comitibus?
1650 4683 1719 4757 llio,

531 4793 653 4877 opinor,
674 4794 730 4876 qui
749 4793 842 4855 unice
862 4791 926 4856 suit
945 4791 1101 4857 sollicitus
1113 4800 1151 4857 ut
1163 4812 1259 4877 quam
1272 4794 1414 4876 primum
1428 4789 1573 4875 expleret
1585 4810 1719 4855 versum.
