<?xml version="1.0" encoding="UTF-8"?>
<!DOCTYPE html PUBLIC "-//W3C//DTD XHTML 1.0 Transitional//EN"
    "http://www.w3.org/TR/xhtml1/DTD/xhtml1-transitional.dtd">
<html xmlns="http://www.w3.org/1999/xhtml" xml:lang="en" lang="en">
 <head>
  <title>
</title>
<meta http-equiv="Content-Type" content="text/html;charset=utf-8" />
  <meta name='ocr-system' content='tesseract 3.04.00' />
  <meta name='ocr-capabilities' content='ocr_page ocr_carea ocr_par ocr_line ocrx_word'/>
</head>
<body>
  <div class='ocr_page' id='page_1' title='image "./mnemosyne07verdgoog_0394.png"; bbox 0 0 4525 5950; ppageno 0'>
   <div class='ocr_carea' id='block_1_1' title="bbox 649 693 1319 762">
    <p class='ocr_par' dir='ltr' id='par_1_1' title="bbox 649 693 1319 762">
     <span class='ocr_line' id='line_1_1' title="bbox 649 693 1319 762; baseline 0 -2"><span class='ocrx_word' id='word_1_1' title='bbox 649 693 715 761; x_wconf 79' lang='grc'><strong>374</strong></span> <span class='ocrx_word' id='word_1_2' title='bbox 1178 713 1319 762; x_wconf 72' lang='lat' dir='ltr'><strong>ruerus.</strong></span> 
     </span>
    </p>
   </div>
   <div class='ocr_carea' id='block_1_2' title="bbox 639 877 1840 4895">
    <p class='ocr_par' dir='ltr' id='par_1_2' title="bbox 645 877 1836 1178">
     <span class='ocr_line' id='line_1_2' title="bbox 646 877 1836 963; baseline 0.001 -21"><span class='ocrx_word' id='word_1_3' title='bbox 646 878 799 943; x_wconf 89' lang='lat' dir='ltr'><strong>hactenus</strong></span> <span class='ocrx_word' id='word_1_4' title='bbox 822 899 861 943; x_wconf 89' lang='lat' dir='ltr'><strong>ne</strong></span> <span class='ocrx_word' id='word_1_5' title='bbox 884 878 943 943; x_wconf 88' lang='lat' dir='ltr'><strong>hoe</strong></span> <span class='ocrx_word' id='word_1_6' title='bbox 967 877 1097 963; x_wconf 92' lang='lat' dir='ltr'><strong>quidem</strong></span> <span class='ocrx_word' id='word_1_7' title='bbox 1119 878 1158 943; x_wconf 89' lang='lat' dir='ltr'><strong>ab</strong></span> <span class='ocrx_word' id='word_1_8' title='bbox 1182 877 1249 943; x_wconf 92' lang='lat' dir='ltr'><strong>ullo</strong></span> <span class='ocrx_word' id='word_1_9' title='bbox 1272 877 1435 943; x_wconf 90' lang='lat' dir='ltr'><strong>doctorum</strong></span> <span class='ocrx_word' id='word_1_10' title='bbox 1462 880 1606 943; x_wconf 83' lang='lat' dir='ltr'><strong>virorum</strong></span> <span class='ocrx_word' id='word_1_11' title='bbox 1630 879 1836 944; x_wconf 88' lang='lat' dir='ltr'><strong>observatum</strong></span> 
     </span>
     <span class='ocr_line' id='line_1_3' title="bbox 645 983 1836 1070; baseline 0.001 -21"><span class='ocrx_word' id='word_1_12' title='bbox 645 983 782 1062; x_wconf 87' lang='lat' dir='ltr'><strong>videtur,</strong></span> <span class='ocrx_word' id='word_1_13' title='bbox 814 1005 911 1069; x_wconf 90' lang='lat' dir='ltr'><strong>quam</strong></span> <span class='ocrx_word' id='word_1_14' title='bbox 944 983 1022 1049; x_wconf 87' lang='lat' dir='ltr'><strong>dura</strong></span> <span class='ocrx_word' id='word_1_15' title='bbox 1053 1005 1212 1070; x_wconf 90' lang='lat' dir='ltr'><strong>quamque</strong></span> <span class='ocrx_word' id='word_1_16' title='bbox 1241 987 1349 1069; x_wconf 91' lang='lat' dir='ltr'><strong>inepta</strong></span> <span class='ocrx_word' id='word_1_17' title='bbox 1380 991 1463 1049; x_wconf 90' lang='lat' dir='ltr'><strong>esset</strong></span> <span class='ocrx_word' id='word_1_18' title='bbox 1492 987 1643 1070; x_wconf 79' lang='lat' dir='ltr'>repetitio</span> <span class='ocrx_word' id='word_1_19' title='bbox 1673 987 1710 1049; x_wconf 90' lang='lat' dir='ltr'><strong>in</strong></span> <span class='ocrx_word' id='word_1_20' title='bbox 1734 985 1836 1051; x_wconf 89' lang='lat' dir='ltr'><strong>hisce:</strong></span> 
     </span>
     <span class='ocr_line' id='line_1_4' title="bbox 648 1090 1651 1178; baseline -0.001 -23"><span class='ocrx_word' id='word_1_21' title='bbox 648 1090 776 1169; x_wconf 90' lang='lat' dir='ltr'><strong>„studia</strong></span> <span class='ocrx_word' id='word_1_22' title='bbox 798 1090 927 1154; x_wconf 79' lang='lat' dir='ltr'><strong>militam</strong></span> <span class='ocrx_word' id='word_1_23' title='bbox 1028 1094 1288 1156; x_wconf 86' lang='lat' dir='ltr'><strong>vetustissimum</strong></span> <span class='ocrx_word' id='word_1_24' title='bbox 1310 1111 1468 1178; x_wconf 91' lang='lat' dir='ltr'><strong>quemque</strong></span> <span class='ocrx_word' id='word_1_25' title='bbox 1491 1090 1651 1156; x_wconf 76' lang='lat' dir='ltr'><strong>militum.”</strong></span> 
     </span>
    </p>

    <p class='ocr_par' dir='ltr' id='par_1_3' title="bbox 643 1196 1840 1710">
     <span class='ocr_line' id='line_1_5' title="bbox 691 1196 1838 1283; baseline 0.001 -22"><span class='ocrx_word' id='word_1_26' title='bbox 691 1196 733 1262; x_wconf 89' lang='lat' dir='ltr'><strong>H.</strong></span> <span class='ocrx_word' id='word_1_27' title='bbox 764 1197 790 1274; x_wconf 86' lang='lat'><strong>1,</strong></span> <span class='ocrx_word' id='word_1_28' title='bbox 821 1196 874 1262; x_wconf 83' lang='lat'><strong>52.</strong></span> <span class='ocrx_word' id='word_1_29' title='bbox 912 1196 998 1274; x_wconf 82' lang='lat' dir='ltr'><strong>„Sub</strong></span> <span class='ocrx_word' id='word_1_30' title='bbox 1033 1200 1118 1282; x_wconf 91' lang='lat' dir='ltr'><strong>ipsas</strong></span> <span class='ocrx_word' id='word_1_31' title='bbox 1149 1201 1320 1283; x_wconf 90' lang='lat' dir='ltr'><strong>superioris</strong></span> <span class='ocrx_word' id='word_1_32' title='bbox 1351 1200 1426 1262; x_wconf 90' lang='lat' dir='ltr'><strong>anni</strong></span> <span class='ocrx_word' id='word_1_33' title='bbox 1460 1196 1612 1262; x_wconf 77' lang='lat' dir='ltr'>kalendas</span> <span class='ocrx_word' id='word_1_34' title='bbox 1645 1196 1838 1263; x_wconf 78' lang='lat' dir='ltr'><strong>Decembres</strong></span> 
     </span>
     <span class='ocr_line' id='line_1_6' title="bbox 644 1302 1839 1391; baseline 0 -23"><span class='ocrx_word' id='word_1_35' title='bbox 644 1303 748 1369; x_wconf 83' lang='lat' dir='ltr'><strong>Aulus</strong></span> <span class='ocrx_word' id='word_1_36' title='bbox 778 1302 931 1369; x_wconf 80' lang='lat' dir='ltr'><strong>Vitellius</strong></span> <span class='ocrx_word' id='word_1_37' title='bbox 961 1305 1146 1370; x_wconf 80' lang='lat' dir='ltr'><strong>inferiorem</strong></span> <span class='ocrx_word' id='word_1_38' title='bbox 1178 1302 1385 1371; x_wconf 81' lang='lat' dir='ltr'><strong>Germaniam</strong></span> <span class='ocrx_word' id='word_1_39' title='bbox 1415 1307 1597 1391; x_wconf 91' lang='lat' dir='ltr'><strong>ingressus,</strong></span> <span class='ocrx_word' id='word_1_40' title='bbox 1630 1304 1764 1389; x_wconf 89' lang='lat' dir='ltr'><strong>hiberna</strong></span> <span class='ocrx_word' id='word_1_41' title='bbox 1798 1304 1839 1369; x_wconf 84' lang='lat' dir='ltr'><strong>le</strong></span> 
     </span>
     <span class='ocr_line' id='line_1_7' title="bbox 643 1409 1840 1497; baseline -0.001 -22"><span class='ocrx_word' id='word_1_42' title='bbox 643 1413 778 1497; x_wconf 82' lang='lat' dir='ltr'><strong>gioumn</strong></span> <span class='ocrx_word' id='word_1_43' title='bbox 809 1432 884 1476; x_wconf 91' lang='lat' dir='ltr'><strong>cum</strong></span> <span class='ocrx_word' id='word_1_44' title='bbox 915 1431 990 1475; x_wconf 87' lang='lat' dir='ltr'><strong>cura</strong></span> <span class='ocrx_word' id='word_1_45' title='bbox 1019 1411 1150 1476; x_wconf 86' lang='lat' dir='ltr'><strong>adierat.</strong></span> <span class='ocrx_word' id='word_1_46' title='bbox 1182 1410 1311 1476; x_wconf 86' lang='lat' dir='ltr'><strong>Redditi</strong></span> <span class='ocrx_word' id='word_1_47' title='bbox 1343 1410 1503 1496; x_wconf 90' lang='lat' dir='ltr'><strong>plerisque</strong></span> <span class='ocrx_word' id='word_1_48' title='bbox 1535 1409 1679 1488; x_wconf 91' lang='lat' dir='ltr'><strong>ordines,</strong></span> <span class='ocrx_word' id='word_1_49' title='bbox 1705 1413 1840 1476; x_wconf 80' lang='lat' dir='ltr'><strong>remisse</strong></span> 
     </span>
     <span class='ocr_line' id='line_1_8' title="bbox 643 1516 1838 1604; baseline 0.001 -22"><span class='ocrx_word' id='word_1_50' title='bbox 643 1519 838 1604; x_wconf 86' lang='lat' dir='ltr'><strong>ignominia,</strong></span> <span class='ocrx_word' id='word_1_51' title='bbox 866 1516 1030 1582; x_wconf 84' lang='lat' dir='ltr'><strong>adlevatae</strong></span> <span class='ocrx_word' id='word_1_52' title='bbox 1052 1524 1162 1595; x_wconf 90' lang='lat' dir='ltr'><strong>notae,</strong></span> <span class='ocrx_word' id='word_1_53' title='bbox 1187 1517 1281 1602; x_wconf 90' lang='lat' dir='ltr'><strong>plura</strong></span> <span class='ocrx_word' id='word_1_54' title='bbox 1304 1518 1495 1594; x_wconf 81' lang='lat' dir='ltr'><strong>ambitione,</strong></span> <span class='ocrx_word' id='word_1_55' title='bbox 1520 1517 1675 1602; x_wconf 90' lang='lat' dir='ltr'><strong>quaedam</strong></span> <span class='ocrx_word' id='word_1_56' title='bbox 1699 1517 1838 1593; x_wconf 91' lang='lat' dir='ltr'><strong>iudicio,</strong></span> 
     </span>
     <span class='ocr_line' id='line_1_9' title="bbox 643 1622 1838 1710; baseline 0 -23"><span class='ocrx_word' id='word_1_57' title='bbox 643 1626 677 1687; x_wconf 91' lang='lat' dir='ltr'><strong>iu</strong></span> <span class='ocrx_word' id='word_1_58' title='bbox 696 1624 812 1709; x_wconf 93' lang='lat' dir='ltr'><strong>quibus</strong></span> <span class='ocrx_word' id='word_1_59' title='bbox 831 1623 938 1688; x_wconf 91' lang='lat' dir='ltr'><strong>sordes</strong></span> <span class='ocrx_word' id='word_1_60' title='bbox 956 1630 988 1688; x_wconf 90' lang='lat' dir='ltr'><strong>et</strong></span> <span class='ocrx_word' id='word_1_61' title='bbox 1000 1626 1172 1688; x_wconf 86' lang='lat' dir='ltr'><strong>avaritiam</strong></span> <span class='ocrx_word' id='word_1_62' title='bbox 1183 1622 1296 1688; x_wconf 82' lang='lat' dir='ltr'><strong>Fontei</strong></span> <span class='ocrx_word' id='word_1_63' title='bbox 1308 1622 1473 1709; x_wconf 78' lang='lat' dir='ltr'><strong>Capitonis</strong></span> <span class='ocrx_word' id='word_1_64' title='bbox 1484 1626 1609 1710; x_wconf 80' lang='lat' dir='ltr'><strong>integre</strong></span> <span class='ocrx_word' id='word_1_65' title='bbox 1621 1623 1838 1688; x_wconf 79' lang='lat' dir='ltr'><strong>mutaverat.’&#39;</strong></span> 
     </span>
    </p>

    <p class='ocr_par' dir='ltr' id='par_1_4' title="bbox 642 1727 1838 2133">
     <span class='ocr_line' id='line_1_10' title="bbox 689 1727 1838 1816; baseline -0.001 -21"><span class='ocrx_word' id='word_1_66' title='bbox 689 1728 741 1796; x_wconf 80' lang='lat' dir='ltr'><strong>Sic</strong></span> <span class='ocrx_word' id='word_1_67' title='bbox 764 1727 895 1794; x_wconf 77' lang='lat' dir='ltr'><strong>Tacitus</strong></span> <span class='ocrx_word' id='word_1_68' title='bbox 920 1732 1063 1816; x_wconf 88' lang='lat' dir='ltr'><strong>scripsit;</strong></span> <span class='ocrx_word' id='word_1_69' title='bbox 1084 1751 1160 1795; x_wconf 89' lang='lat' dir='ltr'><strong>nam</strong></span> <span class='ocrx_word' id='word_1_70' title='bbox 1181 1751 1261 1816; x_wconf 89' lang='lat' dir='ltr'><strong>quae</strong></span> <span class='ocrx_word' id='word_1_71' title='bbox 1280 1736 1353 1815; x_wconf 91' lang='lat' dir='ltr'><strong>post</strong></span> <span class='ocrx_word' id='word_1_72' title='bbox 1374 1730 1479 1793; x_wconf 78' lang='lat' dir='ltr'><strong>Fontei</strong></span> <span class='ocrx_word' id='word_1_73' title='bbox 1504 1729 1659 1812; x_wconf 76' lang='lat' dir='ltr'><strong>Capitonis</strong></span> <span class='ocrx_word' id='word_1_74' title='bbox 1677 1732 1711 1793; x_wconf 91' lang='lat' dir='ltr'><strong>in</strong></span> <span class='ocrx_word' id='word_1_75' title='bbox 1731 1729 1838 1794; x_wconf 91' lang='lat' dir='ltr'><strong>codice</strong></span> 
     </span>
     <span class='ocr_line' id='line_1_11' title="bbox 642 1832 1838 1922; baseline 0.001 -24"><span class='ocrx_word' id='word_1_76' title='bbox 642 1832 813 1920; x_wconf 90' lang='lat' dir='ltr'><strong>leguntur:</strong></span> <span class='ocrx_word' id='word_1_77' title='bbox 835 1834 1032 1911; x_wconf 80' lang='lat' dir='ltr'><strong>„adimendis</strong></span> <span class='ocrx_word' id='word_1_78' title='bbox 1052 1834 1295 1922; x_wconf 79' lang='lat' dir='ltr'><strong>assignandisve</strong></span> <span class='ocrx_word' id='word_1_79' title='bbox 1307 1832 1445 1902; x_wconf 89' lang='lat' dir='ltr'><strong>militiae</strong></span> <span class='ocrx_word' id='word_1_80' title='bbox 1458 1835 1662 1912; x_wconf 90' lang='lat' dir='ltr'><strong>ordinibus,’&#39;</strong></span> <span class='ocrx_word' id='word_1_81' title='bbox 1676 1855 1714 1899; x_wconf 89' lang='lat' dir='ltr'><strong>ea</strong></span> <span class='ocrx_word' id='word_1_82' title='bbox 1726 1833 1838 1910; x_wconf 91' lang='lat' dir='ltr'><strong>sciolo,</strong></span> 
     </span>
     <span class='ocr_line' id='line_1_12' title="bbox 643 1939 1837 2028; baseline -0.001 -22"><span class='ocrx_word' id='word_1_83' title='bbox 643 1943 698 2026; x_wconf 89' lang='lat' dir='ltr'><strong>qui</strong></span> <span class='ocrx_word' id='word_1_84' title='bbox 723 1943 846 2028; x_wconf 88' lang='lat' dir='ltr'><strong>primus</strong></span> <span class='ocrx_word' id='word_1_85' title='bbox 870 1941 1054 2026; x_wconf 79' lang='lat' dir='ltr'><strong>adscripsit,</strong></span> <span class='ocrx_word' id='word_1_86' title='bbox 1087 1962 1153 2006; x_wconf 90' lang='lat' dir='ltr'><strong>esse</strong></span> <span class='ocrx_word' id='word_1_87' title='bbox 1176 1941 1351 2018; x_wconf 89' lang='lat' dir='ltr'><strong>reddenda,</strong></span> <span class='ocrx_word' id='word_1_88' title='bbox 1377 1962 1434 2026; x_wconf 89' lang='lat' dir='ltr'><strong>pro</strong></span> <span class='ocrx_word' id='word_1_89' title='bbox 1458 1963 1515 2007; x_wconf 92' lang='lat' dir='ltr'><strong>suo</strong></span> <span class='ocrx_word' id='word_1_90' title='bbox 1539 1943 1687 2006; x_wconf 89' lang='lat' dir='ltr'><strong>acumine</strong></span> <span class='ocrx_word' id='word_1_91' title='bbox 1711 1939 1837 2006; x_wconf 91' lang='lat' dir='ltr'><strong>dudum</strong></span> 
     </span>
     <span class='ocr_line' id='line_1_13' title="bbox 643 2046 1786 2133; baseline -0.002 -21"><span class='ocrx_word' id='word_1_92' title='bbox 643 2047 855 2132; x_wconf 89' lang='lat' dir='ltr'><strong>Nipperdeius</strong></span> <span class='ocrx_word' id='word_1_93' title='bbox 878 2050 1049 2132; x_wconf 85' lang='lat' dir='ltr'><strong>perspexit.</strong></span> <span class='ocrx_word' id='word_1_94' title='bbox 1075 2046 1134 2112; x_wconf 86' lang='lat' dir='ltr'><strong>Vel</strong></span> <span class='ocrx_word' id='word_1_95' title='bbox 1156 2069 1219 2113; x_wconf 89' lang='lat' dir='ltr'><strong>una</strong></span> <span class='ocrx_word' id='word_1_96' title='bbox 1243 2069 1304 2113; x_wconf 86' lang='lat' dir='ltr'><strong>vox</strong></span> <span class='ocrx_word' id='word_1_97' title='bbox 1329 2048 1460 2111; x_wconf 80' lang='lat' dir='ltr'><strong>militiae</strong></span> <span class='ocrx_word' id='word_1_98' title='bbox 1482 2054 1644 2112; x_wconf 86' lang='lat' dir='ltr'><strong>auctorem</strong></span> <span class='ocrx_word' id='word_1_99' title='bbox 1667 2046 1786 2133; x_wconf 88' lang='lat' dir='ltr'><strong>prodit.</strong></span> 
     </span>
    </p>

    <p class='ocr_par' dir='ltr' id='par_1_5' title="bbox 642 2150 1838 2451">
     <span class='ocr_line' id='line_1_14' title="bbox 688 2150 1838 2238; baseline 0 -21"><span class='ocrx_word' id='word_1_100' title='bbox 688 2151 730 2217; x_wconf 89' lang='lat' dir='ltr'><strong>H.</strong></span> <span class='ocrx_word' id='word_1_101' title='bbox 750 2152 774 2230; x_wconf 93' lang='lat' dir='ltr'><strong>I,</strong></span> <span class='ocrx_word' id='word_1_102' title='bbox 788 2151 842 2218; x_wconf 89' lang='grc'><strong>86.</strong></span> <span class='ocrx_word' id='word_1_103' title='bbox 863 2153 1039 2237; x_wconf 89' lang='lat' dir='ltr'><strong>Postquam</strong></span> <span class='ocrx_word' id='word_1_104' title='bbox 1051 2152 1169 2237; x_wconf 89' lang='lat' dir='ltr'><strong>perfido</strong></span> <span class='ocrx_word' id='word_1_105' title='bbox 1181 2152 1314 2219; x_wconf 89' lang='lat' dir='ltr'><strong>consilio</strong></span> <span class='ocrx_word' id='word_1_106' title='bbox 1326 2156 1501 2238; x_wconf 91' lang='lat' dir='ltr'><strong>imperium</strong></span> <span class='ocrx_word' id='word_1_107' title='bbox 1514 2150 1636 2219; x_wconf 84' lang='lat' dir='ltr'><strong>Galbae</strong></span> <span class='ocrx_word' id='word_1_108' title='bbox 1647 2151 1838 2237; x_wconf 88' lang='lat' dir='ltr'><strong>ademptum</strong></span> 
     </span>
     <span class='ocr_line' id='line_1_15' title="bbox 642 2257 1838 2344; baseline -0.001 -20"><span class='ocrx_word' id='word_1_109' title='bbox 642 2262 676 2324; x_wconf 94' lang='lat' dir='ltr'><strong>in</strong></span> <span class='ocrx_word' id='word_1_110' title='bbox 705 2280 737 2324; x_wconf 89' lang='lat' dir='ltr'><strong>se</strong></span> <span class='ocrx_word' id='word_1_111' title='bbox 769 2258 977 2324; x_wconf 87' lang='lat' dir='ltr'><strong>transtulerat</strong></span> <span class='ocrx_word' id='word_1_112' title='bbox 1005 2257 1100 2335; x_wconf 89' lang='lat' dir='ltr'><strong>Otho,</strong></span> <span class='ocrx_word' id='word_1_113' title='bbox 1125 2258 1265 2325; x_wconf 92' lang='lat' dir='ltr'><strong>nondum</strong></span> <span class='ocrx_word' id='word_1_114' title='bbox 1290 2267 1398 2324; x_wconf 90' lang='lat' dir='ltr'><strong>tamen</strong></span> <span class='ocrx_word' id='word_1_115' title='bbox 1422 2262 1512 2344; x_wconf 84' lang='lat' dir='ltr'><strong>quies</strong></span> <span class='ocrx_word' id='word_1_116' title='bbox 1536 2258 1689 2336; x_wconf 86' lang='lat' dir='ltr'><strong>redierat,</strong></span> <span class='ocrx_word' id='word_1_117' title='bbox 1714 2262 1838 2344; x_wconf 87' lang='lat' dir='ltr'><strong>ignaris</strong></span> 
     </span>
     <span class='ocr_line' id='line_1_16' title="bbox 642 2364 1732 2451; baseline -0.001 -22"><span class='ocrx_word' id='word_1_118' title='bbox 642 2366 816 2448; x_wconf 89' lang='lat' dir='ltr'><strong>etiamtum</strong></span> <span class='ocrx_word' id='word_1_119' title='bbox 839 2364 963 2429; x_wconf 89' lang='lat' dir='ltr'><strong>civibus</strong></span> <span class='ocrx_word' id='word_1_120' title='bbox 986 2367 1052 2429; x_wconf 87' lang='lat' dir='ltr'><strong>iam</strong></span> <span class='ocrx_word' id='word_1_121' title='bbox 1076 2364 1115 2430; x_wconf 89' lang='lat' dir='ltr'><strong>ad</strong></span> <span class='ocrx_word' id='word_1_122' title='bbox 1138 2372 1262 2430; x_wconf 90' lang='lat' dir='ltr'><strong>certum</strong></span> <span class='ocrx_word' id='word_1_123' title='bbox 1285 2368 1409 2430; x_wconf 81' lang='lat' dir='ltr'><strong>exitum</strong></span> <span class='ocrx_word' id='word_1_124' title='bbox 1433 2365 1620 2451; x_wconf 89' lang='lat' dir='ltr'><strong>perductam</strong></span> <span class='ocrx_word' id='word_1_125' title='bbox 1644 2385 1732 2428; x_wconf 90' lang='lat' dir='ltr'><strong>rem:</strong></span> 
     </span>
    </p>

    <p class='ocr_par' dir='ltr' id='par_1_6' title="bbox 639 2470 1838 3410">
     <span class='ocr_line' id='line_1_17' title="bbox 691 2470 1836 2550; baseline -0.003 -12"><span class='ocrx_word' id='word_1_126' title='bbox 691 2470 828 2550; x_wconf 86' lang='lat' dir='ltr'><strong>„Ooacto</strong></span> <span class='ocrx_word' id='word_1_127' title='bbox 853 2493 928 2537; x_wconf 86' lang='lat' dir='ltr'><strong>vero</strong></span> <span class='ocrx_word' id='word_1_128' title='bbox 952 2474 1127 2537; x_wconf 88' lang='lat' dir='ltr'><strong>incuriam</strong></span> <span class='ocrx_word' id='word_1_129' title='bbox 1149 2480 1260 2537; x_wconf 87' lang='lat' dir='ltr'><strong>senatu</strong></span> <span class='ocrx_word' id='word_1_130' title='bbox 1280 2471 1397 2537; x_wconf 92' lang='lat' dir='ltr'><strong>arduus</strong></span> <span class='ocrx_word' id='word_1_131' title='bbox 1416 2492 1524 2536; x_wconf 89' lang='lat' dir='ltr'><strong>rerum</strong></span> <span class='ocrx_word' id='word_1_132' title='bbox 1545 2473 1691 2536; x_wconf 91' lang='lat' dir='ltr'><strong>omnium</strong></span> <span class='ocrx_word' id='word_1_133' title='bbox 1710 2470 1836 2547; x_wconf 91' lang='lat' dir='ltr'><strong>modus,</strong></span> 
     </span>
     <span class='ocr_line' id='line_1_18' title="bbox 644 2575 1837 2665; baseline -0.002 -23"><span class='ocrx_word' id='word_1_134' title='bbox 644 2600 683 2644; x_wconf 92' lang='lat' dir='ltr'><strong>ne</strong></span> <span class='ocrx_word' id='word_1_135' title='bbox 706 2586 877 2644; x_wconf 81' lang='lat' dir='ltr'><strong>contumax</strong></span> <span class='ocrx_word' id='word_1_136' title='bbox 901 2576 1084 2655; x_wconf 89' lang='lat' dir='ltr'><strong>silentium,</strong></span> <span class='ocrx_word' id='word_1_137' title='bbox 1109 2600 1149 2644; x_wconf 88' lang='lat' dir='ltr'><strong>ne</strong></span> <span class='ocrx_word' id='word_1_138' title='bbox 1172 2587 1318 2665; x_wconf 87' lang='lat' dir='ltr'><strong>suspecta</strong></span> <span class='ocrx_word' id='word_1_139' title='bbox 1339 2577 1486 2655; x_wconf 88' lang='lat' dir='ltr'><strong>libertas;</strong></span> <span class='ocrx_word' id='word_1_140' title='bbox 1511 2583 1544 2642; x_wconf 92' lang='lat' dir='ltr'><strong>et</strong></span> <span class='ocrx_word' id='word_1_141' title='bbox 1567 2579 1694 2663; x_wconf 87' lang='lat' dir='ltr'><strong>privato</strong></span> <span class='ocrx_word' id='word_1_142' title='bbox 1714 2575 1837 2642; x_wconf 92' lang='lat' dir='ltr'><strong>Othoni</strong></span> 
     </span>
     <span class='ocr_line' id='line_1_19' title="bbox 642 2683 1836 2770; baseline -0.002 -21"><span class='ocrx_word' id='word_1_143' title='bbox 642 2704 744 2770; x_wconf 89' lang='lat' dir='ltr'><strong>nuper</strong></span> <span class='ocrx_word' id='word_1_144' title='bbox 774 2692 848 2750; x_wconf 88' lang='lat' dir='ltr'><strong>nota</strong></span> <span class='ocrx_word' id='word_1_145' title='bbox 871 2683 1043 2749; x_wconf 88' lang='lat' dir='ltr'><strong>adulatio.’&#39;</strong></span> <span class='ocrx_word' id='word_1_146' title='bbox 1075 2683 1177 2750; x_wconf 85' lang='lat' dir='ltr'><strong>Verus</strong></span> <span class='ocrx_word' id='word_1_147' title='bbox 1199 2685 1251 2749; x_wconf 90' lang='lat' dir='ltr'><strong>hic</strong></span> <span class='ocrx_word' id='word_1_148' title='bbox 1275 2683 1404 2750; x_wconf 76' lang='lat' dir='ltr'><strong>Tacitus</strong></span> <span class='ocrx_word' id='word_1_149' title='bbox 1427 2686 1622 2770; x_wconf 83' lang='lat' dir='ltr'><strong>agnoscitur,</strong></span> <span class='ocrx_word' id='word_1_150' title='bbox 1646 2685 1836 2768; x_wconf 86' lang='lat' dir='ltr'><strong>praesertim</strong></span> 
     </span>
     <span class='ocr_line' id='line_1_20' title="bbox 642 2787 1838 2875; baseline -0.003 -20"><span class='ocrx_word' id='word_1_151' title='bbox 642 2793 676 2855; x_wconf 92' lang='lat' dir='ltr'><strong>in</strong></span> <span class='ocrx_word' id='word_1_152' title='bbox 707 2789 832 2855; x_wconf 88' lang='lat' dir='ltr'><strong>ultimis</strong></span> <span class='ocrx_word' id='word_1_153' title='bbox 864 2796 892 2852; x_wconf 82' lang='lat' dir='ltr'><strong>et</strong></span> <span class='ocrx_word' id='word_1_154' title='bbox 922 2789 1041 2871; x_wconf 82' lang='lat' dir='ltr'><strong>privato</strong></span> <span class='ocrx_word' id='word_1_155' title='bbox 1068 2790 1178 2854; x_wconf 77' lang='lat' dir='ltr'><strong>Otiosi</strong></span> <span class='ocrx_word' id='word_1_156' title='bbox 1201 2813 1297 2872; x_wconf 77' lang='lat' dir='ltr'><strong>super</strong></span> <span class='ocrx_word' id='word_1_157' title='bbox 1320 2797 1390 2854; x_wconf 78' lang='lat' dir='ltr'><strong>nota</strong></span> <span class='ocrx_word' id='word_1_158' title='bbox 1413 2789 1569 2866; x_wconf 67' lang='lat' dir='ltr'><strong>adulmio,</strong></span> <span class='ocrx_word' id='word_1_159' title='bbox 1593 2787 1676 2874; x_wconf 92' lang='lat' dir='ltr'><strong>quod</strong></span> <span class='ocrx_word' id='word_1_160' title='bbox 1702 2790 1838 2875; x_wconf 87' lang='lat' dir='ltr'><strong>egregia</strong></span> 
     </span>
     <span class='ocr_line' id='line_1_21' title="bbox 641 2895 1837 2983; baseline 0 -23"><span class='ocrx_word' id='word_1_161' title='bbox 641 2896 798 2961; x_wconf 83' lang='lat' dir='ltr'><strong>brevitate</strong></span> <span class='ocrx_word' id='word_1_162' title='bbox 823 2895 900 2961; x_wconf 90' lang='lat' dir='ltr'><strong>haec</strong></span> <span class='ocrx_word' id='word_1_163' title='bbox 918 2895 1094 2983; x_wconf 91' lang='lat' dir='ltr'><strong>significat:</strong></span> <span class='ocrx_word' id='word_1_164' title='bbox 1118 2895 1243 2974; x_wconf 94' lang='lat' dir='ltr'><strong>„Otho,</strong></span> <span class='ocrx_word' id='word_1_165' title='bbox 1263 2899 1319 2983; x_wconf 93' lang='lat' dir='ltr'><strong>qui</strong></span> <span class='ocrx_word' id='word_1_166' title='bbox 1339 2899 1448 2982; x_wconf 87' lang='lat' dir='ltr'><strong>paucis</strong></span> <span class='ocrx_word' id='word_1_167' title='bbox 1465 2895 1577 2961; x_wconf 90' lang='lat' dir='ltr'><strong>diebus</strong></span> <span class='ocrx_word' id='word_1_168' title='bbox 1596 2900 1670 2960; x_wconf 91' lang='lat' dir='ltr'><strong>ante</strong></span> <span class='ocrx_word' id='word_1_169' title='bbox 1687 2898 1837 2981; x_wconf 84' lang='lat' dir='ltr'><strong>privatus</strong></span> 
     </span>
     <span class='ocr_line' id='line_1_22' title="bbox 642 3000 1837 3090; baseline 0.001 -22"><span class='ocrx_word' id='word_1_170' title='bbox 642 3004 761 3080; x_wconf 87' lang='lat' dir='ltr'><strong>fuerat,</strong></span> <span class='ocrx_word' id='word_1_171' title='bbox 788 3001 881 3068; x_wconf 90' lang='lat' dir='ltr'><strong>facile</strong></span> <span class='ocrx_word' id='word_1_172' title='bbox 904 3000 1120 3068; x_wconf 86' lang='lat' dir='ltr'><strong>adulationem</strong></span> <span class='ocrx_word' id='word_1_173' title='bbox 1143 3024 1162 3067; x_wconf 90' lang='lat' dir='ltr'><strong>a</strong></span> <span class='ocrx_word' id='word_1_174' title='bbox 1185 3006 1320 3069; x_wconf 82' lang='lat' dir='ltr'><strong>veritate</strong></span> <span class='ocrx_word' id='word_1_175' title='bbox 1344 3003 1529 3090; x_wconf 91' lang='lat' dir='ltr'><strong>dignoscere</strong></span> <span class='ocrx_word' id='word_1_176' title='bbox 1553 3011 1695 3088; x_wconf 80' lang='lat' dir='ltr'><strong>poterat3</strong></span> <span class='ocrx_word' id='word_1_177' title='bbox 1721 3009 1837 3088; x_wconf 87' lang='lat' dir='ltr'><strong>utpote</strong></span> 
     </span>
     <span class='ocr_line' id='line_1_23' title="bbox 641 3107 1838 3196; baseline 0.001 -23"><span class='ocrx_word' id='word_1_178' title='bbox 641 3112 697 3195; x_wconf 91' lang='lat' dir='ltr'><strong>qui</strong></span> <span class='ocrx_word' id='word_1_179' title='bbox 720 3129 812 3195; x_wconf 89' lang='lat' dir='ltr'><strong>saepe</strong></span> <span class='ocrx_word' id='word_1_180' title='bbox 835 3107 892 3173; x_wconf 91' lang='lat' dir='ltr'><strong>illa</strong></span> <span class='ocrx_word' id='word_1_181' title='bbox 916 3130 992 3174; x_wconf 90' lang='lat' dir='ltr'><strong>usus</strong></span> <span class='ocrx_word' id='word_1_182' title='bbox 1017 3115 1099 3174; x_wconf 90' lang='lat' dir='ltr'><strong>esset</strong></span> <span class='ocrx_word' id='word_1_183' title='bbox 1117 3110 1218 3196; x_wconf 90' lang='lat' dir='ltr'><strong>ipse.&#39;&#39;</strong></span> <span class='ocrx_word' id='word_1_184' title='bbox 1243 3108 1375 3175; x_wconf 89' lang='lat' dir='ltr'><strong>Ultrane</strong></span> <span class='ocrx_word' id='word_1_185' title='bbox 1395 3110 1535 3175; x_wconf 87' lang='lat' dir='ltr'><strong>feramus</strong></span> <span class='ocrx_word' id='word_1_186' title='bbox 1555 3129 1670 3174; x_wconf 85' lang='lat' dir='ltr'><strong>nervos</strong></span> <span class='ocrx_word' id='word_1_187' title='bbox 1689 3107 1838 3174; x_wconf 80' lang='lat' dir='ltr'><strong>&#39;Faciteos</strong></span> 
     </span>
     <span class='ocr_line' id='line_1_24' title="bbox 639 3213 1836 3303; baseline 0.001 -23"><span class='ocrx_word' id='word_1_188' title='bbox 639 3216 691 3280; x_wconf 91' lang='lat' dir='ltr'><strong>hio</strong></span> <span class='ocrx_word' id='word_1_189' title='bbox 722 3214 820 3279; x_wconf 92' lang='lat' dir='ltr'><strong>incidi</strong></span> <span class='ocrx_word' id='word_1_190' title='bbox 850 3213 968 3299; x_wconf 90' lang='lat' dir='ltr'><strong>puerili</strong></span> <span class='ocrx_word' id='word_1_191' title='bbox 1000 3215 1217 3281; x_wconf 89' lang='lat' dir='ltr'><strong>additamento</strong></span> <span class='ocrx_word' id='word_1_192' title='bbox 1249 3223 1337 3300; x_wconf 76' lang='lat' dir='ltr'><strong>atquc</strong></span> <span class='ocrx_word' id='word_1_193' title='bbox 1353 3217 1467 3303; x_wconf 7' lang='lat' dir='ltr'><strong>geues</strong></span> <span class='ocrx_word' id='word_1_194' title='bbox 1491 3215 1614 3292; x_wconf 80' lang='lat' dir='ltr'><strong>dicenti,</strong></span> <span class='ocrx_word' id='word_1_195' title='bbox 1639 3215 1725 3301; x_wconf 90' lang='lat' dir='ltr'><strong>quod</strong></span> <span class='ocrx_word' id='word_1_196' title='bbox 1749 3236 1836 3281; x_wconf 89' lang='lat' dir='ltr'><strong>nunc</strong></span> 
     </span>
     <span class='ocr_line' id='line_1_25' title="bbox 640 3320 1836 3410; baseline -0.001 -23"><span class='ocrx_word' id='word_1_197' title='bbox 640 3343 713 3387; x_wconf 88' lang='lat' dir='ltr'><strong>oum</strong></span> <span class='ocrx_word' id='word_1_198' title='bbox 747 3320 925 3406; x_wconf 89' lang='lat' dir='ltr'><strong>praeclarae</strong></span> <span class='ocrx_word' id='word_1_199' title='bbox 948 3326 1122 3387; x_wconf 87' lang='lat' dir='ltr'><strong>sententiae</strong></span> <span class='ocrx_word' id='word_1_200' title='bbox 1146 3325 1280 3387; x_wconf 86' lang='lat' dir='ltr'><strong>interitu</strong></span> <span class='ocrx_word' id='word_1_201' title='bbox 1302 3327 1375 3407; x_wconf 91' lang='lat' dir='ltr'><strong>post</strong></span> <span class='ocrx_word' id='word_1_202' title='bbox 1397 3345 1492 3404; x_wconf 82' lang='lat' dir='ltr'><strong>nuper</strong></span> <span class='ocrx_word' id='word_1_203' title='bbox 1514 3324 1547 3386; x_wconf 93' lang='lat' dir='ltr'><strong>in</strong></span> <span class='ocrx_word' id='word_1_204' title='bbox 1571 3329 1664 3387; x_wconf 87' lang='lat' dir='ltr'><strong>textu</strong></span> <span class='ocrx_word' id='word_1_205' title='bbox 1688 3320 1836 3410; x_wconf 83' lang='lat' dir='ltr'><strong>legitur?</strong></span> 
     </span>
    </p>

    <p class='ocr_par' dir='ltr' id='par_1_7' title="bbox 686 3425 1672 3513">
     <span class='ocr_line' id='line_1_26' title="bbox 686 3425 1672 3513; baseline -0.001 -21"><span class='ocrx_word' id='word_1_206' title='bbox 686 3428 728 3492; x_wconf 89' lang='lat' dir='ltr'><strong>H.</strong></span> <span class='ocrx_word' id='word_1_207' title='bbox 754 3425 779 3504; x_wconf 93' lang='lat' dir='ltr'><strong>I,</strong></span> <span class='ocrx_word' id='word_1_208' title='bbox 804 3426 858 3493; x_wconf 83' lang='lat'><strong>87.</strong></span> <span class='ocrx_word' id='word_1_209' title='bbox 883 3425 1019 3492; x_wconf 86' lang='lat' dir='ltr'><strong>Obviam</strong></span> <span class='ocrx_word' id='word_1_210' title='bbox 1044 3426 1175 3493; x_wconf 83' lang='lat' dir='ltr'><strong>Vitellio</strong></span> <span class='ocrx_word' id='word_1_211' title='bbox 1198 3450 1271 3493; x_wconf 93' lang='lat' dir='ltr'><strong>cum</strong></span> <span class='ocrx_word' id='word_1_212' title='bbox 1296 3425 1381 3493; x_wconf 92' lang='lat' dir='ltr'><strong>Otho</strong></span> <span class='ocrx_word' id='word_1_213' title='bbox 1406 3428 1672 3513; x_wconf 90' lang='lat' dir='ltr'><strong>proficisceretur:</strong></span> 
     </span>
    </p>

    <p class='ocr_par' dir='ltr' id='par_1_8' title="bbox 640 3532 1835 3707">
     <span class='ocr_line' id='line_1_27' title="bbox 687 3532 1835 3613; baseline -0.001 -14"><span class='ocrx_word' id='word_1_214' title='bbox 687 3556 818 3613; x_wconf 90' lang='lat' dir='ltr'><strong>„curam</strong></span> <span class='ocrx_word' id='word_1_215' title='bbox 850 3536 981 3599; x_wconf 86' lang='lat' dir='ltr'><strong>navium</strong></span> <span class='ocrx_word' id='word_1_216' title='bbox 1012 3533 1164 3600; x_wconf 89' lang='lat' dir='ltr'><strong>Moschus</strong></span> <span class='ocrx_word' id='word_1_217' title='bbox 1196 3534 1333 3600; x_wconf 88' lang='lat' dir='ltr'><strong>libertus</strong></span> <span class='ocrx_word' id='word_1_218' title='bbox 1356 3534 1515 3599; x_wconf 88' lang='lat' dir='ltr'><strong>retinebat</strong></span> <span class='ocrx_word' id='word_1_219' title='bbox 1538 3533 1577 3598; x_wconf 92' lang='lat' dir='ltr'><strong>ad</strong></span> <span class='ocrx_word' id='word_1_220' title='bbox 1601 3532 1835 3599; x_wconf 83' lang='lat' dir='ltr'><strong>observandam</strong></span> 
     </span>
     <span class='ocr_line' id='line_1_28' title="bbox 640 3641 1014 3707; baseline -0.003 0"><span class='ocrx_word' id='word_1_221' title='bbox 640 3643 860 3707; x_wconf 89' lang='lat' dir='ltr'><strong>honestiorum</strong></span> <span class='ocrx_word' id='word_1_222' title='bbox 884 3641 1014 3706; x_wconf 88' lang='lat' dir='ltr'><strong>fidem.”</strong></span> 
     </span>
    </p>

    <p class='ocr_par' dir='ltr' id='par_1_9' title="bbox 639 3747 1834 4685">
     <span class='ocr_line' id='line_1_29' title="bbox 685 3747 1834 3834; baseline -0.001 -21"><span class='ocrx_word' id='word_1_223' title='bbox 685 3747 769 3813; x_wconf 83' lang='lat' dir='ltr'><strong>Satis</strong></span> <span class='ocrx_word' id='word_1_224' title='bbox 800 3752 982 3833; x_wconf 89' lang='lat' dir='ltr'><strong>perspicua,</strong></span> <span class='ocrx_word' id='word_1_225' title='bbox 1013 3755 1052 3811; x_wconf 93' lang='lat' dir='ltr'><strong>ut</strong></span> <span class='ocrx_word' id='word_1_226' title='bbox 1082 3749 1203 3833; x_wconf 91' lang='lat' dir='ltr'><strong>opinor,</strong></span> <span class='ocrx_word' id='word_1_227' title='bbox 1236 3749 1328 3827; x_wconf 91' lang='lat' dir='ltr'><strong>haec;</strong></span> <span class='ocrx_word' id='word_1_228' title='bbox 1361 3748 1416 3814; x_wconf 91' lang='lat' dir='ltr'><strong>sed</strong></span> <span class='ocrx_word' id='word_1_229' title='bbox 1448 3768 1511 3833; x_wconf 92' lang='lat' dir='ltr'><strong>quo</strong></span> <span class='ocrx_word' id='word_1_230' title='bbox 1535 3750 1640 3834; x_wconf 84' lang='lat' dir='ltr'><strong>magis</strong></span> <span class='ocrx_word' id='word_1_231' title='bbox 1664 3754 1834 3833; x_wconf 88' lang='lat' dir='ltr'><strong>appareret</strong></span> 
     </span>
     <span class='ocr_line' id='line_1_30' title="bbox 639 3854 1834 3939; baseline -0.002 -20"><span class='ocrx_word' id='word_1_232' title='bbox 639 3855 715 3919; x_wconf 89' lang='lat' dir='ltr'><strong>huic</strong></span> <span class='ocrx_word' id='word_1_233' title='bbox 745 3854 819 3919; x_wconf 88' lang='lat' dir='ltr'><strong>duci</strong></span> <span class='ocrx_word' id='word_1_234' title='bbox 850 3875 911 3919; x_wconf 92' lang='lat' dir='ltr'><strong>nou</strong></span> <span class='ocrx_word' id='word_1_235' title='bbox 942 3854 1091 3918; x_wconf 88' lang='lat' dir='ltr'><strong>accidisse</strong></span> <span class='ocrx_word' id='word_1_236' title='bbox 1122 3855 1207 3939; x_wconf 92' lang='lat' dir='ltr'><strong>quod</strong></span> <span class='ocrx_word' id='word_1_237' title='bbox 1239 3856 1355 3920; x_wconf 87' lang='lat' dir='ltr'><strong>accidit</strong></span> <span class='ocrx_word' id='word_1_238' title='bbox 1386 3855 1524 3921; x_wconf 81' lang='lat' dir='ltr'><strong>Aemilio</strong></span> <span class='ocrx_word' id='word_1_239' title='bbox 1559 3854 1713 3930; x_wconf 89' lang='lat' dir='ltr'><strong>Pacensi,</strong></span> <span class='ocrx_word' id='word_1_240' title='bbox 1738 3857 1834 3918; x_wconf 89' lang='lat' dir='ltr'><strong>utin</strong></span> 
     </span>
     <span class='ocr_line' id='line_1_31' title="bbox 639 3959 1832 4046; baseline -0.001 -20"><span class='ocrx_word' id='word_1_241' title='bbox 639 3964 707 4027; x_wconf 91' lang='lat' dir='ltr'><strong>eius</strong></span> <span class='ocrx_word' id='word_1_242' title='bbox 730 3960 837 4026; x_wconf 88' lang='lat' dir='ltr'><strong>locum</strong></span> <span class='ocrx_word' id='word_1_243' title='bbox 861 3959 943 4024; x_wconf 88' lang='lat' dir='ltr'><strong>alius</strong></span> <span class='ocrx_word' id='word_1_244' title='bbox 967 3962 1065 4045; x_wconf 91' lang='lat' dir='ltr'><strong>copiis</strong></span> <span class='ocrx_word' id='word_1_245' title='bbox 1084 3960 1317 4046; x_wconf 85' lang='lat' dir='ltr'><strong>praeficeretur,</strong></span> <span class='ocrx_word' id='word_1_246' title='bbox 1337 3961 1467 4035; x_wconf 92' lang='lat' dir='ltr'><strong>deinde,</strong></span> <span class='ocrx_word' id='word_1_247' title='bbox 1488 3966 1612 4025; x_wconf 88' lang='lat' dir='ltr'><strong>mutato</strong></span> <span class='ocrx_word' id='word_1_248' title='bbox 1625 3963 1832 4045; x_wconf 87' lang='lat' dir='ltr'><strong>imperatore,</strong></span> 
     </span>
     <span class='ocr_line' id='line_1_32' title="bbox 639 4066 1834 4154; baseline -0.002 -22"><span class='ocrx_word' id='word_1_249' title='bbox 639 4070 671 4132; x_wconf 92' lang='lat' dir='ltr'><strong>in</strong></span> <span class='ocrx_word' id='word_1_250' title='bbox 696 4071 862 4154; x_wconf 90' lang='lat' dir='ltr'><strong>integrum</strong></span> <span class='ocrx_word' id='word_1_251' title='bbox 884 4070 1109 4132; x_wconf 86' lang='lat' dir='ltr'><strong>restitueretur</strong></span> <span class='ocrx_word' id='word_1_252' title='bbox 1132 4067 1184 4146; x_wconf 86' lang='lat' dir='ltr'><strong>(de</strong></span> <span class='ocrx_word' id='word_1_253' title='bbox 1207 4066 1264 4132; x_wconf 88' lang='lat' dir='ltr'><strong>illo</strong></span> <span class='ocrx_word' id='word_1_254' title='bbox 1287 4069 1373 4133; x_wconf 91' lang='lat' dir='ltr'><strong>enim</strong></span> <span class='ocrx_word' id='word_1_255' title='bbox 1396 4069 1429 4131; x_wconf 90' lang='lat' dir='ltr'><strong>iu</strong></span> <span class='ocrx_word' id='word_1_256' title='bbox 1452 4069 1597 4153; x_wconf 82' lang='lat' dir='ltr'><strong>proxime</strong></span> <span class='ocrx_word' id='word_1_257' title='bbox 1619 4067 1834 4151; x_wconf 88' lang='lat' dir='ltr'><strong>praecedenti-</strong></span> 
     </span>
     <span class='ocr_line' id='line_1_33' title="bbox 640 4169 1832 4259; baseline 0 -22"><span class='ocrx_word' id='word_1_258' title='bbox 640 4175 699 4238; x_wconf 92' lang='lat' dir='ltr'><strong>bus</strong></span> <span class='ocrx_word' id='word_1_259' title='bbox 730 4174 806 4238; x_wconf 86' lang='lat' dir='ltr'><strong>haec</strong></span> <span class='ocrx_word' id='word_1_260' title='bbox 838 4172 1009 4259; x_wconf 88' lang='lat' dir='ltr'><strong>leguntur:</strong></span> <span class='ocrx_word' id='word_1_261' title='bbox 1035 4172 1196 4250; x_wconf 84' lang='lat' dir='ltr'><strong>„Aemilio</strong></span> <span class='ocrx_word' id='word_1_262' title='bbox 1221 4173 1372 4249; x_wconf 89' lang='lat' dir='ltr'><strong>Pacensi,</strong></span> <span class='ocrx_word' id='word_1_263' title='bbox 1397 4176 1448 4238; x_wconf 92' lang='lat' dir='ltr'><strong>cui</strong></span> <span class='ocrx_word' id='word_1_264' title='bbox 1472 4173 1659 4257; x_wconf 87' lang='lat' dir='ltr'><strong>ademptum</strong></span> <span class='ocrx_word' id='word_1_265' title='bbox 1683 4193 1702 4237; x_wconf 92' lang='lat' dir='ltr'><strong>a</strong></span> <span class='ocrx_word' id='word_1_266' title='bbox 1726 4169 1832 4238; x_wconf 83' lang='lat' dir='ltr'><strong>Galba</strong></span> 
     </span>
     <span class='ocr_line' id='line_1_34' title="bbox 641 4276 1833 4365; baseline 0 -22"><span class='ocrx_word' id='word_1_267' title='bbox 641 4281 840 4345; x_wconf 88' lang='lat' dir='ltr'><strong>tribunatum</strong></span> <span class='ocrx_word' id='word_1_268' title='bbox 870 4278 1086 4356; x_wconf 87' lang='lat' dir='ltr'><strong>reddiderat&#39;&#39;)</strong></span> <span class='ocrx_word' id='word_1_269' title='bbox 1110 4281 1275 4345; x_wconf 87' lang='lat' dir='ltr'><strong>annotavit</strong></span> <span class='ocrx_word' id='word_1_270' title='bbox 1297 4278 1413 4365; x_wconf 90' lang='lat' dir='ltr'><strong>aliquis</strong></span> <span class='ocrx_word' id='word_1_271' title='bbox 1436 4280 1617 4355; x_wconf 79' lang='lat' dir='ltr'><strong>immutatus,</strong></span> <span class='ocrx_word' id='word_1_272' title='bbox 1643 4276 1728 4364; x_wconf 92' lang='lat' dir='ltr'><strong>quod</strong></span> <span class='ocrx_word' id='word_1_273' title='bbox 1752 4285 1833 4343; x_wconf 90' lang='lat' dir='ltr'><strong>tam-</strong></span> 
     </span>
     <span class='ocr_line' id='line_1_35' title="bbox 641 4385 1833 4474; baseline -0.001 -22"><span class='ocrx_word' id='word_1_274' title='bbox 641 4409 738 4474; x_wconf 89' lang='lat' dir='ltr'><strong>quam</strong></span> <span class='ocrx_word' id='word_1_275' title='bbox 768 4390 795 4452; x_wconf 92' lang='lat' dir='ltr'><strong>si</strong></span> <span class='ocrx_word' id='word_1_276' title='bbox 826 4388 924 4452; x_wconf 90' lang='lat' dir='ltr'><strong>bonae</strong></span> <span class='ocrx_word' id='word_1_277' title='bbox 954 4385 1036 4451; x_wconf 91' lang='lat' dir='ltr'><strong>illud</strong></span> <span class='ocrx_word' id='word_1_278' title='bbox 1060 4394 1143 4452; x_wconf 89' lang='lat' dir='ltr'><strong>esset</strong></span> <span class='ocrx_word' id='word_1_279' title='bbox 1167 4386 1368 4464; x_wconf 84' lang='lat' dir='ltr'><strong>Latinitatis,</strong></span> <span class='ocrx_word' id='word_1_280' title='bbox 1394 4387 1515 4451; x_wconf 90' lang='lat' dir='ltr'><strong>scribae</strong></span> <span class='ocrx_word' id='word_1_281' title='bbox 1536 4389 1569 4450; x_wconf 93' lang='lat' dir='ltr'><strong>iu</strong></span> <span class='ocrx_word' id='word_1_282' title='bbox 1594 4393 1723 4450; x_wconf 86' lang='lat' dir='ltr'><strong>textum</strong></span> <span class='ocrx_word' id='word_1_283' title='bbox 1746 4407 1833 4451; x_wconf 91' lang='lat' dir='ltr'><strong>rece·</strong></span> 
     </span>
     <span class='ocr_line' id='line_1_36' title="bbox 640 4492 1832 4579; baseline -0.001 -21"><span class='ocrx_word' id='word_1_284' title='bbox 640 4501 755 4579; x_wconf 84' lang='lat' dir='ltr'><strong>parunt</strong></span> <span class='ocrx_word' id='word_1_285' title='bbox 791 4500 875 4578; x_wconf 89' lang='lat' dir='ltr'><strong>(post</strong></span> <span class='ocrx_word' id='word_1_286' title='bbox 899 4494 1017 4576; x_wconf 80' lang='lat' dir='ltr'><strong>fidem).</strong></span> <span class='ocrx_word' id='word_1_287' title='bbox 1053 4492 1184 4558; x_wconf 78' lang='lat' dir='ltr'><strong>biremit</strong></span> <span class='ocrx_word' id='word_1_288' title='bbox 1219 4493 1382 4571; x_wconf 86' lang='lat' dir='ltr'><strong>Muretus;</strong></span> <span class='ocrx_word' id='word_1_289' title='bbox 1419 4501 1528 4557; x_wconf 87' lang='lat' dir='ltr'><strong>nostra</strong></span> <span class='ocrx_word' id='word_1_290' title='bbox 1558 4497 1663 4557; x_wconf 88' lang='lat' dir='ltr'><strong>aetate</strong></span> <span class='ocrx_word' id='word_1_291' title='bbox 1695 4492 1832 4558; x_wconf 84' lang='lat' dir='ltr'><strong>fortasse</strong></span> 
     </span>
     <span class='ocr_line' id='line_1_37' title="bbox 641 4599 1219 4685; baseline -0.005 -20"><span class='ocrx_word' id='word_1_292' title='bbox 641 4603 778 4665; x_wconf 82' lang='lat' dir='ltr'><strong>existent</strong></span> <span class='ocrx_word' id='word_1_293' title='bbox 800 4599 935 4664; x_wconf 88' lang='lat' dir='ltr'><strong>editores</strong></span> <span class='ocrx_word' id='word_1_294' title='bbox 960 4603 1015 4685; x_wconf 93' lang='lat' dir='ltr'><strong>qui</strong></span> <span class='ocrx_word' id='word_1_295' title='bbox 1038 4602 1219 4664; x_wconf 90' lang='lat' dir='ltr'><strong>restituant.</strong></span> 
     </span>
    </p>

    <p class='ocr_par' dir='ltr' id='par_1_10' title="bbox 641 4702 1833 4895">
     <span class='ocr_line' id='line_1_38' title="bbox 686 4702 1833 4791; baseline 0.001 -22"><span class='ocrx_word' id='word_1_296' title='bbox 686 4706 728 4769; x_wconf 88' lang='grc' dir='ltr'><strong>Η.</strong></span> <span class='ocrx_word' id='word_1_297' title='bbox 752 4705 793 4782; x_wconf 89' lang='lat' dir='ltr'><strong>II,</strong></span> <span class='ocrx_word' id='word_1_298' title='bbox 821 4705 848 4768; x_wconf 91' lang='lat' dir='ltr'><strong>l.</strong></span> <span class='ocrx_word' id='word_1_299' title='bbox 884 4703 968 4781; x_wconf 90' lang='lat' dir='ltr'><strong>„Ubi</strong></span> <span class='ocrx_word' id='word_1_300' title='bbox 992 4703 1138 4771; x_wconf 91' lang='lat' dir='ltr'><strong>Oorinthi</strong></span> <span class='ocrx_word' id='word_1_301' title='bbox 1162 4711 1264 4770; x_wconf 90' lang='lat' dir='ltr'><strong>certos</strong></span> <span class='ocrx_word' id='word_1_302' title='bbox 1288 4706 1417 4768; x_wconf 93' lang='lat' dir='ltr'><strong>nuutios</strong></span> <span class='ocrx_word' id='word_1_303' title='bbox 1442 4702 1682 4790; x_wconf 81' lang='lat' dir='ltr'><strong>(Vespasianus)</strong></span> <span class='ocrx_word' id='word_1_304' title='bbox 1707 4710 1833 4791; x_wconf 88' lang='lat' dir='ltr'><strong>aceepit</strong></span> 
     </span>
     <span class='ocr_line' id='line_1_39' title="bbox 641 4808 1133 4895; baseline -0.002 -19"><span class='ocrx_word' id='word_1_305' title='bbox 641 4812 678 4876; x_wconf 93' lang='lat' dir='ltr'><strong>de</strong></span> <span class='ocrx_word' id='word_1_306' title='bbox 702 4814 834 4875; x_wconf 89' lang='lat' dir='ltr'><strong>interitu</strong></span> <span class='ocrx_word' id='word_1_307' title='bbox 859 4808 978 4876; x_wconf 83' lang='lat' dir='ltr'><strong>Galbae</strong></span> <span class='ocrx_word' id='word_1_308' title='bbox 1001 4832 1028 4876; x_wconf 91' lang='lat' dir='ltr'><strong>e.</strong></span> <span class='ocrx_word' id='word_1_309' title='bbox 1043 4832 1072 4895; x_wconf 90' lang='lat' dir='ltr'><strong>q.</strong></span> <span class='ocrx_word' id='word_1_310' title='bbox 1086 4811 1133 4875; x_wconf 90' lang='lat' dir='ltr'><strong>s.’&#39;</strong></span> 
     </span>
    </p>
   </div>
   <div class='ocr_carea' id='block_1_3' title="bbox 0 0 2268 5943">
    <p class='ocr_par' dir='ltr' id='par_1_11' title="bbox 0 0 2268 5943">
     <span class='ocr_line' id='line_1_40' title="bbox 0 0 2268 5943; baseline 0 0"><span class='ocrx_word' id='word_1_311' title='bbox 0 0 2268 5943; x_wconf 95' lang='lat' dir='ltr'><strong> </strong></span> 
     </span>
    </p>
   </div>
  </div>
 </body>
</html>
