4525 5950
656 684 723 749 452
1129 702 1369 769 nruosrnnnns.

702 865 784 950 §24
815 834 846 951 p.
872 864 956 931 900:
991 864 1084 937 αὐτὸς
1117 866 1180 941 γὰρ
1211 866 1435 946 εἰσεπέπρακτο
1467 867 1520 931 ὑπ’
1544 869 1619 944 ἐμοῦ
1651 871 1764 951 [πρὸς
1789 870 1843 949 lx·

660 974 767 1056 dccv]
802 972 859 1044 τὰς
896 973 1005 1051 χιλίας
1041 971 1200 1053 δραχμάς.
1240 971 1393 1059 Imperite
1426 973 1480 1039 hic
1513 974 1750 1061 interpolatum
1785 976 1842 1040 fnit

656 1080 751 1158 πρὸς
776 1078 943 1159 ἔχθραν,
966 1099 1041 1144 nam
1063 1086 1224 1166 repugnat
1245 1081 1263 1165 ᾖ
1281 1079 1325 1145 28
1346 1101 1377 1167 p.
1402 1079 1479 1146 901.

1101 1231 1398 1313 (detineamur).

930 1845 972 1894 au
995 1844 1226 1893 nmsnornnms
1249 1846 1389 1904 nomnen
1413 1846 1461 1894 vs.
1486 1828 1562 1894 526.

696 2043 788 2124 Quod
820 2043 906 2129 apud
933 2047 1092 2108 nostrates
1113 2044 1147 2107 in
1170 2044 1337 2128 proverbio
1360 2049 1410 2108 est
1432 2043 1471 2110 de
1494 2045 1640 2129 homine,
1668 2050 1729 2131 qui
1752 2046 1843 2114 illum

649 2153 776 2237 ipsum,
806 2172 869 2236 quo
901 2150 1042 2227 vehitur,
1073 2171 1193 2234 equum
1224 2155 1372 2235 quaerat,
1396 2150 1430 2215 id
1451 2153 1483 2215 in
1507 2158 1574 2216 arte
1597 2154 1713 2219 critica
1736 2175 1843 2221 rarum

651 2257 780 2343 quidem
804 2262 869 2333 est,
898 2278 962 2321 non
985 2262 1093 2321 tamen
1115 2257 1309 2322 inauditum.
1334 2256 1405 2322 Uno
1428 2263 1512 2323 certe
1534 2256 1602 2324 loco
1626 2264 1758 2340 evenit,
1785 2283 1842 2348 quo

650 2364 761 2430 nullus
792 2366 899 2451 magis
930 2363 1097 2429 doctorum
1128 2367 1271 2430 exercuit
1295 2386 1439 2431 acumen.
1465 2365 1598 2444 Versus,
1623 2388 1726 2452 quem
1752 2369 1840 2447 vole,

650 2474 695 2538 sic
718 2470 874 2536 traditur:

740 2572 811 2641 εἶτα
835 2577 983 2654 Κρατίνου
1005 2575 1197 2653 μεμνημένος
1220 2573 1252 2646 ὃς
1276 2580 1378 2663 πολλῷ
1403 2578 1513 2658 ῥεύσας
1538 2581 1608 2643 τοτ’
1632 2580 1764 2661 ἐπαίνῳ.

647 2682 881 2748 Iucundissima
911 2702 961 2747 res
991 2688 1039 2747 est
1068 2682 1176 2748 ridere
1199 2684 1316 2768 quibus
1339 2684 1443 2750 modis
1466 2687 1569 2750 critici
1592 2684 1785 2752 desudarint
1807 2696 1839 2752 nt

649 2811 836 2876 perversum
866 2788 955 2853 istud
984 2788 1093 2868 ῥεύσας
1126 2791 1332 2878 corrigerent.
1364 2790 1474 2876 Neque
1497 2789 1625 2856 difficile
1647 2799 1700 2857 est
1725 2796 1837 2859 coniec-

648 2902 795 2961 turarum
832 2915 950 2979 augere
986 2915 1169 2960 numerum.
1210 2895 1401 2961 Emendatio
1443 2899 1530 2962 enim
1572 2897 1629 2962 ubi
1671 2901 1836 2985 quaeritur,

647 3004 750 3069 ἱλαδόν
781 3004 862 3067 ἐστιν
893 3001 1015 3068 ἑλέσθαι
1040 3004 1092 3077 τὴν
1117 3005 1288 3078 κακότητα.
1312 3004 1428 3070 Omnia
1452 3013 1562 3070 autem
1584 3006 1646 3070 ista
1670 3011 1835 3073 conamina

646 3111 895 3195 prudentissime
929 3111 1157 3195 verissimeque
1198 3111 1362 3198 redarguit
1403 3111 1628 3190 Leeuwenius,
1672 3115 1729 3180 sed
1765 3136 1834 3180 cum

646 3217 819 3283 scribebat:

694 3322 886 3402 „infeliciter
909 3344 1036 3401 omnes,
1055 3323 1225 3406 proesentis
1248 3327 1351 3409 enim,
1376 3347 1438 3391 non
1457 3327 1583 3403 coristi,
1605 3329 1650 3392 sic
1670 3326 1833 3416 flagitatur

647 3433 870 3517 participium,
891 3437 924 3495 et
943 3430 1063 3505 πλήθων
1081 3429 1205 3516 legitur
1223 3429 1302 3496 locis
1322 3434 1435 3517 epicis,
1456 3453 1534 3517 quos
1554 3440 1662 3498 noster
1682 3438 1716 3498 in
1730 3447 1831 3502 mente

645 3538 793 3602 habuisse
818 3536 965 3601 videtur'’

646 3666 710 3709 non
741 3646 840 3708 sensit
873 3645 924 3706 vir
948 3645 1154 3707 acutissimus
1178 3644 1326 3708 manibus
1349 3666 1382 3709 se
1405 3651 1512 3710 tenere
1534 3648 1641 3731 ipsum
1666 3646 1830 3734 illudque

646 3770 727 3836 opus
750 3754 841 3814 esset.
866 3748 1001 3834 Scripsit
1023 3751 1110 3814 enim
1134 3750 1381 3835 Aristophanes:

736 3851 805 3920 εἶτα
831 3858 977 3932 Κρατίνου
1001 3854 1194 3932 μεμνημένος
1218 3854 1248 3927 ὃς
1273 3859 1377 3936 πολλῷ
1402 3858 1522 3932 πλήθων
1547 3861 1616 3921 τοτ’
1642 3861 1767 3941 ἐπαίνῳ.

645 3964 690 4028 At
711 3962 861 4028 librarius
885 3983 1023 4027 errorem
1042 3965 1219 4040 cummisit,
1240 3983 1336 4048 quem
1356 3986 1394 4029 ne
1414 3963 1685 4051 diligentissimus
1705 3968 1827 4053 quidem

645 4067 741 4134 homo
773 4066 866 4134 facile
897 4070 1066 4148 vitaverit,
1097 4076 1135 4134 ut
1167 4072 1267 4133 trium
1296 4070 1528 4136 vocabulorum
1551 4092 1570 4136 a
1593 4070 1690 4137 litera
1714 4097 1738 4136 τ
1761 4076 1829 4138 inci·

645 4177 802 4261 pientium
834 4181 866 4240 et
896 4178 1046 4241 continua
1076 4178 1253 4261 positorum
1283 4180 1362 4242 serie
1394 4199 1495 4242 unum
1521 4181 1696 4245 omitteret.
1721 4181 1828 4246 Postea

644 4282 836 4348 semidoctus
869 4282 1000 4367 quidam
1029 4282 1176 4347 lacunam
1203 4281 1355 4368 implevit
1377 4286 1545 4369 participio
1568 4305 1684 4370 parum
1709 4289 1827 4362 Attico,

644 4395 728 4454 certe
762 4389 837 4454 hinc
871 4389 991 4466 alieno,
1027 4388 1082 4454 sed
1115 4388 1200 4474 quod
1234 4390 1318 4475 apud
1353 4392 1521 4476 scriptores
1554 4394 1718 4476 sequiores
1753 4403 1828 4458 essct

646 4497 896 4560 usitatissimum
918 4503 950 4559 et
973 4497 1111 4579 speciem
1135 4496 1292 4581 quandam
1317 4497 1446 4562 haberet
1469 4499 1625 4562 veritatis.

1499 4618 1529 4683 J.
1553 4619 1582 4684 J.
1608 4617 1786 4686 Hnununn.
