4525 5950
532 700 599 767 402
1056 716 1199 771 1111111.

531 885 565 946 11
588 886 689 946 totam
708 882 899 946 conveniant
917 883 1131 944 narrationem
1152 883 1257 965 quivis
1276 883 1442 965 perspicit,
1463 884 1519 966 qni
1532 881 1720 947 ultimorum

533 986 702 1072 Agricolae
725 988 869 1072 capitum
892 1007 1015 1051 memor
1038 993 1103 1061 est,
1127 1007 1144 1050 e
1169 986 1286 1071 quibus
1304 986 1382 1051 haee
1402 989 1613 1072 potissimum
1632 987 1721 1052 affero

532 1099 571 1173 (o.
598 1092 668 1175 43):
704 1091 876 1169 „Ceterum
901 1113 1108 1178 peromnem
1132 1091 1346 1158 valitudinem
1370 1096 1439 1159 eius
1462 1094 1606 1160 crebrius
1628 1115 1721 1180 quam

531 1221 571 1265 ex
595 1221 684 1264 more
706 1201 904 1284 principatus
927 1220 983 1284 per
1006 1201 1136 1262 nuntios
1160 1201 1293 1263 visentis
1313 1205 1346 1264 et
1364 1198 1552 1264 libertorum
1574 1203 1675 1285 primi
1692 1207 1721 1265 at

533 1306 729 1371 medicorum
760 1307 868 1369 intimi
891 1326 1023 1381 venere,
1048 1307 1116 1369 sive
1140 1325 1215 1369 cura
1235 1304 1318 1369 illud
1342 1308 1409 1371 sive
1430 1309 1601 1392 inquisitio
1625 1303 1721 1372 erat.'’

577 1412 619 1476 Η.
644 1410 702 1487 ΙΙΙ,
726 1412 779 1475 41.
804 1409 974 1475 Vitellium
997 1412 1064 1474 iam
1088 1410 1229 1496 prodidit
1252 1411 1369 1477 Bassus
1392 1411 1501 1477 classis
1525 1413 1719 1499 praefectus,

532 1521 597 1584 iam
621 1518 660 1582 ab
683 1538 719 1582 eo
742 1516 857 1581 defecit
880 1515 1015 1583 Caecina
1021 1537 1029 1595 ;
1055 1515 1197 1580 Valentis
1221 1516 1360 1596 milites,
1383 1518 1468 1603 quod
1492 1521 1628 1583 unicum
1655 1521 1720 1584 eius

534 1624 749 1711 praesidinm,
774 1644 875 1708 neque
898 1621 982 1688 bello
1006 1643 1097 1708 pares
1120 1630 1210 1687 erant
1229 1644 1330 1708 neque
1353 1627 1499 1710 integrao
1521 1624 1615 1690 fidei:

580 1730 704 1816 „pudor
728 1736 835 1793 tamen
860 1734 893 1794 et
915 1731 1089 1814 praesentis
1111 1729 1201 1793 ducis
1224 1733 1401 1795 reverentia
1423 1732 1620 1808 morabatur,
1640 1731 1722 1796 hand

532 1839 684 1902 diuturna
707 1832 813 1900 vincla
835 1834 920 1919 apud
943 1835 1052 1899 avidos
1075 1834 1289 1919 periculorum
1310 1844 1342 1901 et
1362 1837 1522 1902 dedecoris
1540 1837 1701 1903 securos.”

577 1944 641 2007 Pro
672 1940 807 2006 absurdo
830 1943 892 2005 isto
917 1941 1021 2004 ovidae
1043 1940 1183 2006 Faernus
1206 1944 1340 2006 coniecit
1357 1943 1503 2025 perideo,
1528 1946 1721 2019 rectissime,

534 2047 707 2115 dummodo
738 2053 771 2111 et
795 2046 999 2128 periculorum
1030 2046 1212 2124 deleamus,
1242 2047 1345 2133 quod,
1376 2070 1450 2113 cum
1473 2047 1575 2114 semel
1592 2049 1723 2131 pavidos

533 2160 567 2222 in
598 2155 702 2219 ovidoa
730 2154 877 2232 abiisset,
909 2175 927 2218 1
955 2154 1130 2219 semidooto
1154 2155 1283 2219 homine
1306 2162 1355 2219 est
1377 2156 1574 2241 adscriptum
1599 2177 1639 2220 ne
1664 2177 1721 2221 vox

533 2260 590 2327 illa
621 2259 714 2346 plane
745 2280 838 2324 sensu
865 2267 994 2325 careret.
1020 2260 1151 2323 Pouu'doe
1168 2260 1369 2342 periculorum
1395 2262 1522 2346 ineptae
1545 2269 1596 2326 est
1618 2260 1723 2347 loque

534 2370 640 2435 citatis
663 2371 695 2430 et
716 2368 750 2430 in
772 2364 875 2429 Taciti
900 2370 990 2430 textu
1015 2368 1150 2430 minime
1173 2366 1328 2431 ferendae.

579 2473 622 2538 Η.
647 2472 703 2550 ΙΠ,
729 2470 781 2537 67.
812 2472 882 2537 lam
904 2472 1014 2537 cedere
1039 2473 1214 2538 victoribus
1239 2471 1389 2538 Vitellius
1411 2473 1570 2551 decrevit,
1596 2475 1721 2539 hortan-

469 2573 473 2581 ’
535 2581 623 2646 tibus
653 2601 727 2644 eum
759 2581 870 2643 amicis
900 2583 938 2641 nt
961 2578 999 2642 ad
1023 2599 1212 2664 supremum
1236 2599 1270 2643 se
1293 2582 1473 2664 accingeret
1495 2585 1671 2658 certamen,
1694 2587 1723 2645 at

535 2687 574 2752 ad
605 2685 794 2753 eiurandum
824 2687 999 2772 imperium
1030 2683 1121 2770 pnllo
1152 2687 1272 2750 amictu
1296 2684 1420 2750 Palatio
1444 2684 1637 2772 digreditur.
1664 2686 1722 2752 Sed

534 2796 661 2858 tristem
695 2791 786 2857 illam
821 2792 1035 2856 narrationem
1070 2791 1230 2877 praecedit
1265 2799 1405 2857 moestae
1438 2795 1502 2870 rei,
1538 2792 1580 2857 ad
1617 2796 1720 2878 ipsam

533 2902 734 2987 imperatoris
759 2898 890 2963 domum
914 2900 1120 2983 pertinentis,
1144 2901 1426 2964 commemoratio:

581 3010 670 3084 „erat
704 3004 752 3069 illi
782 3011 815 3070 et
847 3004 928 3069 fessa
959 3010 1063 3069 aetate
1093 3025 1223 3089 parens;
1258 3026 1338 3090 quae
1369 3013 1477 3069 tamen
1509 3008 1621 3090 paucis
1653 3013 1722 3071 ante

535 3114 646 3179 diebus
677 3116 856 3197 opportuna
878 3118 981 3175 morte
1004 3110 1166 3175 excidium
1190 3111 1303 3176 domos
1326 3113 1508 3197 praevenit,
1534 3111 1619 3177 nihil
1644 3116 1725 3198 prin·

534 3225 642 3308 cipatu
666 3219 724 3285 tilii
747 3219 896 3283 adsecuta
918 3220 979 3282 nisi
1003 3218 1128 3282 luctum
1153 3226 1185 3283 et
1208 3219 1324 3283 bonam
1350 3217 1502 3283 famam.”

580 3326 650 3391 Nou
682 3328 749 3389 sine
773 3345 868 3389 causa
890 3324 966 3388 haec
992 3326 1261 3409 praemittuntnr;
1287 3346 1362 3389 mox
1386 3326 1471 3389 enim
1495 3322 1640 3409 legimus
1665 3346 1723 3389 non

537 3432 642 3499 solum
665 3431 789 3495 Palatio
814 3430 995 3516 digressum
1019 3429 1206 3507 Vitellium,
1232 3430 1285 3495 sed
1308 3438 1420 3494 moesto·
1443 3430 1552 3493 circum
1572 3431 1723 3516 familia,

536 3562 613 3626 ergo
636 3537 780 3623 legentes
803 3543 895 3602 antea
918 3536 1045 3601 edoctos
1070 3543 1194 3622 oportet
1216 3537 1255 3602 de
1279 3539 1391 3601 matris
1414 3536 1521 3611 illius,
1546 3536 1587 3602 de
1611 3541 1724 3622 quain

537 3645 797 3734 praecedentibus
816 3663 917 3729 panca
935 3642 990 3707 sed
1010 3646 1141 3729 egregia
1161 3651 1396 3730 cognoverunt,
1417 3650 1511 3708 sorte.
1536 3642 1600 3708 Sed
1622 3645 1676 3709 hic
1694 3648 1723 3708 11

537 3753 593 3818 1111
617 3759 783 3835 opportuno
806 3757 897 3813 morte
920 3753 1026 3814 omnia
1046 3757 1138 3827 sunt3
1158 3749 1223 3815 illis
1242 3753 1321 3835 ipsis
1341 3750 1452 3814 diebus
1471 3770 1542 3814 eam
1562 3758 1723 3815 mortuam

538 3881 605 3926 esse
625 3880 708 3923 nunc
729 3860 834 3943 quivis
854 3859 963 3921 statim
985 3854 1158 3941 intelligit,
1179 3856 1306 3922 disertis
1325 3857 1358 3920 id
1378 3859 1475 3921 etiam
1488 3857 1597 3921 verbis
1610 3858 1724 3923 referre

536 3967 793 4053 ingratissimum
818 3969 875 4028 est.
900 3962 986 4048 Ergo
1010 3984 1070 4027 non
1096 3984 1169 4027 cum
1193 3962 1237 4027 Io.
1263 3961 1422 4027 Muellero
1445 3970 1515 4025 aute
1538 3963 1591 4027 sed
1620 3971 1723 4029 totum

537 4072 621 4138 illud
650 4071 756 4153 paucis
786 4077 856 4133 autc
887 4069 989 4132 diebua
1019 4068 1211 4134 eiiciendum
1240 4090 1360 4134 censeo.
1392 4069 1500 4134 Etiam
1523 4072 1556 4133 11
1581 4074 1726 4155 proxima

538 4181 657 4244 vicinia
680 4177 769 4272 locus
791 4176 843 4240 hic
867 4173 955 4240 scioli
981 4196 1113 4239 manum
1137 4186 1185 4241 111
1208 4181 1347 4260 experta.
1373 4174 1425 4241 Sic
1449 4177 1535 4240 enim
1559 4181 1724 4262 pergitur:

586 4283 762 4363 ,Quintum
782 4282 943 4347 decimum
963 4281 1115 4346 kalendas
1136 4281 1297 4347 lanuarias
1318 4281 1427 4346 audita
1442 4280 1619 4348 defectione
1631 4282 1726 4369 legio

541 4392 590 4455 111
621 4389 883 4472 cohortiumque,
916 4407 995 4472 quae
1027 4408 1060 4451 se
1093 4387 1230 4453 Narniae
1262 4387 1463 4464 dediderant,
1489 4386 1581 4473 pullo
1607 4391 1726 4453 amictu

540 4496 663 4562 Palatio
686 4493 898 4580 digreditur.’'

586 4604 781 4687 Agnoscisne
803 4600 1057 4666 annotationem:
1081 4620 1183 4684 „quae
1202 4621 1235 4664 se
1254 4600 1390 4665 Narniae
1408 4598 1639 4665 dediderant''l
1659 4600 1726 4666 Non

539 4707 669 4772 Tacitus
701 4728 732 4771 se
764 4728 782 4770 a
813 4713 878 4771 tam
911 4704 1075 4770 obliviosis
1099 4705 1221 4771 lectum
1245 4710 1285 4769 iri
1308 4705 1492 4769 bominibus
1515 4710 1727 4791 exspectarit,

540 4815 656 4899 quibus
680 4835 760 4897 opus
782 4819 865 4877 esset
888 4813 997 4876 omnia
1019 4812 1195 4877 identidem
1219 4816 1250 4876 in
1276 4814 1463 4877 memoriam
1488 4832 1647 4879 revocare.
