4525 5950
870 696 912 743 nn
935 693 1081 742 nnonson
1103 694 1186 741 snun
1208 693 1377 742 nonnnnn.
1651 672 1714 740 157

529 878 582 935 λος
607 862 700 927 docet
725 861 868 926 ε’ύκνκλον
891 882 954 927 non
977 881 1064 937 esse,
1087 860 1171 945 quod
1193 859 1312 925 Robert
1335 859 1410 925 vult
1433 865 1527 946 „apte
1550 863 1584 924 in
1607 860 1718 925 eironh'

532 970 669 1035 formam
700 967 899 1045 redactum'',
931 966 985 1032 sed
1018 972 1112 1052 „apte
1144 967 1218 1032 orbe
1250 966 1302 1032 vel
1332 967 1459 1033 orbibus
1489 965 1717 1044 instruetum’',

529 1098 668 1162 quorum
698 1075 781 1141 illud
812 1075 900 1156 (orbe
929 1075 1140 1156 instructum)
1172 1073 1308 1159 quadrat
1336 1076 1370 1138 in
1399 1074 1505 1140 locum
1535 1083 1569 1138 M
1584 1073 1649 1139 296
1675 1071 1718 1137 έν-

530 1185 635 1247 τοσύεν
667 1183 696 1246 δὲ
729 1185 799 1265 [τῆς
832 1180 974 1263 duellos]
1006 1181 1111 1257 βοειοὶς
1142 1181 1232 1258 ’ρύψε
1257 1181 1390 1257 lapelee
1413 1181 1550 1260 ῥάβδοισι
1573 1180 1719 1260 χρνσέρσι

532 1288 694 1361 διηνέκεσιν
728 1289 792 1364 περὶ
826 1288 946 1363 κύκλον,
979 1286 1035 1350 ubi
1059 1285 1170 1358 κύκλος
1195 1292 1243 1351 est
1268 1306 1380 1373 margo
1404 1287 1488 1351 orbis
1512 1286 1648 1353 formam
1673 1308 1719 1352 re-

531 1396 634 1460 ferens
650 1396 683 1473 ¹),
713 1396 772 1460 hoo
796 1394 939 1474 (orbibus
961 1395 1170 1473 instructum)
1193 1414 1303 1458 rursus
1327 1392 1450 1458 duobus
1472 1393 1576 1458 modis
1596 1391 1720 1458 intelle

530 1522 607 1588 gere
635 1501 728 1578 lieet,
753 1507 810 1565 aut
833 1503 918 1565 enim
940 1502 987 1563 ite
1008 1504 1045 1562 ut
1068 1501 1110 1563 sit
1133 1497 1183 1576 id,
1209 1499 1292 1584 qnod
1316 1501 1409 1564 coriis
1432 1497 1484 1564 vel
1507 1499 1635 1564 laminis
1658 1500 1718 1564 sibi

532 1609 805 1693 superimpositis,
826 1607 909 1671 orbis
929 1606 1067 1670 formam
1087 1604 1296 1670 referentibus
1314 1607 1523 1670 commissum
1537 1611 1600 1683 est,
1621 1626 1719 1691 quam

529 1716 828 1798 interpretationem
847 1712 958 1777 suadet
978 1711 1067 1777 locus
1086 1709 1193 1775 r280
1215 1710 1264 1774 διοὶ
1286 1711 1311 1775 δ’
1325 1713 1505 1790 ἀμφοτέροις
1523 1710 1576 1776 ἕλε
1588 1713 1720 1784 κύκλους

532 1822 660 1889 οὶστέδοο
686 1822 898 1898 ἀμφιβρότης.
921 1824 979 1884 ant
1000 1817 1034 1882 id
1057 1819 1149 1882 euius
1168 1815 1349 1902 superficies
1369 1820 1495 1884 munita
1514 1826 1561 1884 est
1581 1820 1720 1897 orbibus,
1771 1884 1776 1893 ,

532 1927 619 2013 quod
643 1926 777 1991 efficitur
800 1947 817 1991 e
841 1923 912 1991 loco
932 1938 961 1991 Λ
976 1923 1019 1989 23
1045 1920 1078 1997 ἣν
1102 1927 1137 2007 [i.
1151 1945 1177 1989 e.
1199 1924 1335 2008 οὶσπέδοι]
1359 1925 1424 2004 περὶ
1444 1927 1623 2000 alandalus
1645 1925 1720 1990 δέκοι

530 2035 663 2112 χάλκεοι
690 2029 784 2106 dena:
816 2035 850 2097 in
876 2034 980 2117 prima
1004 2040 1114 2096 autem
1135 2038 1168 2096 et
1190 2028 1290 2095 altera
1311 2033 1572 2116 interpretatione
1595 2052 1720 2098 neeesse

531 2147 581 2205 est
604 2146 641 2204 ut
664 2139 698 2203 id
722 2140 805 2228 quod
831 2138 975 2202 ε’ύκνκλον
999 2138 1125 2202 dicatur
1147 2140 1181 2201 in
1205 2138 1290 2202 orbis
1313 2138 1450 2204 formam
1472 2139 1636 2204 redactum
1661 2141 1720 2217 sit,

533 2268 596 2311 non
630 2267 706 2311 vero
741 2249 775 2310 in
811 2248 914 2310 tertia.
951 2244 1062 2330 Neque
1098 2243 1248 2309 Robertio
1283 2243 1423 2310 dandum
1454 2246 1581 2311 videtur
1611 2246 1721 2311 κύκλον

533 2356 646 2438 utique
678 2373 744 2417 esse
774 2353 927 2417 ον’τιτούιιοι.
967 2352 1049 2417 Nam
1081 2353 1203 2436 optimo
1235 2353 1306 2416 iure
1336 2351 1482 2431 Reiehel,
1514 2375 1587 2419 oum
1618 2374 1721 2420 sermo

532 2463 641 2544 opicus
671 2464 775 2523 eareat
806 2480 883 2524 voce
915 2478 977 2543 qua
1008 2456 1207 2543 significetur
1237 2457 1338 2522 forma
1369 2456 1523 2546 oblonga,
1554 2462 1627 2525 seiri
1658 2481 1720 2525 non

531 2586 624 2653 posse
656 2568 782 2630 monuit
795 2565 821 2644 2)
852 2587 892 2631 an
924 2566 983 2629 hae
1014 2585 1140 2649 quoqne
1171 2566 1241 2629 vice
1265 2586 1327 2630 vox
1351 2566 1461 2637 κύκλος
1486 2556 1649 2652 fungetur,
1673 2568 1720 2631 ita

533 2674 562 2736 si
590 2670 781 2758 angulatum
806 2693 867 2736 non
892 2673 934 2735 sit
956 2669 991 2734 id
1015 2669 1099 2754 quod
1124 2669 1268 2735 ἐύκυκλον
1292 2670 1425 2748 dieatur‚
1449 2677 1488 2736 nt
1510 2675 1607 2737 etiam
1631 2692 1722 2737 arone

531 2785 642 2843 tensus
668 2778 849 2857 κνκλοτέρνς
873 2777 990 2841 dieitur
1012 2788 1037 2839 Δ
1055 2776 1118 2840 124
1134 2777 1169 2856 ³).
1193 2776 1241 2841 Ne
1261 2798 1336 2843 vooe
1356 2777 1474 2848 δινοτύς
1495 2779 1640 2865 quidem,
1660 2800 1722 2865 quo

532 2884 599 2950 solo
622 2884 691 2950 loeo
715 2887 811 2957 οὶστές
836 2885 955 2949 dieitur
977 2885 1083 2959 δινωτύ
1107 2892 1136 2949 Ν
1151 2883 1216 2948 405
1230 2906 1276 2971 sq.
1295 2884 1423 2964 ’κρύφύν
1443 2886 1506 2967 γὰρ
1526 2886 1722 2970 [Ἰδομενεὺς]

533 2994 585 3057 ὑπ’
617 2993 725 3058 οὶστέδι
757 2992 886 3057 τούντοσ·
919 2993 1014 3074 ἐτέσρ,
1047 2994 1100 3067 τὴν
1132 2989 1182 3071 ἄρ’
1209 2989 1286 3070 ὅγε
1315 2997 1414 3071 ῥινοῖσι
1438 2995 1517 3072 βοῶν
1540 2994 1592 3058 eal
1616 2995 1722 3071 νύροτιι

529 3102 643 3178 χαλκῷ
667 3101 789 3172 δινωτὴν
810 3099 984 3179 ’φορέεσκε,
1004 3119 1042 3163 ne
1062 3119 1099 3163 ea
1120 3098 1250 3183 quidem
1269 3100 1437 3165 contendet
1456 3100 1568 3165 circuli
1587 3101 1723 3167 formam

534 3206 763 3286 demonstrari,
801 3209 856 3292 qui
891 3204 1063 3271 contulerit
1096 3204 1181 3270 locos
1218 3204 1338 3290 real,
1375 3207 1429 3271 ubi
1464 3208 1555 3272 Paris
1578 3215 1726 3273 narratur

533 3316 694 3397 quiescere
729 3314 757 3376 ε’ν
790 3312 933 3377 δινωτοῖσι
967 3312 1117 3390 λέχεσσι,
1146 3317 1178 3376 et
1202 3335 1220 3373 τ
1242 3310 1295 3390 56,
1320 3312 1375 3376 nbi
1399 3312 1577 3400 Penelopae
1601 3321 1723 3400 ponunt

535 3418 668 3484 ancillae
699 3418 809 3484 sellam
842 3419 965 3490 δινωτὴν
999 3418 1148 3496 ε’λέφοιντι
1179 3418 1230 3481 κού
1264 3419 1392 3497 οὶργύρῳ.
1420 3417 1504 3484 Tum
1528 3441 1603 3485 vero
1627 3421 1722 3486 verba

535 3527 665 3588 τούντοσ“
697 3529 774 3598 itinn
807 3527 983 3591 rectissime
1015 3527 1125 3610 opinor
1156 3523 1316 3611 Helbig⁴)
1344 3532 1377 3591 et
1399 3525 1567 3606 Reichna)
1590 3548 1644 3593 vv.
1668 3526 1719 3591 dd.

533 3639 654 3716 negant
688 3631 728 3697 ad
762 3631 873 3696 circuli
907 3632 1044 3696 formam
1079 3633 1252 3717 pertinere,
1287 3653 1349 3696 non
1384 3631 1477 3697 aliter
1508 3635 1594 3698 enim
1626 3654 1722 3720 quam
1818 3685 1822 3693 .

533 3741 682 3823 quotiens
703 3759 779 3803 cena
798 3738 923 3802 dicatur
944 3738 1040 3814 έιύσν,
1068 3736 1101 3801 id
1121 3737 1282 3823 designari
1301 3737 1384 3823 qnod
1406 3738 1595 3817 ,‚suffieiat'’‚
1615 3742 1723 3826 itaque

536 3843 622 3929 quod
655 3845 714 3921 „ab
739 3846 827 3909 omui
850 3850 940 3929 parte
965 3843 1134 3921 sufficiet'’,
1160 3843 1246 3929 quod
1269 3865 1343 3909 sane
1366 3843 1406 3909 ad
1429 3852 1557 3910 sontum
1580 3868 1642 3912 non
1665 3849 1725 3911 mi·

571 4094 596 4154 l)
613 4094 702 4142 Ionum
725 4090 852 4155 explicarit
878 4089 975 4138 Reichel
992 4089 1036 4151 (H.
1056 4090 1107 4139 W.¹
1128 4105 1151 4153 p.
1170 4089 1265 4153 22eq).
1289 4091 1366 4153 Quem
1384 4106 1431 4139 non
1449 4092 1551 4140 effecisse
1566 4094 1625 4156 pnto
1643 4092 1725 4157 ntique

534 4175 574 4223 hie
596 4179 688 4224 ισιιινιιιι
713 4174 899 4237 intellegendum
922 4188 985 4230 esee,
1007 4176 1032 4221 et
1057 4172 1090 4220 eis
1113 4187 1173 4235 qnae
1195 4171 1279 4220 attulit
1301 4172 1411 4236 redargui
1435 4173 1574 4223 Robertinrn
1591 4179 1724 4224 eeneentem

534 4257 587 4306 fieri
612 4273 658 4306 non
682 4271 749 4322 posse
772 4256 829 4320 quin
853 4255 951 4319 οέὶροοιισι
975 4254 1117 4319 spectaverit
1142 4257 1224 4319 poite;
1248 4254 1318 4303 rerba
1341 4256 1424 4315 βοκιδις
1442 4255 1544 4316 lapelee
1561 4258 1725 4306 demonstrent

533 4346 650 4390 σοοιιοιιιιι
665 4340 713 4387 sive
727 4344 820 4388 eentum
835 4338 884 4387 eive
902 4338 1000 4402 clipeum
1016 4336 1124 4402 spectari.
1145 4364 1174 4372 -
1193 4336 1271 4385 Aliter
1287 4353 1358 4401 quern
1373 4337 1470 4386 Reiehel
1485 4344 1527 4387 ant
1540 4338 1630 4388 Robert
1644 4339 1722 4389 loenrn

533 4423 707 4486 interpretatur
735 4421 823 4484 Helblg
849 4420 890 4469 ΙΙ.Ι
911 4437 932 4485 p.
953 4422 1001 4468 380
1016 4436 1059 4484 sq„
1083 4435 1154 4483 quem
1171 4420 1280 4483 sequitur
1296 4419 1425 4468 vLeeuwen
1443 4420 1468 4469 in
1486 4420 1723 4486 ffl.11.,pneeem

535 4519 568 4553 n.
588 4503 635 4554 aa?
654 4509 709 4552 ante
726 4504 775 4553 296
791 4518 888 4568 ponens.
907 4506 939 4551 st
956 4503 1031 4567 magis
1048 4502 1125 4568 placet
1142 4500 1258 4551 Rsiohelii
1275 4502 1407 4566 explicatio.

572 4586 599 4648 2)
617 4585 658 4634 ll.¹
679 4602 701 4650 p.
720 4586 760 4633 22.

571 4670 597 4728 3)
615 4667 776 4716 Inconsultius
794 4668 919 4732 Ridgewey
937 4666 972 4715 bis
990 4667 1099 4732 perhibet
1114 4667 1150 4727 (ll.
1165 4683 1188 4735 p.
1200 4668 1248 4716 sle
1263 4670 1288 4716 et
1297 4667 1355 4725 ala)
1369 4664 1518 4728 ιιιιιιλστέριρς
1532 4668 1561 4715 de
1573 4667 1655 4732 clipeis
1669 4668 1723 4718 diei.

568 4750 657 4812 4)11.²
680 4767 702 4814 p.
722 4752 778 4800 alo.

569 4834 593 4894 o)
609 4828 654 4881 ll.²
675 4850 698 4898 p.
716 4832 754 4885 Π.
