4525 5950
536 680 602 746 332
1058 696 1199 746 neurus.

529 863 583 930 vel
602 867 687 929 inter
705 863 806 929 lineas
823 863 981 949 adscripta
992 863 1090 928 inisse
1103 865 1218 929 nostris
1231 865 1415 929 etiamnunc
1428 882 1596 928 cernamus
1609 860 1722 928 oculis.

531 971 599 1035 lam
631 973 689 1048 iis,
722 973 778 1054 qui
809 968 911 1035 libelli
942 972 1006 1034 mci
1029 972 1067 1032 de
1090 969 1280 1033 Eeablemata's
1304 970 1336 1032 ia
1361 969 1499 1032 Platonis
1517 976 1606 1032 'kata
1630 968 1723 1031 obviis

531 1080 650 1162 primas
673 1076 888 1161 adspexerunt
911 1079 1064 1162 paginas,
1088 1081 1165 1141 nota
1187 1082 1263 1141 sunt
1285 1078 1348 1140 ista
1372 1097 1411 1141 er
1434 1074 1579 1141 Mediceo
1602 1074 1720 1140 altero:

576 1182 676 1261 (Hist.
700 1181 742 1259 ΙΙ,
767 1182 841 1263 98);
866 1204 954 1247 mare
978 1203 1102 1268 quoque
1127 1189 1159 1247 et
1180 1185 1225 1247 esi
1237 1183 1341 1265 flabra
1360 1181 1511 1266 aquilonis
1530 1202 1623 1246 arum
1644 1180 1721 1245 flatu

530 1291 563 1353 in
588 1287 751 1353 Orientem
775 1289 1002 1374 navigantibus
1026 1287 1220 1364 secundum,
1244 1287 1317 1352 inde
1341 1287 1510 1352 adversum
1533 1294 1602 1352 erat

530 1400 564 1460 et
586 1394 686 1474 (Hist.
710 1393 768 1471 III,
793 1393 867 1475 20):
893 1400 923 1459 et
948 1396 1068 1472 vineis,
1093 1393 1322 1458 machinamenti
1337 1415 1431 1474 pensu
1449 1394 1492 1456 ed
1510 1395 1722 1476 ecpapaondor

531 1524 628 1565 merca
650 1500 684 1563 ia
706 1502 820 1564 raedam
843 1501 971 1564 turriam
990 1502 1113 1587 foetum
1139 1503 1166 1565 is
1189 1500 1406 1586 aggredienda
1429 1500 1516 1565 urbs.

576 1613 620 1684 (v.
645 1606 749 1672 libelli
774 1609 864 1672 citati
888 1630 919 1694 p.
946 1607 989 1688 3).
1022 1607 1115 1672 Nunc
1139 1605 1202 1673 elia
1225 1629 1288 1672 non
1312 1609 1420 1671 minus
1443 1608 1584 1693 insignia
1608 1606 1724 1672 addam

535 1711 693 1798 exempla.

577 1819 614 1882 ln
645 1818 781 1882 Medicec
810 1839 887 1904 ergo
912 1819 1018 1902 priore
1048 1820 1086 1884 A.
1112 1818 1149 1896 V,
1176 1818 1195 1883 9
1227 1820 1287 1885 hoc
1309 1819 1482 1884 habemus:
1507 1817 1560 1896 (ad
1584 1824 1723 1884 mortem

533 1925 689 2011 agebatur
713 1924 819 1990 Seiani
843 1924 942 1990 filiola
965 1924 1042 1990 adeo
1065 1927 1185 2005 nescia)

580 2036 640 2109 „ut
663 2032 770 2096 crebro
793 2033 1022 2117 interrogaret,
1047 2030 1131 2116 quod
1156 2032 1195 2096 ob
1220 2029 1373 2096 delictum
1398 2036 1430 2095 et
1449 2051 1511 2115 quo
1532 2030 1723 2109 traheretur,

467 2186 475 2204 .
533 2157 635 2221 neque
657 2137 813 2202 facturam
837 2136 922 2202 ultra
945 2144 978 2202 et
1000 2159 1091 2223 posse
1115 2158 1148 2202 se
1165 2137 1330 2220 pueritiae
1353 2137 1483 2203 verbere
1506 2137 1678 2202 mouerit.”

578 2242 692 2308 Ilrrare
716 2243 872 2320 editores,
896 2247 953 2329 qui
977 2242 1100 2330 syllaba
1122 2267 1166 2308 nae
1191 2242 1322 2309 delenda
1344 2246 1379 2309 in
1400 2246 1566 2330 integrum
1591 2245 1656 2309 sibi
1681 2243 1725 2309 lo

534 2376 606 2420 cum
639 2357 807 2420 restituere
837 2354 1018 2434 uideantur,
1049 2357 1083 2419 in
1112 2378 1157 2419 mc
1188 2358 1274 2420 enim
1305 2354 1404 2420 latere
1434 2341 1724 2441 modc(1i1),quod

534 2460 612 2526 olim
644 2459 798 2526 vocabulo
828 2463 944 2525 verbm
976 2463 1074 2527 fuerit
1099 2460 1317 2539 illustratum,
1342 2467 1434 2527 antea
1456 2461 1677 2527 demonstravi
1691 2463 1723 2543 ¹).

534 2567 699 2632 Habemus
719 2588 795 2653 ergo
815 2568 867 2633 hic
887 2570 1069 2632 oberrantem
1088 2571 1187 2633 etiam
1208 2571 1460 2643 annotationem,
1481 2589 1561 2652 quae
1580 2569 1724 2634 nondum

534 2679 654 2737 certam
684 2675 717 2736 in
749 2677 839 2737 textu
864 2673 972 2738 sedem
995 2676 1166 2739 invenerit.
1191 2673 1226 2738 Si
1251 2695 1313 2738 non
1338 2673 1375 2738 ab
1399 2673 1530 2738 homine
1553 2673 1644 2753 rudi,
1670 2675 1725 2741 sed

534 2800 552 2844 a
574 2778 707 2843 librario
730 2779 922 2857 semidocto,
947 2779 1029 2844 liber
1052 2780 1104 2845 hic
1128 2781 1305 2866 descriptus
1329 2780 1458 2857 fuisset,
1483 2801 1558 2845 cum
1581 2779 1680 2846 litera
1702 2789 1724 2859 t,

533 2905 629 2970 quae,
654 2905 671 2948 e
690 2883 908 2971 dittographia
926 2890 1017 2963 nata,
1038 2907 1121 2952 nunc
1140 2889 1238 2951 etiam
1258 2884 1412 2951 vocabulo
1431 2885 1543 2949 moneri
1561 2886 1724 2965 adhaeret,

534 2994 631 3057 etiam
655 2990 780 3077 syllaba
802 3015 846 3055 mo
869 2993 983 3057 fuisset
1006 2995 1140 3070 omissa,
1165 3014 1286 3077 nosque
1310 2997 1393 3058 certo
1417 2991 1617 3058 emblematis
1641 3015 1725 3060 care

534 3119 641 3163 remus
664 3098 792 3163 indicio.

582 3205 618 3269 A.
642 3203 699 3281 III,
726 3204 777 3270 12.
805 3204 861 3282 „ld
884 3204 1011 3270 solum”
1036 3205 1171 3286 (Tiberii
1193 3211 1268 3270 sunt
1294 3206 1404 3283 verba,
1425 3206 1542 3292 quibus
1562 3205 1600 3271 de
1619 3214 1726 3273 morte

535 3308 719 3376 Germanici
750 3332 783 3375 se
807 3314 1010 3398 cogniturum
1036 3318 1147 3399 negat)
1173 3309 1384 3389 „Germanico
1408 3333 1502 3398 snper
1524 3311 1612 3398 leges
1636 3335 1727 3398 prae

532 3418 726 3492 stiterimus,
759 3416 842 3501 quod
873 3419 906 3480 in
937 3420 1025 3482 curia
1055 3420 1164 3502 potius
1188 3438 1284 3503 quam
1307 3420 1340 3481 in
1363 3418 1447 3496 foro,
1472 3425 1551 3504 aput
1574 3426 1725 3484 senatum

532 3544 628 3607 quam
652 3530 730 3608 aput
753 3523 890 3600 iudices,
916 3524 953 3588 de
978 3532 1080 3589 morte
1103 3527 1172 3589 eius
1196 3524 1408 3610 anquiritur.''

578 3628 736 3694 Haeccine
767 3632 798 3693 in
830 3629 939 3694 Tacito
972 3629 1101 3695 tolerari
1131 3632 1249 3708 etiam,
1277 3652 1378 3716 neque
1402 3651 1596 3716 quemquam
1618 3632 1724 3698 adhuc

533 3737 750 3800 observavisse
782 3737 831 3800 bis
858 3735 944 3800 idem
969 3736 1020 3801 'nio
1044 3737 1123 3813 dici,
1148 3736 1247 3801 semel
1270 3758 1288 3801 a
1311 3736 1421 3803 Tacito
1445 3739 1491 3817 (ia
1514 3740 1599 3802 ceria
1618 3740 1723 3821 petiae

534 3864 620 3926 quom
651 3842 684 3904 ia
709 3843 810 3927 foro),
844 3840 943 3907 semol
973 3863 991 3906 a
1021 3841 1249 3929 ludimagistro
1273 3849 1361 3926 (aput
1382 3853 1517 3908 senatum
1536 3868 1623 3930 qaam
1648 3856 1724 3930 opat

533 3945 678 4026 iodieee)l
712 3949 754 4012 At
785 3970 818 4013 re
849 3949 1017 4013 observata
1048 3948 1147 4014 simul
1170 3950 1339 4015 manifesto
1363 3956 1509 4016 tenemus
1533 3950 1723 4031 librarium,

534 4075 590 4138 pro
618 4052 721 4118 Taciti
746 4056 850 4119 verbis
873 4054 1029 4140 puerilem
1053 4055 1143 4120 scioli
1167 4056 1384 4122 venditantem
1414 4058 1723 4126 annotatiunculam.
1756 4070 1759 4075 '

536 4160 582 4224 Ne
605 4158 742 4225 latinum
763 4161 891 4245 quidam
911 4161 998 4226 istud
1019 4169 1093 4244 opat
1111 4169 1245 4226 secatam
1263 4186 1347 4249 quom
1367 4171 1440 4247 opat
1459 4165 1571 4229 iudices
1590 4170 1723 4245 (omisso

534 4265 684 4331 adverbio
703 4268 820 4350 potios)
843 4289 910 4332 esse
935 4267 1072 4333 videtur.

577 4372 617 4449 ΙΙ,
643 4372 696 4439 81.
729 4375 885 4450 „interim
916 4373 990 4439 Piso
1021 4373 1154 4440 classem
1186 4376 1271 4440 haud
1301 4376 1412 4462 procul
1443 4380 1638 4463 operientem
1671 4380 1724 4445 ad-

532 4500 675 4564 pugnare
711 4480 828 4545 frustra
859 4483 1046 4566 temptavit;
1084 4503 1310 4568 regressusque
1341 4487 1373 4548 et
1404 4504 1461 4567 pro
1493 4486 1595 4549 muris
1625 4486 1723 4553 modo

534 4593 635 4650 semet
658 4585 853 4664 afflictando,
883 4587 978 4652 modo
1004 4587 1147 4674 singulos
1171 4592 1297 4653 nomine
1320 4591 1405 4654 ciens
1429 4592 1580 4674 praemiis
1605 4613 1723 4659 uocans

571 4817 593 4875 l)
613 4816 701 4864 Mrem.
721 4814 798 4863 xxix
816 4831 838 4880 p.
858 4815 915 4863 280.
