4525 5950
962 742 1106 791 cccmus.
1569 725 1629 789 191

436 914 548 998 gratia
578 913 786 996 potentiaque
809 909 990 974 floruerant.
1016 908 1118 989 Quam
1143 931 1211 973 rem
1235 909 1312 973 licet
1335 913 1366 973 et
1388 907 1443 972 alii
1466 910 1634 993 scriptores

434 1017 526 1081 haud
558 1037 621 1081 uno
653 1016 721 1080 loco
753 1015 903 1092 doceant,
933 1014 1015 1078 nihil
1038 1020 1147 1079 tamen
1171 1021 1219 1080 est
1242 1013 1326 1099 quod
1350 1035 1420 1078 eam
1443 1017 1477 1078 in
1501 1014 1633 1079 clariore

437 1128 538 1207 ponat
568 1121 639 1186 luce
671 1142 767 1207 quam
799 1118 934 1206 epistola
962 1119 1062 1184 Plinii
1093 1121 1117 1195 I,
1145 1120 1163 1182 5
1196 1119 1235 1184 de
1266 1119 1395 1204 Aquilio
1422 1119 1566 1205 Regulo,
1595 1140 1634 1183 ne

435 1249 526 1292 nunc
556 1230 748 1291 iniuriarum
779 1225 1078 1310 calumniarumque
1109 1246 1242 1290 suarum
1269 1246 1384 1310 poenas
1407 1226 1461 1289 det
1484 1224 1632 1289 sollicito.

436 1333 504 1398 Sed
534 1354 596 1397 non
628 1331 783 1397 delatores
815 1337 943 1396 tantum
975 1337 1006 1396 et
1037 1352 1164 1408 omnes,
1193 1333 1249 1416 qui
1272 1330 1457 1395 Domitiano
1481 1338 1633 1416 regnante

435 1441 617 1524 potentiam
649 1458 741 1501 suam
772 1435 943 1502 crudeliter
974 1443 1197 1514 exercuerant,
1228 1440 1261 1501 in
1290 1457 1409 1522 magno
1432 1443 1508 1501 tunc
1532 1457 1633 1500 verea-

437 1545 560 1608 bantur
583 1542 742 1628 periculo;
765 1541 816 1606 illi
841 1562 966 1627 quoquc
989 1544 1023 1605 in
1046 1541 1203 1605 invidiam
1228 1540 1473 1617 adducebantur,
1498 1544 1553 1625 qui
1577 1548 1635 1606 aut

438 1671 459 1714 a
491 1648 677 1713 Domitiano
708 1648 855 1714 altiorem
886 1647 1027 1732 aliquam
1057 1650 1091 1711 in
1114 1645 1278 1732 republica
1300 1645 1408 1712 locum
1431 1652 1633 1732 acceperant,

438 1762 499 1819 aut
523 1756 621 1818 etiam
645 1753 727 1818 salvi
750 1754 911 1818 funestam
935 1752 1027 1817 illam
1051 1751 1165 1816 multis
1188 1752 1436 1817 dominationem
1458 1759 1632 1818 evaserant.

436 1860 475 1924 In
510 1879 621 1925 eorum
653 1880 786 1923 numero
819 1865 851 1924 et
873 1858 1023 1945 Agricola
1046 1859 1127 1935 fuit,
1154 1861 1210 1944 qui
1233 1859 1309 1923 licet
1333 1865 1489 1945 tyrannus
1513 1861 1543 1923 ei
1565 1880 1634 1943 pro·

436 1965 660 2041 consulatum,
682 1986 779 2049 quem
800 1970 998 2049 speraverat,
1019 1964 1190 2042 inviderit,
1212 1970 1318 2028 tamen
1339 1985 1395 2049 per
1415 1965 1634 2030 decamannos

435 2074 586 2160 privatus
610 2078 641 2135 et
665 2077 756 2134 tutus
779 2072 817 2135 ab
842 2070 898 2134 illo
920 2073 1013 2135 vixit.
1033 2069 1145 2154 Neque
1164 2073 1231 2155 ipse
1251 2090 1366 2155 negare
1387 2069 1516 2134 Tacitus
1529 2074 1634 2154 potest

436 2199 533 2243 suam
570 2177 763 2262 dignitatem
798 2198 816 2241 a
850 2176 1034 2243 Domitiano
1065 2177 1195 2262 longius
1225 2183 1410 2261 provectam
1441 2176 1497 2256 (H.
1532 2175 1556 2254 l,
1587 2176 1631 2253 2).

437 2283 525 2363 Quid
552 2282 635 2367 quod
658 2304 715 2368 per
738 2282 862 2368 aliquot
886 2303 983 2347 annos
1006 2285 1040 2346 in
1065 2290 1211 2347 senatum
1236 2285 1326 2346 venit
1348 2303 1422 2346 cum
1446 2283 1633 2346 saevissima

436 2389 486 2452 ibi
517 2387 629 2452 fierent
660 2386 821 2464 consulta,
852 2387 1036 2452 Domitiano
1066 2387 1181 2452 vultus
1203 2387 1405 2472 singulorum
1429 2393 1576 2464 notante,
1601 2391 1633 2450 et

440 2498 572 2558 tantum
603 2492 706 2557 abfuit
729 2498 767 2556 ut
789 2491 841 2557 illi
866 2493 1060 2578 turpitudini
1082 2494 1267 2570 obsisteret,
1291 2499 1329 2556 ut
1351 2499 1461 2577 postea
1484 2512 1557 2556 cum
1580 2512 1634 2576 ge

438 2602 527 2664 mitu
550 2597 764 2682 lamentisque
786 2598 958 2663 fateretur:
990 2605 1136 2675 „nostrae
1159 2598 1277 2663 duxere
1299 2597 1489 2663 Helvidium
1512 2600 1545 2661 in
1570 2618 1634 2662 car·

438 2725 547 2770 cerem
577 2723 709 2780 manus,
743 2725 799 2767 nos
830 2705 993 2768 innocenti
1016 2707 1173 2788 sanguine
1195 2703 1326 2767 Senecio
1349 2703 1512 2788 perfudit''
1536 2700 1631 2788 (Agr.

439 2810 500 2889 45)
536 2817 557 2888 ).
593 2808 635 2873 Et
670 2808 734 2873 alia
766 2829 859 2894 ergo,
897 2809 935 2873 de
965 2808 1115 2895 Agricola
1145 2829 1291 2886 narrans,
1323 2809 1376 2874 sed
1409 2809 1468 2873 hoc
1499 2809 1631 2873 fortasse

437 2918 610 3002 praecipue
635 2915 851 2981 demonstrare
876 2913 1000 2980 studet:
1026 2935 1140 3000 „posse
1164 2917 1261 2980 etiam
1286 2916 1344 2979 sub
1366 2914 1460 2979 malis
1485 2917 1633 2999 principi-

436 3023 500 3086 bus
519 3041 654 3106 magnos
673 3023 759 3086 viros
779 3042 863 3097 esse,
885 3022 1136 3105 obsequiumque
1157 3041 1193 3085 ac
1212 3020 1417 3097 modestiam,
1435 3023 1463 3084 si
1474 3021 1632 3084 industria

437 3150 475 3193 ac
507 3129 602 3212 vigor
631 3126 752 3202 adsint,
785 3147 896 3191 eorum
926 3125 1037 3191 laudes
1061 3126 1229 3201 excedere,
1254 3128 1310 3211 qui
1332 3125 1477 3210 plerique
1502 3146 1558 3209 per
1581 3126 1632 3189 ab·

436 3239 553 3318 rupta,
583 3232 638 3296 sed
666 3235 700 3295 in
724 3230 851 3296 nullum
874 3234 920 3296 rei
943 3230 1088 3316 publicae
1112 3253 1209 3295 usum
1233 3231 1388 3293 conditiora
1412 3238 1515 3295 morte
1537 3230 1632 3294 incla-

435 3336 595 3402 ruerunt’'
628 3338 720 3421 (Agr.
745 3336 812 3416 42).
844 3336 1029 3401 Laudantur
1059 3337 1111 3400 hic
1141 3339 1196 3421 qni
1221 3338 1280 3401 sub
1303 3336 1487 3401 Domitiano
1509 3336 1632 3398 enodasti

435 3445 570 3507 fuerunt
593 3446 676 3507 etin
696 3443 830 3527 otaeqcio
850 3444 1077 3527 perstiterunt,
1097 3444 1201 3526 iisque
1222 3449 1427 3527 opponuntur
1446 3449 1541 3526 atque
1554 3444 1631 3506 satis

435 3569 548 3613 severe
577 3550 839 3632 perstringuntur
872 3550 947 3632 „qui
978 3550 1012 3610 in
1043 3545 1171 3611 nullum
1194 3546 1385 3631 reipublicae
1410 3568 1507 3611 usum
1532 3548 1631 3611 ambi-

435 3657 520 3717 tiosa
551 3657 653 3718 morte
683 3651 936 3716 inclaruerunt”.
971 3650 1031 3731 Qui
1064 3658 1140 3716 sunt
1170 3649 1242 3715 illi?
1273 3650 1462 3736 Philosophi
1485 3654 1519 3715 in
1543 3654 1631 3716 curia

434 3760 547 3831 stoici,
582 3759 638 3842 qni
664 3756 791 3841 quidvis
813 3760 936 3842 perpeti
960 3756 1145 3822 maluerunt
1169 3778 1265 3841 quam
1289 3777 1307 3820 a
1331 3764 1417 3821 recta
1440 3759 1630 3821 conscientia
1680 3807 1687 3821 .

437 3863 490 3927 rel
513 3869 731 3927 transversum
755 3883 898 3948 unguem
923 3863 1121 3938 recederent,
1146 3871 1242 3947 atque
1263 3883 1340 3947 ergo
1363 3861 1543 3926 Domitiani
1567 3883 1631 3927 sae-

435 3971 554 4033 vitiam
576 3988 704 4031 summa
726 3988 801 4032 cum
823 3968 971 4032 libertate
992 3972 1152 4033 notarunt.
1177 3967 1248 4032 Non
1272 3974 1376 4052 potest
1399 3989 1458 4032 non
1479 3967 1631 4032 admirari

434 4076 524 4139 viros
553 4070 626 4137 illos
649 4092 783 4157 magnos
806 4071 952 4149 Tacitus,
976 4080 1008 4137 et
1034 4079 1140 4137 tamen
1164 4072 1203 4137 dc
1226 4092 1336 4137 eorum
1361 4071 1510 4137 laudibus
1532 4093 1629 4156 quam

434 4178 617 4264 plurimum
650 4177 815 4243 detrahere
847 4177 971 4242 studet:
1004 4181 1103 4243 sentit
1132 4180 1236 4255 enim,
1261 4181 1288 4242 ai
1310 4176 1384 4242 illos
1408 4180 1505 4241 nimie
1529 4180 1631 4262 suspi-

434 4288 524 4349 ciant
558 4282 705 4368 aequales
738 4285 808 4358 sui,
845 4281 1024 4368 periculum
1057 4304 1123 4347 esse
1154 4304 1194 4346 ne
1225 4286 1293 4367 ipse
1325 4304 1399 4347 cum
1422 4303 1529 4347 socero
1552 4304 1628 4357 suo,

433 4391 555 4474 quique
579 4396 743 4473 praeterea
766 4388 885 4453 fuerint
909 4388 1047 4453 modesti
1070 4390 1238 4472 cautique,
1263 4388 1363 4474 vulgo
1386 4397 1630 4453 contemnantur

433 4494 725 4578 despicianturque.
755 4492 841 4558 Hinc
870 4492 928 4559 illa
958 4496 990 4558 in
1022 4493 1113 4558 illius
1144 4501 1247 4558 sectae
1270 4494 1416 4559 homines
1439 4493 1629 4559 mordacitas

467 4767 493 4828 l)
519 4765 645 4815 Praeclare
671 4765 715 4815 hac
741 4765 770 4815 de
796 4780 822 4815 re
847 4764 897 4829 egit
923 4763 1068 4814 Boia'aierina
1095 4765 1119 4813 in
1144 4765 1174 4814 iia
1196 4763 1448 4820 commentationibus.
1477 4781 1536 4828 qnae
1559 4766 1628 4814 modo

431 4846 569 4898 laudabam.
