4525 5950
653 1261 1162 1351 Aniunuvuuslouus
1193 1262 1265 1350 AD
1294 1262 1436 1350 DUAS

502 1397 747 1487 FABULAS
778 1398 1170 1486 ARISTOPHANIS
1205 1397 1518 1485 NUPERRIME
1549 1400 1582 1485 Α

635 1533 762 1622 lanu
794 1532 904 1621 VAN
940 1533 1200 1621 Luuuwuu
1242 1532 1447 1620 aulana.

976 1737 1101 1778 sourrsl’r

771 1889 813 1955 H.
838 1889 938 1955 VAN
970 1889 1320 1954 Huuwuauuu.

961 2145 1119 2187 -ωο-ο-

494 2358 543 2422 Ex
561 2361 752 2423 coniecturis
772 2360 950 2425 doctissimi
968 2357 1115 2433 editoris,
1136 2377 1214 2441 quas
1233 2357 1454 2423 Lrslsranrau
1467 2360 1639 2439 Ατραιιιοιιίν·

444 2467 552 2528 textui
583 2465 714 2540 intulit,
747 2466 880 2550 probare
911 2485 974 2527 non
999 2462 1110 2527 dubito
1135 2463 1219 2547 quod
1242 2464 1327 2529 haud
1352 2464 1462 2549 procul
1485 2467 1524 2530 ab
1546 2467 1639 2530 initio

447 2572 593 2653 reposuit
625 2570 685 2641 τὰς
715 2570 772 2644 μὲν
804 2570 945 2646 ἔξωθεν
975 2570 1184 2644 παρούσας
1209 2568 1303 2648 (Rev.
1329 2569 1487 2649 ἐξωτίοος)
1511 2571 1637 2646 δμνὶροιις

444 2675 535 2743 τινας
567 2677 806 2747 καταλιπούσας
832 2673 1064 2751 (dacriani)
1089 2673 1184 2737 ὀπίσω
1210 2676 1263 2753 (cf.
1288 2696 1336 2739 vs.
1362 2675 1442 2756 244)
1465 2685 1498 2740 et
1519 2678 1553 2738 in
1577 2675 1638 2740 fine

447 2782 585 2864 paginas
610 2781 626 2852 ἦ
652 2779 683 2843 δὲ
707 2785 894 2858 αερτοριοῦοα
920 2781 1011 2844 αὐτὸν
1035 2780 1255 2861 {ceresia
1276 2780 1368 2856 (Rev.
1384 2780 1639 2857 ἐπαγγέλλεται)

444 2888 516 2962 μὲν,
548 2887 624 2963 xri„
655 2885 710 2950 aed
740 2888 872 2972 egregie
904 2884 975 2950 falli
1006 2885 1089 2948 mihi
1120 2884 1251 2949 videtur
1281 2884 1391 2970 paullo
1409 2890 1510 2972 post,
1543 2888 1639 2951 ubie

445 2991 530 3056 libro
560 2991 745 3057 Rauennate
776 2992 943 3057 edebatur:
970 2992 1171 3071 ιὶφιανοῡνται
1198 2990 1230 3054 δὲ
1255 2992 1307 3054 καὶ
1332 2995 1419 3069 ταρὰ
1445 2992 1639 3069 Λακεδαιμο-

445 3097 513 3161 νίων
544 3098 628 3172 cepi·
645 3098 777 3161 σπονδῶν
811 3099 952 3174 αιίροκες,
978 3093 1282 3175 ἐμφανίζοντες
1307 3095 1378 3173 ἅμα
1404 3100 1455 3161 καὶ
1480 3100 1538 3166 τοὶς
1563 3108 1639 3178 σφε-

444 3200 536 3281 τέροιο
568 3202 661 3278 (Rav.
687 3203 843 3281 προτέρας,
874 3224 952 3267 corr.
985 3201 1190 3282 Rutherford)
1221 3213 1386 3281 γυναῖκας,
1418 3226 1475 3290 pro
1507 3206 1641 3279 ἓμφαν1-

445 3308 547 3388 ζοντεο
572 3308 610 3372 de
634 3329 691 3373 suo
711 3329 864 3393 reponens
885 3305 1186 3386 ἀπαιτίζοντες
1206 3309 1355 3387 (verbum
1375 3312 1407 3372 in
1428 3313 1521 3375 unico
1542 3309 1640 3397 Odys-

444 3434 516 3478 seae
550 3413 620 3478 loeo
657 3420 846 3492 occurrens),
882 3433 962 3497 quae
997 3432 1099 3497 neque
1136 3411 1239 3477 facilis
1271 3419 1320 3478 est
1350 3417 1506 3490 mutatio,
1538 3437 1639 3500 neque

445 3525 536 3602 apta,
566 3521 594 3582 si
624 3519 796 3583 contuleris
821 3517 948 3582 fabulae
971 3517 1081 3582 locum
1104 3538 1167 3601 quo
1190 3520 1361 3603 respicitur
1384 3540 1447 3583 vsa.
1474 3519 1540 3584 999
1560 3541 1638 3605 sqq„

445 3625 502 3689 ubi
534 3623 859 3689 Lacedaemoniorum
890 3644 1001 3707 praeco
1031 3625 1168 3687 minime
1198 3625 1347 3707 gentium
1384 3627 1519 3708 reposcit
1546 3624 1640 3688 Lam-

443 3731 588 3813 pitonem
621 3735 839 3812 caeterasque,
868 3727 922 3791 sed
946 3728 1050 3812 quater
1071 3726 1135 3790 rint
1158 3727 1275 3790 indicat
1298 3729 1501 3807 (ἐμφανίζει),
1526 3750 1640 3815 nempe

445 3835 673 3899 coniurationis
705 3833 873 3898 muliebris
909 3840 1061 3898 auctores.
1098 3829 1287 3898 conferatur
1321 3835 1488 3897 notissima
1521 3831 1640 3899 locutio

445 3937 629 4019 ἐμφανίζειν
653 3938 771 4015 ἑαυτόν,
791 3940 921 4020 prodere
942 3961 1027 4001 auom
1048 3938 1185 4001 indolem.
1210 3937 1269 4001 Est
1293 3942 1402 4002 autem
1425 3939 1485 4003 hoo
1505 3941 1639 4004 verbum

445 4046 612 4129 proprium
642 4042 887 4128 delegatorum
912 4041 1120 4108 relationibus
1145 4050 1176 4107 et
1201 4063 1293 4126 saepe
1317 4045 1455 4106 occurrit
1476 4046 1509 4106 in
1535 4042 1640 4108 titulis

444 4150 560 4213 aetatis
584 4146 811 4224 hellenisticae,
838 4170 868 4213 v.
893 4169 919 4212 c.
945 4144 1016 4212 GD
1042 4145 1130 4211 5163
1140 4147 1171 4223 b,
1186 4147 1222 4222 7;
1249 4145 1422 4225 5167,10;
1450 4147 1548 4226 5176,
1563 4149 1592 4212 6.

493 4327 682 4411 Ipaiatratae
704 4350 752 4393 vs.
778 4328 819 4393 31
857 4330 904 4392 ἐπ’
929 4330 1035 4403 tatros
1060 4329 1137 4405 γὰρ
1161 4327 1257 4406 (τᾶρ’)
1282 4329 1433 4409 εἴχετο.

443 4432 530 4496 Mihi
562 4434 694 4517 quidem
726 4434 818 4500 valde
851 4434 969 4498 arridet
995 4433 1129 4499 Dobraei
1153 4437 1336 4499 coniectura
1360 4437 1465 4514 ὠχεῖτ’
1489 4435 1560 4514 ἄρα,
1585 4460 1640 4503 neo

444 4546 556 4602 movet
579 4559 630 4603 me
654 4539 838 4616 dissimilis,
863 4561 958 4624 quem
984 4540 1086 4604 editor
1111 4539 1210 4614 affert,
1235 4539 1391 4605 Herodoti
1416 4539 1506 4605 locus
1529 4540 1572 4604 VI
1598 4543 1638 4606 11

444 4644 497 4705 ἐπὶ
525 4641 613 4718 ξυροῦ
638 4646 744 4718 aanor
769 4644 917 4723 ἔχεται
942 4649 1014 4718 ἡμῖν
1038 4647 1079 4708 τοὶ
1104 4647 1280 4721 πρήγματα
1307 4645 1345 4708 de
1370 4648 1451 4710 vitio
1474 4656 1640 4732 suspect-us

446 4756 482 4811 et
507 4750 586 4831 ipse.
610 4748 678 4812 lem
703 4750 828 4834 pridem
851 4751 897 4814 ibi
920 4751 1039 4840 conieci
1062 4748 1235 4835 legendum
1258 4770 1326 4814 esse
1349 4750 1530 4829 ὀχέεται.

1466 4867 1496 4920 l'l
