<?xml version="1.0" encoding="UTF-8"?>
<!DOCTYPE html PUBLIC "-//W3C//DTD XHTML 1.0 Transitional//EN"
    "http://www.w3.org/TR/xhtml1/DTD/xhtml1-transitional.dtd">
<html xmlns="http://www.w3.org/1999/xhtml" xml:lang="en" lang="en">
 <head>
  <title>
</title>
<meta http-equiv="Content-Type" content="text/html;charset=utf-8" />
  <meta name='ocr-system' content='tesseract 3.04.00' />
  <meta name='ocr-capabilities' content='ocr_page ocr_carea ocr_par ocr_line ocrx_word'/>
</head>
<body>
  <div class='ocr_page' id='page_1' title='image "./mnemosyne07verdgoog_0729.png"; bbox 0 0 4525 5950; ppageno 0'>
   <div class='ocr_carea' id='block_1_1' title="bbox 632 662 1309 744">
    <p class='ocr_par' dir='ltr' id='par_1_1' title="bbox 632 662 1309 744">
     <span class='ocr_line' id='line_1_1' title="bbox 632 662 1309 744; baseline -0.001 -1"><span class='ocrx_word' id='word_1_1' title='bbox 632 676 701 743; x_wconf 80' lang='lat'>254</span> <span class='ocrx_word' id='word_1_2' title='bbox 943 662 946 669; x_wconf 81' lang='lat'>&#39;</span> <span class='ocrx_word' id='word_1_3' title='bbox 1144 689 1309 744; x_wconf 72' lang='lat' dir='ltr'>mannus.</span> 
     </span>
    </p>
   </div>
   <div class='ocr_carea' id='block_1_2' title="bbox 633 859 1833 1368">
    <p class='ocr_par' dir='ltr' id='par_1_2' title="bbox 633 859 1833 1368">
     <span class='ocr_line' id='line_1_2' title="bbox 633 859 1828 946; baseline -0.002 -19"><span class='ocrx_word' id='word_1_4' title='bbox 633 880 710 927; x_wconf 80' lang='lat' dir='ltr'>aum</span> <span class='ocrx_word' id='word_1_5' title='bbox 744 860 831 926; x_wconf 89' lang='lat' dir='ltr'>enim</span> <span class='ocrx_word' id='word_1_6' title='bbox 866 861 1052 925; x_wconf 87' lang='lat' dir='ltr'>terminatio</span> <span class='ocrx_word' id='word_1_7' title='bbox 1085 882 1122 923; x_wconf 80' lang='lat' dir='ltr'>aa</span> <span class='ocrx_word' id='word_1_8' title='bbox 1156 859 1376 945; x_wconf 88' lang='lat' dir='ltr'>compendioso</span> <span class='ocrx_word' id='word_1_9' title='bbox 1411 880 1468 946; x_wconf 91' lang='lat' dir='ltr'>per</span> <span class='ocrx_word' id='word_1_10' title='bbox 1501 880 1636 946; x_wconf 83' lang='lat' dir='ltr'>parvam</span> <span class='ocrx_word' id='word_1_11' title='bbox 1663 859 1828 946; x_wconf 78' lang='lat' dir='ltr'>virgulam</span> 
     </span>
     <span class='ocr_line' id='line_1_3' title="bbox 634 965 1831 1051; baseline -0.002 -18"><span class='ocrx_word' id='word_1_12' title='bbox 634 967 732 1033; x_wconf 87' lang='lat' dir='ltr'>scribi</span> <span class='ocrx_word' id='word_1_13' title='bbox 758 965 874 1044; x_wconf 80' lang='lat' dir='ltr'><strong>soleat,</strong></span> <span class='ocrx_word' id='word_1_14' title='bbox 906 965 1012 1030; x_wconf 88' lang='lat' dir='ltr'>locum</span> <span class='ocrx_word' id='word_1_15' title='bbox 1042 965 1300 1030; x_wconf 89' lang='lat' dir='ltr'>constituendum</span> <span class='ocrx_word' id='word_1_16' title='bbox 1331 987 1398 1031; x_wconf 91' lang='lat' dir='ltr'>esse</span> <span class='ocrx_word' id='word_1_17' title='bbox 1420 972 1500 1051; x_wconf 93' lang='lat' dir='ltr'>puto</span> <span class='ocrx_word' id='word_1_18' title='bbox 1522 967 1581 1032; x_wconf 91' lang='lat' dir='ltr'>hoc</span> <span class='ocrx_word' id='word_1_19' title='bbox 1606 965 1725 1032; x_wconf 91' lang='lat' dir='ltr'>modo:</span> <span class='ocrx_word' id='word_1_20' title='bbox 1751 983 1831 1031; x_wconf 73' lang='lat' dir='ltr'>anus</span> 
     </span>
     <span class='ocr_line' id='line_1_4' title="bbox 635 1073 1832 1156; baseline 0 -20"><span class='ocrx_word' id='word_1_21' title='bbox 635 1074 811 1137; x_wconf 68' lang='lat' dir='ltr'>mnodum</span> <span class='ocrx_word' id='word_1_22' title='bbox 841 1073 1002 1149; x_wconf 62' lang='lat' dir='ltr'>conivent,</span> <span class='ocrx_word' id='word_1_23' title='bbox 1032 1094 1085 1135; x_wconf 85' lang='lat' dir='ltr'>acc</span> <span class='ocrx_word' id='word_1_24' title='bbox 1115 1073 1171 1136; x_wconf 78' lang='lat' dir='ltr'>dia</span> <span class='ocrx_word' id='word_1_25' title='bbox 1201 1095 1265 1135; x_wconf 80' lang='lat' dir='ltr'>cura</span> <span class='ocrx_word' id='word_1_26' title='bbox 1296 1079 1415 1154; x_wconf 74' lang='lat' dir='ltr'>repento</span> <span class='ocrx_word' id='word_1_27' title='bbox 1437 1073 1619 1156; x_wconf 70' lang='lat' dir='ltr'>tyrupdati&#39;co</span> <span class='ocrx_word' id='word_1_28' title='bbox 1644 1074 1713 1136; x_wconf 79' lang='lat' dir='ltr'>ritu</span> <span class='ocrx_word' id='word_1_29' title='bbox 1735 1096 1832 1136; x_wconf 72' lang='lat' dir='ltr'>conso</span> 
     </span>
     <span class='ocr_line' id='line_1_5' title="bbox 636 1178 1833 1264; baseline -0.001 -21"><span class='ocrx_word' id='word_1_30' title='bbox 636 1202 754 1243; x_wconf 76' lang='lat' dir='ltr'>recusso</span> <span class='ocrx_word' id='word_1_31' title='bbox 786 1180 904 1255; x_wconf 73' lang='lat' dir='ltr'>&lt;denuo</span> <span class='ocrx_word' id='word_1_32' title='bbox 929 1179 1056 1260; x_wconf 79' lang='lat' dir='ltr'>plorare</span> <span class='ocrx_word' id='word_1_33' title='bbox 1085 1188 1233 1246; x_wconf 74' lang='lat' dir='ltr'>Pontii&gt;</span> <span class='ocrx_word' id='word_1_34' title='bbox 1267 1178 1408 1264; x_wconf 63' lang='lat' dir='ltr'>lanaeque</span> <span class='ocrx_word' id='word_1_35' title='bbox 1436 1179 1636 1242; x_wconf 67' lang='lat' dir='ltr'>vetmmtiac</span> <span class='ocrx_word' id='word_1_36' title='bbox 1670 1180 1833 1262; x_wconf 75' lang='lat' dir='ltr'>adflictare</span> 
     </span>
     <span class='ocr_line' id='line_1_6' title="bbox 635 1284 915 1368; baseline 0.007 -20"><span class='ocrx_word' id='word_1_37' title='bbox 635 1307 697 1350; x_wconf 79' lang='lat' dir='ltr'>aare</span> <span class='ocrx_word' id='word_1_38' title='bbox 797 1284 915 1368; x_wconf 69' lang='lat' dir='ltr'>arripit.</span> 
     </span>
    </p>
   </div>
   <div class='ocr_carea' id='block_1_3' title="bbox 505 1502 1842 2135">
    <p class='ocr_par' dir='ltr' id='par_1_3' title="bbox 505 1502 1842 2135">
     <span class='ocr_line' id='line_1_7' title="bbox 682 1502 1835 1592; baseline 0.002 -24"><span class='ocrx_word' id='word_1_39' title='bbox 682 1504 735 1584; x_wconf 86' lang='lat' dir='ltr'>VI,</span> <span class='ocrx_word' id='word_1_40' title='bbox 761 1503 792 1569; x_wconf 84' lang='lat'>9.</span> <span class='ocrx_word' id='word_1_41' title='bbox 823 1504 929 1570; x_wconf 87' lang='lat' dir='ltr'>Venus</span> <span class='ocrx_word' id='word_1_42' title='bbox 952 1504 1099 1592; x_wconf 81' lang='lat' dir='ltr'><strong>Psychen</strong></span> <span class='ocrx_word' id='word_1_43' title='bbox 1121 1525 1138 1569; x_wconf 92' lang='lat' dir='ltr'>s</span> <span class='ocrx_word' id='word_1_44' title='bbox 1161 1503 1227 1569; x_wconf 88' lang='lat' dir='ltr'>filio</span> <span class='ocrx_word' id='word_1_45' title='bbox 1251 1524 1309 1569; x_wconf 91' lang='lat' dir='ltr'>suo</span> <span class='ocrx_word' id='word_1_46' title='bbox 1330 1502 1499 1592; x_wconf 82' lang='lat' dir='ltr'>gravidam</span> <span class='ocrx_word' id='word_1_47' title='bbox 1521 1503 1640 1568; x_wconf 85' lang='lat' dir='ltr'>factam</span> <span class='ocrx_word' id='word_1_48' title='bbox 1665 1510 1835 1570; x_wconf 82' lang='lat' dir='ltr'>contume</span> 
     </span>
     <span class='ocr_line' id='line_1_8' title="bbox 634 1610 1839 1698; baseline -0.002 -21"><span class='ocrx_word' id='word_1_49' title='bbox 634 1610 723 1677; x_wconf 90' lang='lat' dir='ltr'>liosis</span> <span class='ocrx_word' id='word_1_50' title='bbox 751 1612 876 1698; x_wconf 83' lang='lat' dir='ltr'>probris</span> <span class='ocrx_word' id='word_1_51' title='bbox 906 1613 1043 1697; x_wconf 85' lang='lat' dir='ltr'>excipit:</span> <span class='ocrx_word' id='word_1_52' title='bbox 1074 1611 1163 1676; x_wconf 69' lang='lat' dir='ltr'>reae</span> <span class='ocrx_word' id='word_1_53' title='bbox 1194 1633 1262 1674; x_wconf 85' lang='lat' dir='ltr'>aero</span> <span class='ocrx_word' id='word_1_54' title='bbox 1289 1633 1349 1691; x_wconf 70' lang='lat' dir='ltr'>epo,</span> <span class='ocrx_word' id='word_1_55' title='bbox 1373 1633 1449 1695; x_wconf 81' lang='lat' dir='ltr'>qaae</span> <span class='ocrx_word' id='word_1_56' title='bbox 1469 1610 1502 1673; x_wconf 78' lang='lat' dir='ltr'>ia</span> <span class='ocrx_word' id='word_1_57' title='bbox 1525 1611 1590 1692; x_wconf 71' lang='lat' dir='ltr'>apto</span> <span class='ocrx_word' id='word_1_58' title='bbox 1614 1612 1735 1675; x_wconf 74' lang='lat' dir='ltr'>aetatis</span> <span class='ocrx_word' id='word_1_59' title='bbox 1758 1626 1839 1675; x_wconf 71' lang='lat' dir='ltr'>neae</span> 
     </span>
     <span class='ocr_line' id='line_1_9' title="bbox 637 1716 1837 1800; baseline -0.005 -13"><span class='ocrx_word' id='word_1_60' title='bbox 637 1721 710 1787; x_wconf 78' lang='lat' dir='ltr'>tore</span> <span class='ocrx_word' id='word_1_61' title='bbox 736 1720 859 1783; x_wconf 83' lang='lat' dir='ltr'>vocabor</span> <span class='ocrx_word' id='word_1_62' title='bbox 888 1720 958 1782; x_wconf 85' lang='lat' dir='ltr'>aoia</span> <span class='ocrx_word' id='word_1_63' title='bbox 990 1725 1020 1782; x_wconf 84' lang='lat' dir='ltr'>ct</span> <span class='ocrx_word' id='word_1_64' title='bbox 1048 1718 1121 1782; x_wconf 73' lang='lat' dir='ltr'>aitis</span> <span class='ocrx_word' id='word_1_65' title='bbox 1152 1717 1283 1781; x_wconf 74' lang='lat' dir='ltr'>ancittae</span> <span class='ocrx_word' id='word_1_66' title='bbox 1305 1716 1399 1800; x_wconf 68' lang='lat' dir='ltr'>filim</span> <span class='ocrx_word' id='word_1_67' title='bbox 1430 1739 1520 1799; x_wconf 75' lang='lat' dir='ltr'>sapor</span> <span class='ocrx_word' id='word_1_68' title='bbox 1555 1716 1685 1781; x_wconf 71' lang='lat' dir='ltr'>Venaria</span> <span class='ocrx_word' id='word_1_69' title='bbox 1718 1720 1837 1781; x_wconf 72' lang='lat' dir='ltr'>audiet.</span> 
     </span>
     <span class='ocr_line' id='line_1_10' title="bbox 635 1822 1839 1911; baseline 0 -22"><span class='ocrx_word' id='word_1_70' title='bbox 635 1822 817 1911; x_wconf 76' lang='lat' dir='ltr'>Singularis</span> <span class='ocrx_word' id='word_1_71' title='bbox 850 1825 991 1909; x_wconf 86' lang='lat' dir='ltr'>profecto</span> <span class='ocrx_word' id='word_1_72' title='bbox 1025 1826 1257 1890; x_wconf 89' lang='lat' dir='ltr'>sententiarum</span> <span class='ocrx_word' id='word_1_73' title='bbox 1294 1843 1472 1900; x_wconf 84' lang='lat' dir='ltr'>connexus,</span> <span class='ocrx_word' id='word_1_74' title='bbox 1510 1823 1749 1901; x_wconf 89' lang='lat' dir='ltr'>manifestum,</span> <span class='ocrx_word' id='word_1_75' title='bbox 1788 1845 1839 1889; x_wconf 88' lang='lat' dir='ltr'>me</span> 
     </span>
     <span class='ocr_line' id='line_1_11' title="bbox 634 1929 1842 2017; baseline 0.001 -22"><span class='ocrx_word' id='word_1_76' title='bbox 634 1930 758 2007; x_wconf 87' lang='lat' dir='ltr'>indiae,</span> <span class='ocrx_word' id='word_1_77' title='bbox 782 1929 912 1997; x_wconf 89' lang='lat' dir='ltr'>lacunae</span> <span class='ocrx_word' id='word_1_78' title='bbox 935 1931 1102 1996; x_wconf 88' lang='lat' dir='ltr'>indicium.</span> <span class='ocrx_word' id='word_1_79' title='bbox 1125 1929 1195 1995; x_wconf 88' lang='lat' dir='ltr'>Iam</span> <span class='ocrx_word' id='word_1_80' title='bbox 1219 1952 1237 1995; x_wconf 91' lang='lat' dir='ltr'>e</span> <span class='ocrx_word' id='word_1_81' title='bbox 1260 1930 1464 2016; x_wconf 80' lang='lat' dir='ltr'><strong>sequentibus</strong></span> <span class='ocrx_word' id='word_1_82' title='bbox 1487 1931 1652 2017; x_wconf 79' lang='lat' dir='ltr'>apparebit</span> <span class='ocrx_word' id='word_1_83' title='bbox 1678 1930 1842 2016; x_wconf 79' lang='lat' dir='ltr'>quidhoc</span> 
     </span>
     <span class='ocr_line' id='line_1_12' title="bbox 505 2035 1841 2135; baseline -0.001 -32"><span class='ocrx_word' id='word_1_84' title='bbox 505 2106 521 2135; x_wconf 53' lang='grc' dir='ltr'><em>Ι</em></span> <span class='ocrx_word' id='word_1_85' title='bbox 634 2035 705 2103; x_wconf 88' lang='lat' dir='ltr'>loco</span> <span class='ocrx_word' id='word_1_86' title='bbox 729 2037 892 2103; x_wconf 84' lang='lat' dir='ltr'>exciderit.</span> <span class='ocrx_word' id='word_1_87' title='bbox 916 2036 968 2103; x_wconf 79' lang='lat' dir='ltr'>Sic</span> <span class='ocrx_word' id='word_1_88' title='bbox 992 2041 1079 2103; x_wconf 89' lang='lat' dir='ltr'>enim</span> <span class='ocrx_word' id='word_1_89' title='bbox 1104 2040 1213 2123; x_wconf 81' lang='lat' dir='ltr'>pergit</span> <span class='ocrx_word' id='word_1_90' title='bbox 1236 2039 1317 2101; x_wconf 92' lang='lat' dir='ltr'>irata</span> <span class='ocrx_word' id='word_1_91' title='bbox 1341 2035 1416 2102; x_wconf 87' lang='lat' dir='ltr'>dea:</span> <span class='ocrx_word' id='word_1_92' title='bbox 1444 2038 1625 2121; x_wconf 75' lang='lat' dir='ltr'>Quamquam</span> <span class='ocrx_word' id='word_1_93' title='bbox 1649 2037 1769 2120; x_wconf 77' lang='lat' dir='ltr'>inepta</span> <span class='ocrx_word' id='word_1_94' title='bbox 1794 2059 1841 2119; x_wconf 71' lang='lat' dir='ltr'>eya</span> 
     </span>
    </p>
   </div>
   <div class='ocr_carea' id='block_1_4' title="bbox 632 2143 1840 3084">
    <p class='ocr_par' dir='ltr' id='par_1_4' title="bbox 632 2143 1840 3084">
     <span class='ocr_line' id='line_1_13' title="bbox 637 2143 1840 2229; baseline 0.003 -23"><span class='ocrx_word' id='word_1_95' title='bbox 637 2144 787 2229; x_wconf 64' lang='lat' dir='ltr'>&lt;quact&gt;</span> <span class='ocrx_word' id='word_1_96' title='bbox 802 2145 934 2229; x_wconf 74' lang='lat' dir='ltr'>frastra</span> <span class='ocrx_word' id='word_1_97' title='bbox 947 2144 1054 2227; x_wconf 75' lang='lat' dir='ltr'>sitiam</span> <span class='ocrx_word' id='word_1_98' title='bbox 1077 2145 1184 2208; x_wconf 80' lang='lat' dir='ltr'>dicam.</span> <span class='ocrx_word' id='word_1_99' title='bbox 1209 2144 1345 2226; x_wconf 78' lang='lat' dir='ltr'>[orporea</span> <span class='ocrx_word' id='word_1_100' title='bbox 1369 2143 1447 2207; x_wconf 78' lang='lat' dir='ltr'>caira</span> <span class='ocrx_word' id='word_1_101' title='bbox 1471 2143 1596 2225; x_wconf 71' lang='lat' dir='ltr'>nuptiae</span> <span class='ocrx_word' id='word_1_102' title='bbox 1621 2151 1651 2207; x_wconf 84' lang='lat' dir='ltr'>et</span> <span class='ocrx_word' id='word_1_103' title='bbox 1671 2152 1840 2226; x_wconf 75' lang='lat' dir='ltr'><em>praetem</em></span> 
     </span>
     <span class='ocr_line' id='line_1_14' title="bbox 637 2249 1839 2334; baseline 0.001 -19"><span class='ocrx_word' id='word_1_104' title='bbox 637 2250 670 2315; x_wconf 74' lang='lat' dir='ltr'>ia</span> <span class='ocrx_word' id='word_1_105' title='bbox 692 2249 770 2314; x_wconf 82' lang='lat' dir='ltr'>oilla</span> <span class='ocrx_word' id='word_1_106' title='bbox 793 2249 859 2314; x_wconf 81' lang='lat' dir='ltr'>ciac</span> <span class='ocrx_word' id='word_1_107' title='bbox 881 2251 1002 2315; x_wconf 71' lang='lat' dir='ltr'>tortitiae</span> <span class='ocrx_word' id='word_1_108' title='bbox 1026 2257 1055 2314; x_wconf 85' lang='lat' dir='ltr'>ct</span> <span class='ocrx_word' id='word_1_109' title='bbox 1069 2258 1161 2333; x_wconf 85' lang='lat' dir='ltr'>patre</span> <span class='ocrx_word' id='word_1_110' title='bbox 1179 2272 1238 2314; x_wconf 74' lang='lat' dir='ltr'>aon</span> <span class='ocrx_word' id='word_1_111' title='bbox 1257 2249 1457 2314; x_wconf 77' lang='lat' dir='ltr'>comeaticatc</span> <span class='ocrx_word' id='word_1_112' title='bbox 1466 2250 1578 2334; x_wconf 80' lang='lat' dir='ltr'>sactae</span> <span class='ocrx_word' id='word_1_113' title='bbox 1598 2249 1765 2331; x_wconf 69' lang='lat' dir='ltr'>tepita&#39;mac</span> <span class='ocrx_word' id='word_1_114' title='bbox 1783 2275 1839 2316; x_wconf 77' lang='lat' dir='ltr'>aaa</span> 
     </span>
     <span class='ocr_line' id='line_1_15' title="bbox 632 2353 1839 2442; baseline 0.002 -21"><span class='ocrx_word' id='word_1_115' title='bbox 632 2364 760 2442; x_wconf 79' lang='lat' dir='ltr'>pocamt</span> <span class='ocrx_word' id='word_1_116' title='bbox 790 2356 889 2420; x_wconf 77' lang='lat' dir='ltr'>uideri</span> <span class='ocrx_word' id='word_1_117' title='bbox 920 2381 955 2421; x_wconf 92' lang='lat' dir='ltr'>oc</span> <span class='ocrx_word' id='word_1_118' title='bbox 979 2379 1039 2440; x_wconf 82' lang='lat' dir='ltr'>per</span> <span class='ocrx_word' id='word_1_119' title='bbox 1069 2358 1122 2421; x_wconf 81' lang='lat' dir='ltr'>hoc</span> <span class='ocrx_word' id='word_1_120' title='bbox 1151 2355 1274 2438; x_wconf 76' lang='lat' dir='ltr'>aporiae</span> <span class='ocrx_word' id='word_1_121' title='bbox 1304 2356 1362 2419; x_wconf 77' lang='lat' dir='ltr'>iate</span> <span class='ocrx_word' id='word_1_122' title='bbox 1391 2362 1530 2420; x_wconf 67' lang='lat' dir='ltr'>caecetur</span> <span class='ocrx_word' id='word_1_123' title='bbox 1649 2353 1839 2424; x_wconf 77' lang='lat' dir='ltr'>Cuiusnam</span> 
     </span>
     <span class='ocr_line' id='line_1_16' title="bbox 637 2462 1839 2553; baseline -0.002 -23"><span class='ocrx_word' id='word_1_124' title='bbox 637 2485 753 2553; x_wconf 88' lang='lat' dir='ltr'>quaeso</span> <span class='ocrx_word' id='word_1_125' title='bbox 783 2462 888 2528; x_wconf 87' lang='lat' dir='ltr'>filium</span> <span class='ocrx_word' id='word_1_126' title='bbox 918 2484 983 2528; x_wconf 89' lang='lat' dir='ltr'>non</span> <span class='ocrx_word' id='word_1_127' title='bbox 1013 2463 1137 2528; x_wconf 89' lang='lat' dir='ltr'>dictum</span> <span class='ocrx_word' id='word_1_128' title='bbox 1166 2465 1207 2526; x_wconf 91' lang='lat' dir='ltr'>iri</span> <span class='ocrx_word' id='word_1_129' title='bbox 1231 2463 1405 2542; x_wconf 84' lang='lat' dir='ltr'>infantem,</span> <span class='ocrx_word' id='word_1_130' title='bbox 1430 2483 1526 2548; x_wconf 89' lang='lat' dir='ltr'>quem</span> <span class='ocrx_word' id='word_1_131' title='bbox 1548 2464 1582 2527; x_wconf 91' lang='lat' dir='ltr'>in</span> <span class='ocrx_word' id='word_1_132' title='bbox 1607 2469 1708 2529; x_wconf 91' lang='lat' dir='ltr'>utero</span> <span class='ocrx_word' id='word_1_133' title='bbox 1733 2472 1839 2552; x_wconf 81' lang='lat' dir='ltr'>gestat</span> 
     </span>
     <span class='ocr_line' id='line_1_17' title="bbox 637 2566 1838 2659; baseline -0.002 -21"><span class='ocrx_word' id='word_1_134' title='bbox 637 2571 781 2659; x_wconf 88' lang='lat' dir='ltr'>Psyche,</span> <span class='ocrx_word' id='word_1_135' title='bbox 806 2572 949 2635; x_wconf 90' lang='lat' dir='ltr'>minitari</span> <span class='ocrx_word' id='word_1_136' title='bbox 971 2576 1078 2656; x_wconf 88' lang='lat' dir='ltr'>potest</span> <span class='ocrx_word' id='word_1_137' title='bbox 1100 2566 1227 2634; x_wconf 77' lang='lat' dir='ltr'>Venus?</span> <span class='ocrx_word' id='word_1_138' title='bbox 1248 2567 1410 2656; x_wconf 84' lang='lat' dir='ltr'>Psyches?</span> <span class='ocrx_word' id='word_1_139' title='bbox 1430 2590 1471 2634; x_wconf 90' lang='lat' dir='ltr'>an</span> <span class='ocrx_word' id='word_1_140' title='bbox 1490 2572 1541 2635; x_wconf 93' lang='lat' dir='ltr'>sui</span> <span class='ocrx_word' id='word_1_141' title='bbox 1561 2567 1621 2634; x_wconf 90' lang='lat' dir='ltr'>tilii</span> <span class='ocrx_word' id='word_1_142' title='bbox 1639 2568 1838 2658; x_wconf 76' lang='lat' dir='ltr'>Cupidinis?</span> 
     </span>
     <span class='ocr_line' id='line_1_18' title="bbox 638 2676 1839 2766; baseline -0.001 -22"><span class='ocrx_word' id='word_1_143' title='bbox 638 2677 747 2744; x_wconf 87' lang='lat' dir='ltr'>Huius</span> <span class='ocrx_word' id='word_1_144' title='bbox 769 2678 919 2762; x_wconf 84' lang='lat' dir='ltr'>profecto.</span> <span class='ocrx_word' id='word_1_145' title='bbox 951 2676 1038 2763; x_wconf 75' lang='lat' dir='ltr'>Ergo</span> <span class='ocrx_word' id='word_1_146' title='bbox 1060 2698 1188 2741; x_wconf 88' lang='lat' dir='ltr'>mecum</span> <span class='ocrx_word' id='word_1_147' title='bbox 1213 2679 1258 2742; x_wconf 89' lang='lat' dir='ltr'>sia</span> <span class='ocrx_word' id='word_1_148' title='bbox 1281 2681 1420 2763; x_wconf 80' lang='lat' dir='ltr'>corrige:</span> <span class='ocrx_word' id='word_1_149' title='bbox 1452 2677 1541 2741; x_wconf 81' lang='lat' dir='ltr'>Folia</span> <span class='ocrx_word' id='word_1_150' title='bbox 1565 2699 1633 2741; x_wconf 79' lang='lat' dir='ltr'>vero</span> <span class='ocrx_word' id='word_1_151' title='bbox 1661 2701 1739 2762; x_wconf 63' lang='lat' dir='ltr'>aaa,</span> <span class='ocrx_word' id='word_1_152' title='bbox 1765 2702 1839 2766; x_wconf 77' lang='lat' dir='ltr'>qaae</span> 
     </span>
     <span class='ocr_line' id='line_1_19' title="bbox 637 2782 1840 2866; baseline 0.002 -19"><span class='ocrx_word' id='word_1_153' title='bbox 637 2783 671 2848; x_wconf 79' lang='lat' dir='ltr'>ia</span> <span class='ocrx_word' id='word_1_154' title='bbox 705 2783 770 2866; x_wconf 79' lang='lat' dir='ltr'>ipro</span> <span class='ocrx_word' id='word_1_155' title='bbox 805 2783 915 2847; x_wconf 73' lang='lat' dir='ltr'>aetatis</span> <span class='ocrx_word' id='word_1_156' title='bbox 943 2805 1024 2847; x_wconf 84' lang='lat' dir='ltr'>meac</span> <span class='ocrx_word' id='word_1_157' title='bbox 1046 2785 1128 2866; x_wconf 79' lang='lat' dir='ltr'>flora</span> <span class='ocrx_word' id='word_1_158' title='bbox 1157 2783 1280 2846; x_wconf 82' lang='lat' dir='ltr'>vocabor</span> <span class='ocrx_word' id='word_1_159' title='bbox 1309 2782 1390 2847; x_wconf 81' lang='lat' dir='ltr'>coia.</span> <span class='ocrx_word' id='word_1_160' title='bbox 1415 2782 1566 2862; x_wconf 79' lang='lat' dir='ltr'>&lt;Iamiam</span> <span class='ocrx_word' id='word_1_161' title='bbox 1592 2785 1840 2866; x_wconf 76' lang='lat' dir='ltr'>Oapidiaia)et</span> 
     </span>
     <span class='ocr_line' id='line_1_20' title="bbox 637 2887 1839 2975; baseline 0 -20"><span class='ocrx_word' id='word_1_162' title='bbox 637 2890 710 2956; x_wconf 74' lang='lat' dir='ltr'>vitta</span> <span class='ocrx_word' id='word_1_163' title='bbox 742 2889 873 2953; x_wconf 62' lang='lat' dir='ltr'>aaattac</span> <span class='ocrx_word' id='word_1_164' title='bbox 893 2889 987 2972; x_wconf 81' lang='lat' dir='ltr'>filiae</span> <span class='ocrx_word' id='word_1_165' title='bbox 1017 2910 1106 2971; x_wconf 75' lang='lat' dir='ltr'>nepot</span> <span class='ocrx_word' id='word_1_166' title='bbox 1135 2887 1160 2951; x_wconf 75' lang='lat'>1⁷</span> <span class='ocrx_word' id='word_1_167' title='bbox 1161 2889 1257 2952; x_wconf 69' lang='lat' dir='ltr'>ciceris</span> <span class='ocrx_word' id='word_1_168' title='bbox 1288 2889 1415 2952; x_wconf 81' lang='lat' dir='ltr'>audiet!</span> <span class='ocrx_word' id='word_1_169' title='bbox 1441 2889 1622 2974; x_wconf 69' lang='lat' dir='ltr'>Quanquam</span> <span class='ocrx_word' id='word_1_170' title='bbox 1648 2890 1765 2975; x_wconf 72' lang='lat' dir='ltr'>inepta</span> <span class='ocrx_word' id='word_1_171' title='bbox 1791 2913 1839 2975; x_wconf 69' lang='lat' dir='ltr'>cao</span> 
     </span>
     <span class='ocr_line' id='line_1_21' title="bbox 638 2996 1253 3084; baseline -0.002 -23"><span class='ocrx_word' id='word_1_172' title='bbox 638 2997 789 3084; x_wconf 80' lang='lat' dir='ltr'>&lt;qaaa?&gt;</span> <span class='ocrx_word' id='word_1_173' title='bbox 804 2997 934 3081; x_wconf 74' lang='lat' dir='ltr'>frastra</span> <span class='ocrx_word' id='word_1_174' title='bbox 945 2997 1052 3080; x_wconf 74' lang='lat' dir='ltr'>sitiam</span> <span class='ocrx_word' id='word_1_175' title='bbox 1074 2996 1170 3060; x_wconf 82' lang='lat' dir='ltr'>dicam</span> <span class='ocrx_word' id='word_1_176' title='bbox 1194 3001 1253 3062; x_wconf 87' lang='lat' dir='ltr'>etc.</span> 
     </span>
    </p>
   </div>
   <div class='ocr_carea' id='block_1_5' title="bbox 683 3214 1838 3303">
    <p class='ocr_par' dir='ltr' id='par_1_5' title="bbox 683 3214 1838 3303">
     <span class='ocr_line' id='line_1_22' title="bbox 683 3214 1838 3303; baseline 0.005 -24"><span class='ocrx_word' id='word_1_177' title='bbox 683 3214 751 3293; x_wconf 87' lang='lat' dir='ltr'>VH,</span> <span class='ocrx_word' id='word_1_178' title='bbox 776 3215 806 3281; x_wconf 86' lang='lat'>5.</span> <span class='ocrx_word' id='word_1_179' title='bbox 838 3215 994 3303; x_wconf 81' lang='lat' dir='ltr'>Depingit</span> <span class='ocrx_word' id='word_1_180' title='bbox 1024 3214 1183 3301; x_wconf 83' lang='lat' dir='ltr'>Apuleios</span> <span class='ocrx_word' id='word_1_181' title='bbox 1215 3215 1373 3281; x_wconf 90' lang='lat' dir='ltr'>latronem</span> <span class='ocrx_word' id='word_1_182' title='bbox 1396 3216 1555 3301; x_wconf 89' lang='lat' dir='ltr'>quendam</span> <span class='ocrx_word' id='word_1_183' title='bbox 1577 3222 1729 3303; x_wconf 88' lang='lat' dir='ltr'>corporis</span> <span class='ocrx_word' id='word_1_184' title='bbox 1753 3218 1838 3285; x_wconf 88' lang='lat' dir='ltr'>mole</span> 
     </span>
    </p>
   </div>
   <div class='ocr_carea' id='block_1_6' title="bbox 542 3322 1839 3409">
    <p class='ocr_par' dir='ltr' id='par_1_6' title="bbox 542 3322 1839 3409">
     <span class='ocr_line' id='line_1_23' title="bbox 542 3322 1839 3409; baseline 0.003 -22"><span class='ocrx_word' id='word_1_185' title='bbox 542 3381 549 3393; x_wconf 88' lang='grc'>,</span> <span class='ocrx_word' id='word_1_186' title='bbox 637 3322 851 3409; x_wconf 85' lang='lat' dir='ltr'>stupendum,</span> <span class='ocrx_word' id='word_1_187' title='bbox 874 3324 929 3386; x_wconf 83' lang='lat' dir='ltr'>scd</span> <span class='ocrx_word' id='word_1_188' title='bbox 944 3322 1040 3405; x_wconf 76' lang='lat' dir='ltr'>plaiae</span> <span class='ocrx_word' id='word_1_189' title='bbox 1062 3322 1247 3385; x_wconf 77' lang='lat' dir='ltr'>centunculis</span> <span class='ocrx_word' id='word_1_190' title='bbox 1269 3322 1441 3404; x_wconf 69' lang='lat' dir='ltr'>disparibus</span> <span class='ocrx_word' id='word_1_191' title='bbox 1463 3330 1492 3385; x_wconf 83' lang='lat' dir='ltr'>et</span> <span class='ocrx_word' id='word_1_192' title='bbox 1513 3322 1590 3385; x_wconf 75' lang='lat' dir='ltr'>mate</span> <span class='ocrx_word' id='word_1_193' title='bbox 1612 3327 1839 3391; x_wconf 68' lang='lat' dir='ltr'>consarcinatis</span> 
     </span>
    </p>
   </div>
   <div class='ocr_carea' id='block_1_7' title="bbox 636 3428 1846 4344">
    <p class='ocr_par' dir='ltr' id='par_1_7' title="bbox 636 3428 1846 4344">
     <span class='ocr_line' id='line_1_24' title="bbox 636 3428 1839 3514; baseline 0.004 -22"><span class='ocrx_word' id='word_1_194' title='bbox 636 3428 861 3507; x_wconf 66' lang='lat' dir='ltr'>timiamateriis,</span> <span class='ocrx_word' id='word_1_195' title='bbox 886 3428 965 3491; x_wconf 78' lang='lat' dir='ltr'>inter</span> <span class='ocrx_word' id='word_1_196' title='bbox 988 3450 1060 3514; x_wconf 82' lang='lat' dir='ltr'>qaae</span> <span class='ocrx_word' id='word_1_197' title='bbox 1077 3435 1186 3510; x_wconf 79' lang='lat' dir='ltr'>pactae</span> <span class='ocrx_word' id='word_1_198' title='bbox 1210 3435 1239 3492; x_wconf 88' lang='lat' dir='ltr'>ct</span> <span class='ocrx_word' id='word_1_199' title='bbox 1260 3435 1361 3491; x_wconf 68' lang='lat' dir='ltr'>venta</span> <span class='ocrx_word' id='word_1_200' title='bbox 1385 3435 1519 3491; x_wconf 57' lang='lat' dir='ltr'>mactata</span> <span class='ocrx_word' id='word_1_201' title='bbox 1541 3428 1685 3493; x_wconf 73' lang='lat' dir='ltr'>crassitie</span> <span class='ocrx_word' id='word_1_202' title='bbox 1711 3432 1839 3496; x_wconf 77' lang='lat' dir='ltr'>retacta·</span> 
     </span>
     <span class='ocr_line' id='line_1_25' title="bbox 638 3534 1838 3620; baseline 0.006 -23"><span class='ocrx_word' id='word_1_203' title='bbox 638 3536 718 3599; x_wconf 78' lang='lat' dir='ltr'>bant.</span> <span class='ocrx_word' id='word_1_204' title='bbox 751 3534 832 3614; x_wconf 83' lang='lat' dir='ltr'>Quid</span> <span class='ocrx_word' id='word_1_205' title='bbox 863 3537 905 3599; x_wconf 89' lang='lat' dir='ltr'>sit</span> <span class='ocrx_word' id='word_1_206' title='bbox 934 3535 1019 3620; x_wconf 89' lang='lat' dir='ltr'>quod</span> <span class='ocrx_word' id='word_1_207' title='bbox 1050 3542 1161 3599; x_wconf 89' lang='lat' dir='ltr'>venter</span> <span class='ocrx_word' id='word_1_208' title='bbox 1192 3544 1225 3599; x_wconf 90' lang='lat' dir='ltr'>et</span> <span class='ocrx_word' id='word_1_209' title='bbox 1255 3544 1365 3620; x_wconf 89' lang='lat' dir='ltr'>pectus</span> <span class='ocrx_word' id='word_1_210' title='bbox 1397 3536 1476 3599; x_wconf 80' lang='lat' dir='ltr'>inter</span> <span class='ocrx_word' id='word_1_211' title='bbox 1499 3536 1695 3601; x_wconf 79' lang='lat' dir='ltr'>ceataacatoc</span> <span class='ocrx_word' id='word_1_212' title='bbox 1719 3538 1838 3605; x_wconf 86' lang='lat' dir='ltr'>luctari</span> 
     </span>
     <span class='ocr_line' id='line_1_26' title="bbox 638 3638 1840 3726; baseline 0.002 -20"><span class='ocrx_word' id='word_1_213' title='bbox 638 3643 706 3706; x_wconf 90' lang='lat' dir='ltr'>sive</span> <span class='ocrx_word' id='word_1_214' title='bbox 728 3638 884 3705; x_wconf 89' lang='lat' dir='ltr'>reluctare</span> <span class='ocrx_word' id='word_1_215' title='bbox 907 3643 1049 3705; x_wconf 80' lang='lat' dir='ltr'>crassitie</span> <span class='ocrx_word' id='word_1_216' title='bbox 1073 3640 1233 3719; x_wconf 88' lang='lat' dir='ltr'>dicuntur,</span> <span class='ocrx_word' id='word_1_217' title='bbox 1259 3661 1368 3705; x_wconf 87' lang='lat' dir='ltr'>vereor</span> <span class='ocrx_word' id='word_1_218' title='bbox 1390 3648 1427 3704; x_wconf 92' lang='lat' dir='ltr'>ut</span> <span class='ocrx_word' id='word_1_219' title='bbox 1450 3639 1597 3726; x_wconf 79' lang='lat' dir='ltr'>intellegi</span> <span class='ocrx_word' id='word_1_220' title='bbox 1620 3646 1741 3726; x_wconf 88' lang='lat' dir='ltr'>possit.</span> <span class='ocrx_word' id='word_1_221' title='bbox 1771 3643 1840 3711; x_wconf 79' lang='lat' dir='ltr'>For</span> 
     </span>
     <span class='ocr_line' id='line_1_27' title="bbox 638 3745 1839 3833; baseline 0.004 -21"><span class='ocrx_word' id='word_1_222' title='bbox 638 3749 721 3812; x_wconf 90' lang='lat' dir='ltr'>sitan</span> <span class='ocrx_word' id='word_1_223' title='bbox 751 3750 912 3831; x_wconf 85' lang='lat' dir='ltr'>scripserit</span> <span class='ocrx_word' id='word_1_224' title='bbox 941 3745 1098 3833; x_wconf 85' lang='lat' dir='ltr'>Apuleius</span> <span class='ocrx_word' id='word_1_225' title='bbox 1128 3747 1337 3811; x_wconf 62' lang='lat' dir='ltr'>remeabant.</span> <span class='ocrx_word' id='word_1_226' title='bbox 1363 3745 1458 3811; x_wconf 88' lang='lat' dir='ltr'>Verbi</span> <span class='ocrx_word' id='word_1_227' title='bbox 1481 3746 1564 3833; x_wconf 90' lang='lat' dir='ltr'>quod</span> <span class='ocrx_word' id='word_1_228' title='bbox 1588 3755 1637 3812; x_wconf 89' lang='lat' dir='ltr'>est</span> <span class='ocrx_word' id='word_1_229' title='bbox 1664 3750 1839 3817; x_wconf 84' lang='lat' dir='ltr'>reluaitare</span> 
     </span>
     <span class='ocr_line' id='line_1_28' title="bbox 639 3850 1839 3939; baseline 0.002 -20"><span class='ocrx_word' id='word_1_230' title='bbox 639 3853 733 3919; x_wconf 89' lang='lat' dir='ltr'>bodie</span> <span class='ocrx_word' id='word_1_231' title='bbox 762 3852 892 3917; x_wconf 89' lang='lat' dir='ltr'>nullum</span> <span class='ocrx_word' id='word_1_232' title='bbox 923 3852 1006 3938; x_wconf 91' lang='lat' dir='ltr'>quod</span> <span class='ocrx_word' id='word_1_233' title='bbox 1037 3855 1135 3917; x_wconf 91' lang='lat' dir='ltr'>sciam</span> <span class='ocrx_word' id='word_1_234' title='bbox 1166 3855 1200 3916; x_wconf 91' lang='lat' dir='ltr'>in</span> <span class='ocrx_word' id='word_1_235' title='bbox 1222 3850 1342 3917; x_wconf 88' lang='lat' dir='ltr'>litteris</span> <span class='ocrx_word' id='word_1_236' title='bbox 1366 3855 1504 3917; x_wconf 89' lang='lat' dir='ltr'>occurrit</span> <span class='ocrx_word' id='word_1_237' title='bbox 1526 3855 1724 3939; x_wconf 78' lang='lat' dir='ltr'>vestigium.</span> <span class='ocrx_word' id='word_1_238' title='bbox 1751 3858 1839 3924; x_wconf 84' lang='lat' dir='ltr'>Esto.</span> 
     </span>
     <span class='ocr_line' id='line_1_29' title="bbox 639 3957 1841 4045; baseline 0.005 -21"><span class='ocrx_word' id='word_1_239' title='bbox 639 3962 683 4025; x_wconf 89' lang='lat' dir='ltr'>At</span> <span class='ocrx_word' id='word_1_240' title='bbox 706 3960 818 4045; x_wconf 90' lang='lat' dir='ltr'>quidni</span> <span class='ocrx_word' id='word_1_241' title='bbox 841 3958 1004 4045; x_wconf 91' lang='lat' dir='ltr'>probabile</span> <span class='ocrx_word' id='word_1_242' title='bbox 1026 3962 1083 4037; x_wconf 88' lang='lat' dir='ltr'>sit,</span> <span class='ocrx_word' id='word_1_243' title='bbox 1110 3958 1382 4043; x_wconf 86' lang='lat' dir='ltr'>quemadmodum</span> <span class='ocrx_word' id='word_1_244' title='bbox 1405 3966 1491 4023; x_wconf 91' lang='lat' dir='ltr'>certa</span> <span class='ocrx_word' id='word_1_245' title='bbox 1514 3957 1665 4045; x_wconf 79' lang='lat' dir='ltr'>analogia</span> <span class='ocrx_word' id='word_1_246' title='bbox 1688 3962 1784 4030; x_wconf 88' lang='lat' dir='ltr'>ducti</span> <span class='ocrx_word' id='word_1_247' title='bbox 1804 3966 1841 4030; x_wconf 77' lang='lat' dir='ltr'>ab</span> 
     </span>
     <span class='ocr_line' id='line_1_30' title="bbox 639 4065 1842 4142; baseline 0.006 -13"><span class='ocrx_word' id='word_1_248' title='bbox 639 4067 746 4131; x_wconf 81' lang='lat' dir='ltr'>tabere</span> <span class='ocrx_word' id='word_1_249' title='bbox 767 4066 913 4142; x_wconf 78' lang='lat' dir='ltr'>habitare,</span> <span class='ocrx_word' id='word_1_250' title='bbox 939 4086 958 4130; x_wconf 92' lang='lat' dir='ltr'>a</span> <span class='ocrx_word' id='word_1_251' title='bbox 980 4066 1074 4129; x_wconf 82' lang='lat' dir='ltr'>tatere</span> <span class='ocrx_word' id='word_1_252' title='bbox 1097 4065 1232 4141; x_wconf 80' lang='lat' dir='ltr'>latitare,</span> <span class='ocrx_word' id='word_1_253' title='bbox 1257 4085 1276 4129; x_wconf 90' lang='lat' dir='ltr'>a</span> <span class='ocrx_word' id='word_1_254' title='bbox 1299 4067 1377 4129; x_wconf 80' lang='lat' dir='ltr'>tucri</span> <span class='ocrx_word' id='word_1_255' title='bbox 1400 4066 1495 4128; x_wconf 79' lang='lat' dir='ltr'>tutari</span> <span class='ocrx_word' id='word_1_256' title='bbox 1517 4065 1639 4131; x_wconf 87' lang='lat' dir='ltr'>similia</span> <span class='ocrx_word' id='word_1_257' title='bbox 1665 4069 1842 4138; x_wconf 81' lang='lat' dir='ltr'>formarint</span> 
     </span>
     <span class='ocr_line' id='line_1_31' title="bbox 640 4170 1846 4257; baseline 0.007 -21"><span class='ocrx_word' id='word_1_258' title='bbox 640 4172 793 4248; x_wconf 90' lang='lat' dir='ltr'>Romani,</span> <span class='ocrx_word' id='word_1_259' title='bbox 826 4175 871 4237; x_wconf 92' lang='lat' dir='ltr'>sic</span> <span class='ocrx_word' id='word_1_260' title='bbox 900 4171 1019 4257; x_wconf 88' lang='lat' dir='ltr'>Apulei</span> <span class='ocrx_word' id='word_1_261' title='bbox 1042 4170 1189 4256; x_wconf 88' lang='lat' dir='ltr'>aequales</span> <span class='ocrx_word' id='word_1_262' title='bbox 1213 4191 1231 4235; x_wconf 90' lang='lat' dir='ltr'>a</span> <span class='ocrx_word' id='word_1_263' title='bbox 1255 4172 1353 4235; x_wconf 81' lang='lat' dir='ltr'>tacere</span> <span class='ocrx_word' id='word_1_264' title='bbox 1375 4179 1407 4236; x_wconf 89' lang='lat' dir='ltr'>et</span> <span class='ocrx_word' id='word_1_265' title='bbox 1429 4172 1561 4235; x_wconf 76' lang='lat' dir='ltr'>relucere</span> <span class='ocrx_word' id='word_1_266' title='bbox 1582 4172 1747 4242; x_wconf 88' lang='lat' dir='ltr'>formasse</span> <span class='ocrx_word' id='word_1_267' title='bbox 1773 4179 1846 4243; x_wconf 66' lang='lat' dir='ltr'>laci</span> 
     </span>
     <span class='ocr_line' id='line_1_32' title="bbox 642 4278 967 4344; baseline 0 -2"><span class='ocrx_word' id='word_1_268' title='bbox 642 4287 706 4343; x_wconf 71' lang='lat' dir='ltr'>tara</span> <span class='ocrx_word' id='word_1_269' title='bbox 728 4285 759 4344; x_wconf 88' lang='lat' dir='ltr'>et</span> <span class='ocrx_word' id='word_1_270' title='bbox 782 4278 967 4342; x_wconf 69' lang='lat' dir='ltr'>reticiitore?</span> 
     </span>
    </p>
   </div>
   <div class='ocr_carea' id='block_1_8' title="bbox 0 0 2271 5940">
    <p class='ocr_par' dir='ltr' id='par_1_8' title="bbox 0 0 2271 5940">
     <span class='ocr_line' id='line_1_33' title="bbox 0 0 2271 5940; baseline 0 0"><span class='ocrx_word' id='word_1_271' title='bbox 0 0 2271 5940; x_wconf 95' lang='lat' dir='ltr'> </span> 
     </span>
    </p>
   </div>
  </div>
 </body>
</html>
