<?xml version="1.0" encoding="UTF-8"?>
<!DOCTYPE html PUBLIC "-//W3C//DTD XHTML 1.0 Transitional//EN"
    "http://www.w3.org/TR/xhtml1/DTD/xhtml1-transitional.dtd">
<html xmlns="http://www.w3.org/1999/xhtml" xml:lang="en" lang="en">
 <head>
  <title>
</title>
<meta http-equiv="Content-Type" content="text/html;charset=utf-8" />
  <meta name='ocr-system' content='tesseract 3.04.00' />
  <meta name='ocr-capabilities' content='ocr_page ocr_carea ocr_par ocr_line ocrx_word'/>
</head>
<body>
  <div class='ocr_page' id='page_1' title='image "./mnemosyne07verdgoog_0431.png"; bbox 0 0 4525 5950; ppageno 0'>
   <div class='ocr_carea' id='block_1_1' title="bbox 915 649 1626 718">
    <p class='ocr_par' dir='ltr' id='par_1_1' title="bbox 915 649 1626 718">
     <span class='ocr_line' id='line_1_1' title="bbox 915 649 1626 718; baseline -0.006 0"><span class='ocrx_word' id='word_1_1' title='bbox 915 667 1155 718; x_wconf 83' lang='lat' dir='ltr'><strong>ornosuunnns.</strong></span> <span class='ocrx_word' id='word_1_2' title='bbox 1562 649 1626 715; x_wconf 85' lang='grc'><strong>411</strong></span> 
     </span>
    </p>
   </div>
   <div class='ocr_carea' id='block_1_2' title="bbox 436 830 1629 1132">
    <p class='ocr_par' dir='ltr' id='par_1_2' title="bbox 436 830 1629 1132">
     <span class='ocr_line' id='line_1_2' title="bbox 485 830 1629 919; baseline 0.003 -22"><span class='ocrx_word' id='word_1_3' title='bbox 485 835 505 918; x_wconf 56' lang='grc' dir='ltr'>ᾖ</span> <span class='ocrx_word' id='word_1_4' title='bbox 526 831 592 898; x_wconf 89' lang='grc'><strong>133</strong></span> <span class='ocrx_word' id='word_1_5' title='bbox 615 856 646 919; x_wconf 92' lang='lat' dir='ltr'><strong>p.</strong></span> <span class='ocrx_word' id='word_1_6' title='bbox 671 831 755 901; x_wconf 78' lang='lat'>497:</span> <span class='ocrx_word' id='word_1_7' title='bbox 781 835 806 898; x_wconf 88' lang='grc' dir='ltr'><strong><em>εί</em></strong></span> <span class='ocrx_word' id='word_1_8' title='bbox 830 836 873 910; x_wconf 68' lang='lat' dir='ltr'><strong>uir</strong></span> <span class='ocrx_word' id='word_1_9' title='bbox 897 833 984 909; x_wconf 82' lang='grc' dir='ltr'><strong><em>μόνον</em></strong></span> <span class='ocrx_word' id='word_1_10' title='bbox 1008 830 1194 912; x_wconf 69' lang='grc' dir='ltr'><strong>ἐξαρκέσειεν</strong></span> <span class='ocrx_word' id='word_1_11' title='bbox 1217 839 1268 898; x_wconf 82' lang='grc' dir='ltr'><strong>τόν</strong></span> <span class='ocrx_word' id='word_1_12' title='bbox 1292 835 1402 898; x_wconf 81' lang='grc' dir='ltr'><strong><em>ἐκείνου</em></strong></span> <span class='ocrx_word' id='word_1_13' title='bbox 1421 833 1524 898; x_wconf 72' lang='grc' dir='ltr'><strong><em>δοῦλον</em></strong></span> <span class='ocrx_word' id='word_1_14' title='bbox 1545 837 1629 917; x_wconf 84' lang='grc' dir='ltr'><strong>[Λν·</strong></span> 
     </span>
     <span class='ocr_line' id='line_1_3' title="bbox 437 939 1628 1026; baseline 0.004 -25"><span class='ocrx_word' id='word_1_15' title='bbox 437 941 573 1022; x_wconf 79' lang='grc' dir='ltr'><strong><em>ιείὺαν]</em></strong></span> <span class='ocrx_word' id='word_1_16' title='bbox 596 940 735 1021; x_wconf 78' lang='grc' dir='ltr'><strong><em>πρόξενον</em></strong></span> <span class='ocrx_word' id='word_1_17' title='bbox 760 939 902 1018; x_wconf 72' lang='grc' dir='ltr'><strong><em>ὑμέτερον</em></strong></span> <span class='ocrx_word' id='word_1_18' title='bbox 926 939 1134 1013; x_wconf 67' lang='grc' dir='ltr'><strong>πεποιηκέναι.</strong></span> <span class='ocrx_word' id='word_1_19' title='bbox 1158 939 1331 1026; x_wconf 88' lang='lat' dir='ltr'><strong>Proprium</strong></span> <span class='ocrx_word' id='word_1_20' title='bbox 1353 939 1491 1026; x_wconf 80' lang='lat' dir='ltr'><strong>Lycidas</strong></span> <span class='ocrx_word' id='word_1_21' title='bbox 1515 962 1628 1006; x_wconf 87' lang='lat' dir='ltr'><strong>nomen</strong></span> 
     </span>
     <span class='ocr_line' id='line_1_4' title="bbox 436 1046 1251 1132; baseline -0.006 -21"><span class='ocrx_word' id='word_1_22' title='bbox 436 1066 608 1131; x_wconf 76' lang='lat' dir='ltr'>perperam</span> <span class='ocrx_word' id='word_1_23' title='bbox 632 1068 671 1112; x_wconf 82' lang='lat' dir='ltr'><strong>ex</strong></span> <span class='ocrx_word' id='word_1_24' title='bbox 695 1047 911 1132; x_wconf 87' lang='lat' dir='ltr'><strong>superioribus</strong></span> <span class='ocrx_word' id='word_1_25' title='bbox 932 1046 1158 1112; x_wconf 72' lang='lat' dir='ltr'><strong>intercalatum</strong></span> <span class='ocrx_word' id='word_1_26' title='bbox 1181 1051 1251 1111; x_wconf 90' lang='lat' dir='ltr'><strong>est..</strong></span> 
     </span>
    </p>
   </div>
   <div class='ocr_carea' id='block_1_3' title="bbox 437 1264 1629 1884">
    <p class='ocr_par' dir='ltr' id='par_1_3' title="bbox 437 1264 1629 1884">
     <span class='ocr_line' id='line_1_5' title="bbox 484 1264 1626 1352; baseline 0 -22"><span class='ocrx_word' id='word_1_27' title='bbox 484 1264 590 1350; x_wconf 79' lang='lat'>§144</span> <span class='ocrx_word' id='word_1_28' title='bbox 620 1287 651 1352; x_wconf 89' lang='lat' dir='ltr'><strong>p.</strong></span> <span class='ocrx_word' id='word_1_29' title='bbox 677 1264 759 1332; x_wconf 88' lang='lat'>501:</span> <span class='ocrx_word' id='word_1_30' title='bbox 791 1265 841 1331; x_wconf 73' lang='grc' dir='ltr'><strong>διὰ</strong></span> <span class='ocrx_word' id='word_1_31' title='bbox 873 1267 935 1345; x_wconf 72' lang='grc' dir='ltr'><strong><em>χόιρ</em></strong></span> <span class='ocrx_word' id='word_1_32' title='bbox 967 1267 1001 1331; x_wconf 82' lang='grc' dir='ltr'><strong>τό</strong></span> <span class='ocrx_word' id='word_1_33' title='bbox 1033 1273 1220 1340; x_wconf 77' lang='grc' dir='ltr'><strong><em>τελευτῆσαι</em></strong></span> <span class='ocrx_word' id='word_1_34' title='bbox 1250 1266 1406 1331; x_wconf 72' lang='grc' dir='ltr'><strong>Βάθιππον</strong></span> <span class='ocrx_word' id='word_1_35' title='bbox 1436 1267 1487 1332; x_wconf 83' lang='grc' dir='ltr'><strong>τόν</strong></span> <span class='ocrx_word' id='word_1_36' title='bbox 1510 1266 1626 1330; x_wconf 75' lang='grc' dir='ltr'><strong><em>τουτονὶ</em></strong></span> 
     </span>
     <span class='ocr_line' id='line_1_6' title="bbox 438 1363 1629 1452; baseline 0.002 -18"><span class='ocrx_word' id='word_1_37' title='bbox 438 1371 564 1452; x_wconf 83' lang='grc' dir='ltr'><strong><em>πατίρα</em></strong></span> <span class='ocrx_word' id='word_1_38' title='bbox 589 1374 800 1451; x_wconf 70' lang='grc' dir='ltr'><strong><em>Ἀψεφίωνος,</em></strong></span> <span class='ocrx_word' id='word_1_39' title='bbox 826 1363 856 1444; x_wconf 90' lang='grc' dir='ltr'><strong>ὑς</strong></span> <span class='ocrx_word' id='word_1_40' title='bbox 882 1374 973 1437; x_wconf 84' lang='grc' dir='ltr'><strong><em>αὑτόν</em></strong></span> <span class='ocrx_word' id='word_1_41' title='bbox 1000 1371 1044 1435; x_wconf 74' lang='grc' dir='ltr'><strong>ἴτ’</strong></span> <span class='ocrx_word' id='word_1_42' title='bbox 1068 1371 1124 1437; x_wconf 70' lang='lat' dir='ltr'><strong>tet·</strong></span> <span class='ocrx_word' id='word_1_43' title='bbox 1150 1372 1310 1436; x_wconf 86' lang='grc' dir='ltr'><strong><em>ὑπεὺίννον</em></strong></span> <span class='ocrx_word' id='word_1_44' title='bbox 1335 1371 1516 1450; x_wconf 75' lang='grc' dir='ltr'><strong><em>ἕχροίὺατο,</em></strong></span> <span class='ocrx_word' id='word_1_45' title='bbox 1542 1370 1629 1445; x_wconf 78' lang='grc' dir='ltr'><strong><em>ε’ξιῑλ·</em></strong></span> 
     </span>
     <span class='ocr_line' id='line_1_7' title="bbox 437 1477 1627 1560; baseline -0.002 -17"><span class='ocrx_word' id='word_1_46' title='bbox 437 1482 485 1544; x_wconf 84' lang='grc' dir='ltr'><strong><em>ίον</em></strong></span> <span class='ocrx_word' id='word_1_47' title='bbox 520 1480 545 1543; x_wconf 92' lang='grc' dir='ltr'><strong><em>οί</em></strong></span> <span class='ocrx_word' id='word_1_48' title='bbox 576 1478 677 1558; x_wconf 87' lang='grc' dir='ltr'><strong><em>χρόνοι</em></strong></span> <span class='ocrx_word' id='word_1_49' title='bbox 709 1480 760 1543; x_wconf 81' lang='grc' dir='ltr'><strong>καί</strong></span> <span class='ocrx_word' id='word_1_50' title='bbox 794 1479 855 1542; x_wconf 83' lang='grc' dir='ltr'><strong><em>νυνί</em></strong></span> <span class='ocrx_word' id='word_1_51' title='bbox 888 1479 954 1560; x_wconf 84' lang='grc' dir='ltr'><strong><em>περί</em></strong></span> <span class='ocrx_word' id='word_1_52' title='bbox 988 1480 1084 1542; x_wconf 84' lang='grc' dir='ltr'><strong><em>αὑτοῦ</em></strong></span> <span class='ocrx_word' id='word_1_53' title='bbox 1112 1483 1165 1543; x_wconf 88' lang='grc' dir='ltr'><strong><em>τοὺ</em></strong></span> <span class='ocrx_word' id='word_1_54' title='bbox 1190 1478 1280 1554; x_wconf 78' lang='grc' dir='ltr'><strong><em>νόμον</em></strong></span> <span class='ocrx_word' id='word_1_55' title='bbox 1305 1481 1367 1547; x_wconf 76' lang='grc' dir='ltr'><strong><em>τοῖς</em></strong></span> <span class='ocrx_word' id='word_1_56' title='bbox 1392 1480 1454 1546; x_wconf 77' lang='grc' dir='ltr'><strong><em>ίςιν</em></strong></span> <span class='ocrx_word' id='word_1_57' title='bbox 1477 1478 1490 1542; x_wconf 89' lang='grc' dir='ltr'><strong><em>ό</em></strong></span> <span class='ocrx_word' id='word_1_58' title='bbox 1514 1477 1627 1556; x_wconf 76' lang='grc' dir='ltr'><strong><em>λόγος,</em></strong></span> 
     </span>
     <span class='ocr_line' id='line_1_8' title="bbox 437 1584 1629 1664; baseline -0.002 -14"><span class='ocrx_word' id='word_1_59' title='bbox 437 1587 536 1664; x_wconf 81' lang='grc' dir='ltr'><strong><em>τούτῳ</em></strong></span> <span class='ocrx_word' id='word_1_60' title='bbox 567 1585 593 1650; x_wconf 75' lang='grc' dir='ltr'><strong>δ’</strong></span> <span class='ocrx_word' id='word_1_61' title='bbox 616 1587 713 1656; x_wconf 75' lang='grc' dir='ltr'><strong><em>οὐδείς</em></strong></span> <span class='ocrx_word' id='word_1_62' title='bbox 747 1586 790 1652; x_wconf 73' lang='lat' dir='ltr'><strong>irc</strong></span> <span class='ocrx_word' id='word_1_63' title='bbox 816 1585 957 1658; x_wconf 76' lang='grc' dir='ltr'><strong><em>κίνδυνος.</em></strong></span> <span class='ocrx_word' id='word_1_64' title='bbox 990 1585 1048 1650; x_wconf 80' lang='lat' dir='ltr'><strong>Est</strong></span> <span class='ocrx_word' id='word_1_65' title='bbox 1071 1585 1148 1651; x_wconf 87' lang='lat' dir='ltr'><strong>haee</strong></span> <span class='ocrx_word' id='word_1_66' title='bbox 1171 1587 1287 1651; x_wconf 87' lang='lat' dir='ltr'><strong>veteris</strong></span> <span class='ocrx_word' id='word_1_67' title='bbox 1310 1584 1438 1650; x_wconf 85' lang='lat' dir='ltr'><strong>lectoris</strong></span> <span class='ocrx_word' id='word_1_68' title='bbox 1461 1584 1629 1649; x_wconf 82' lang='lat' dir='ltr'><strong>cuiusdam</strong></span> 
     </span>
     <span class='ocr_line' id='line_1_9' title="bbox 438 1691 1626 1777; baseline -0.003 -20"><span class='ocrx_word' id='word_1_69' title='bbox 438 1692 528 1757; x_wconf 88' lang='lat' dir='ltr'><strong>haud</strong></span> <span class='ocrx_word' id='word_1_70' title='bbox 561 1691 687 1756; x_wconf 87' lang='lat' dir='ltr'><strong>inutilis</strong></span> <span class='ocrx_word' id='word_1_71' title='bbox 721 1691 900 1770; x_wconf 85' lang='lat' dir='ltr'><strong>adnotatio;</strong></span> <span class='ocrx_word' id='word_1_72' title='bbox 933 1691 1027 1756; x_wconf 90' lang='lat' dir='ltr'><strong>modo</strong></span> <span class='ocrx_word' id='word_1_73' title='bbox 1059 1712 1076 1756; x_wconf 90' lang='lat' dir='ltr'><strong>e</strong></span> <span class='ocrx_word' id='word_1_74' title='bbox 1107 1696 1200 1756; x_wconf 83' lang='lat' dir='ltr'><strong>textu</strong></span> <span class='ocrx_word' id='word_1_75' title='bbox 1231 1694 1352 1777; x_wconf 80' lang='lat' dir='ltr'>migret</span> <span class='ocrx_word' id='word_1_76' title='bbox 1380 1693 1415 1755; x_wconf 94' lang='lat' dir='ltr'><strong>in</strong></span> <span class='ocrx_word' id='word_1_77' title='bbox 1437 1693 1626 1777; x_wconf 79' lang='lat' dir='ltr'><strong>marginem.</strong></span> 
     </span>
     <span class='ocr_line' id='line_1_10' title="bbox 439 1795 1629 1884; baseline -0.002 -21"><span class='ocrx_word' id='word_1_78' title='bbox 439 1799 551 1864; x_wconf 79' lang='lat' dir='ltr'><strong>Etiam</strong></span> <span class='ocrx_word' id='word_1_79' title='bbox 583 1798 676 1863; x_wconf 88' lang='lat' dir='ltr'><strong>hodie</strong></span> <span class='ocrx_word' id='word_1_80' title='bbox 706 1801 740 1862; x_wconf 92' lang='lat' dir='ltr'><strong>in</strong></span> <span class='ocrx_word' id='word_1_81' title='bbox 761 1797 987 1864; x_wconf 77' lang='lat' dir='ltr'><strong>Demosthenis</strong></span> <span class='ocrx_word' id='word_1_82' title='bbox 1010 1795 1213 1863; x_wconf 76' lang='lat' dir='ltr'><strong>Orationibus</strong></span> <span class='ocrx_word' id='word_1_83' title='bbox 1235 1818 1353 1884; x_wconf 85' lang='lat' dir='ltr'><strong>paucae</strong></span> <span class='ocrx_word' id='word_1_84' title='bbox 1375 1797 1561 1862; x_wconf 91' lang='lat' dir='ltr'><strong>huiusmodi</strong></span> <span class='ocrx_word' id='word_1_85' title='bbox 1582 1800 1629 1862; x_wconf 93' lang='lat' dir='ltr'><strong>in·</strong></span> 
     </span>
    </p>
   </div>
   <div class='ocr_carea' id='block_1_4' title="bbox 436 1903 1626 2096">
    <p class='ocr_par' dir='ltr' id='par_1_4' title="bbox 436 1903 1626 2096">
     <span class='ocr_line' id='line_1_11' title="bbox 438 1903 1626 1990; baseline -0.002 -20"><span class='ocrx_word' id='word_1_86' title='bbox 438 1903 667 1990; x_wconf 88' lang='lat' dir='ltr'><strong>terpolationes</strong></span> <span class='ocrx_word' id='word_1_87' title='bbox 698 1903 845 1984; x_wconf 88' lang='lat' dir='ltr'><strong>latitant;</strong></span> <span class='ocrx_word' id='word_1_88' title='bbox 877 1903 1063 1989; x_wconf 88' lang='lat' dir='ltr'><strong>exemplum</strong></span> <span class='ocrx_word' id='word_1_89' title='bbox 1085 1905 1152 1969; x_wconf 90' lang='lat' dir='ltr'><strong>iarn</strong></span> <span class='ocrx_word' id='word_1_90' title='bbox 1176 1925 1272 1990; x_wconf 88' lang='lat' dir='ltr'><strong>supra</strong></span> <span class='ocrx_word' id='word_1_91' title='bbox 1294 1904 1467 1970; x_wconf 79' lang='lat' dir='ltr'><strong>habuimus</strong></span> <span class='ocrx_word' id='word_1_92' title='bbox 1488 1903 1626 1975; x_wconf 82' lang='lat' dir='ltr'><strong>Halonn.</strong></span> 
     </span>
     <span class='ocr_line' id='line_1_12' title="bbox 436 2009 1116 2096; baseline 0.001 -22"><span class='ocrx_word' id='word_1_93' title='bbox 436 2013 455 2096; x_wconf 82' lang='lat'>§</span> <span class='ocrx_word' id='word_1_94' title='bbox 478 2010 522 2075; x_wconf 82' lang='grc'><strong>25</strong></span> <span class='ocrx_word' id='word_1_95' title='bbox 547 2033 578 2096; x_wconf 92' lang='lat' dir='ltr'><strong>p.</strong></span> <span class='ocrx_word' id='word_1_96' title='bbox 604 2009 646 2076; x_wconf 85' lang='grc'><strong>83</strong></span> <span class='ocrx_word' id='word_1_97' title='bbox 671 2015 704 2076; x_wconf 96' lang='lat' dir='ltr'><strong>et</strong></span> <span class='ocrx_word' id='word_1_98' title='bbox 726 2011 807 2076; x_wconf 87' lang='lat' dir='ltr'><strong>infra</strong></span> <span class='ocrx_word' id='word_1_99' title='bbox 830 2010 891 2076; x_wconf 90' lang='lat' dir='ltr'><strong>alia</strong></span> <span class='ocrx_word' id='word_1_100' title='bbox 913 2009 1116 2076; x_wconf 84' lang='lat' dir='ltr'><strong>offendemus.</strong></span> 
     </span>
    </p>
   </div>
   <div class='ocr_carea' id='block_1_5' title="bbox 867 2236 1207 2294">
    <p class='ocr_par' dir='ltr' id='par_1_5' title="bbox 867 2236 1207 2294">
     <span class='ocr_line' id='line_1_13' title="bbox 867 2236 1207 2294; baseline 0.003 -1"><span class='ocrx_word' id='word_1_101' title='bbox 867 2236 982 2293; x_wconf 82' lang='grc' dir='ltr'>ΚΑΤΑ</span> <span class='ocrx_word' id='word_1_102' title='bbox 1009 2236 1207 2294; x_wconf 84' lang='grc' dir='ltr'><strong>ΜΕΙΔΙΟΤ.</strong></span> 
     </span>
    </p>
   </div>
   <div class='ocr_carea' id='block_1_6' title="bbox 418 2409 1627 4201">
    <p class='ocr_par' dir='ltr' id='par_1_6' title="bbox 418 2409 1627 4201">
     <span class='ocr_line' id='line_1_14' title="bbox 485 2409 1625 2498; baseline 0 -21"><span class='ocrx_word' id='word_1_103' title='bbox 485 2411 545 2498; x_wconf 72' lang='lat'><strong>§2</strong></span> <span class='ocrx_word' id='word_1_104' title='bbox 577 2435 607 2498; x_wconf 92' lang='lat' dir='ltr'><strong>p.</strong></span> <span class='ocrx_word' id='word_1_105' title='bbox 633 2410 717 2476; x_wconf 84' lang='lat'>515:</span> <span class='ocrx_word' id='word_1_106' title='bbox 753 2410 890 2497; x_wconf 90' lang='lat' dir='ltr'><strong>populus</strong></span> <span class='ocrx_word' id='word_1_107' title='bbox 916 2410 977 2475; x_wconf 75' lang='lat' dir='ltr'><strong>ott·</strong></span> <span class='ocrx_word' id='word_1_108' title='bbox 1008 2409 1195 2489; x_wconf 68' lang='grc' dir='ltr'><strong><em>ἐπίβλεψιν</em></strong></span> <span class='ocrx_word' id='word_1_109' title='bbox 1227 2410 1270 2482; x_wconf 86' lang='grc' dir='ltr'><strong><em>είς</em></strong></span> <span class='ocrx_word' id='word_1_110' title='bbox 1302 2409 1359 2482; x_wconf 75' lang='grc' dir='ltr'><strong>τὰς</strong></span> <span class='ocrx_word' id='word_1_111' title='bbox 1393 2411 1545 2486; x_wconf 75' lang='grc' dir='ltr'><strong>οὑσίαςι</strong></span> <span class='ocrx_word' id='word_1_112' title='bbox 1566 2413 1625 2483; x_wconf 85' lang='grc' dir='ltr'><strong><em>σόος</em></strong></span> 
     </span>
     <span class='ocr_line' id='line_1_15' title="bbox 436 2516 1626 2598; baseline -0.003 -14"><span class='ocrx_word' id='word_1_113' title='bbox 436 2519 553 2584; x_wconf 87' lang='grc' dir='ltr'><strong><em>τοὺτιιν</em></strong></span> <span class='ocrx_word' id='word_1_114' title='bbox 584 2518 650 2583; x_wconf 73' lang='grc' dir='ltr'><strong><em>οὑδὲ</em></strong></span> <span class='ocrx_word' id='word_1_115' title='bbox 683 2518 741 2588; x_wconf 75' lang='grc' dir='ltr'><strong>τὰς</strong></span> <span class='ocrx_word' id='word_1_116' title='bbox 774 2516 975 2598; x_wconf 75' lang='grc' dir='ltr'><strong><em>ὑποσχέσεις,</em></strong></span> <span class='ocrx_word' id='word_1_117' title='bbox 1006 2516 1094 2580; x_wconf 81' lang='grc' dir='ltr'><strong><em>οίλλόι</em></strong></span> <span class='ocrx_word' id='word_1_118' title='bbox 1126 2523 1185 2598; x_wconf 79' lang='grc' dir='ltr'><strong><em>ιιιᾷ</em></strong></span> <span class='ocrx_word' id='word_1_119' title='bbox 1209 2521 1317 2595; x_wconf 75' lang='grc' dir='ltr'><strong><em>γνώμη</em></strong></span> <span class='ocrx_word' id='word_1_120' title='bbox 1340 2519 1626 2598; x_wconf 76' lang='grc' dir='ltr'><strong><em>κατεχειροτόνησεν</em></strong></span> 
     </span>
     <span class='ocr_line' id='line_1_16' title="bbox 437 2622 1625 2710; baseline -0.003 -19"><span class='ocrx_word' id='word_1_121' title='bbox 437 2628 547 2691; x_wconf 81' lang='grc' dir='ltr'><strong><em>αὑτοῦ.</em></strong></span> <span class='ocrx_word' id='word_1_122' title='bbox 579 2622 827 2710; x_wconf 82' lang='lat' dir='ltr'><strong>Aliquantulum</strong></span> <span class='ocrx_word' id='word_1_123' title='bbox 858 2623 910 2689; x_wconf 88' lang='lat' dir='ltr'><strong>hio</strong></span> <span class='ocrx_word' id='word_1_124' title='bbox 941 2624 1039 2688; x_wconf 90' lang='lat' dir='ltr'><strong>miror</strong></span> <span class='ocrx_word' id='word_1_125' title='bbox 1068 2627 1126 2685; x_wconf 82' lang='grc' dir='ltr'><strong>τῶν</strong></span> <span class='ocrx_word' id='word_1_126' title='bbox 1150 2623 1254 2686; x_wconf 74' lang='grc' dir='ltr'><strong><em>οὐσιῶν</em></strong></span> <span class='ocrx_word' id='word_1_127' title='bbox 1283 2629 1315 2688; x_wconf 94' lang='lat' dir='ltr'><strong>et</strong></span> <span class='ocrx_word' id='word_1_128' title='bbox 1346 2630 1404 2687; x_wconf 78' lang='grc' dir='ltr'><strong>τῶν</strong></span> <span class='ocrx_word' id='word_1_129' title='bbox 1429 2623 1625 2706; x_wconf 73' lang='grc' dir='ltr'><strong><em>ὑποσχέσεων</em></strong></span> 
     </span>
     <span class='ocr_line' id='line_1_17' title="bbox 435 2728 1626 2818; baseline 0 -20"><span class='ocrx_word' id='word_1_130' title='bbox 435 2733 693 2798; x_wconf 81' lang='lat' dir='ltr'><strong>coniunctionem</strong></span> <span class='ocrx_word' id='word_1_131' title='bbox 718 2730 821 2797; x_wconf 89' lang='lat' dir='ltr'><strong>dioam</strong></span> <span class='ocrx_word' id='word_1_132' title='bbox 845 2750 884 2795; x_wconf 85' lang='lat' dir='ltr'><strong>an</strong></span> <span class='ocrx_word' id='word_1_133' title='bbox 907 2732 1154 2818; x_wconf 81' lang='lat' dir='ltr'><strong>opposItionem;</strong></span> <span class='ocrx_word' id='word_1_134' title='bbox 1180 2728 1291 2795; x_wconf 82' lang='lat' dir='ltr'><strong>deinde</strong></span> <span class='ocrx_word' id='word_1_135' title='bbox 1314 2752 1377 2795; x_wconf 92' lang='lat' dir='ltr'><strong>non</strong></span> <span class='ocrx_word' id='word_1_136' title='bbox 1396 2731 1626 2798; x_wconf 83' lang='lat' dir='ltr'><strong>condemnatus</strong></span> 
     </span>
     <span class='ocr_line' id='line_1_18' title="bbox 433 2834 1626 2922; baseline -0.001 -18"><span class='ocrx_word' id='word_1_137' title='bbox 433 2840 500 2905; x_wconf 83' lang='lat' dir='ltr'><strong>fuit</strong></span> <span class='ocrx_word' id='word_1_138' title='bbox 534 2837 653 2902; x_wconf 88' lang='lat' dir='ltr'><strong>Midias</strong></span> <span class='ocrx_word' id='word_1_139' title='bbox 689 2837 718 2900; x_wconf 79' lang='grc' dir='ltr'><strong>ἐν</strong></span> <span class='ocrx_word' id='word_1_140' title='bbox 752 2845 790 2917; x_wconf 72' lang='grc' dir='ltr'><strong>τῇ</strong></span> <span class='ocrx_word' id='word_1_141' title='bbox 826 2835 961 2916; x_wconf 67' lang='grc' dir='ltr'><strong><em>προβολῇ</em></strong></span> <span class='ocrx_word' id='word_1_142' title='bbox 999 2839 1151 2921; x_wconf 92' lang='lat' dir='ltr'><strong>quoniam</strong></span> <span class='ocrx_word' id='word_1_143' title='bbox 1186 2834 1324 2922; x_wconf 90' lang='lat' dir='ltr'><strong>populus</strong></span> <span class='ocrx_word' id='word_1_144' title='bbox 1358 2835 1482 2903; x_wconf 90' lang='lat' dir='ltr'><strong>nullam</strong></span> <span class='ocrx_word' id='word_1_145' title='bbox 1512 2839 1626 2903; x_wconf 90' lang='lat' dir='ltr'><strong>habuit</strong></span> 
     </span>
     <span class='ocr_line' id='line_1_19' title="bbox 418 2941 1627 3030; baseline -0.001 -18"><span class='ocrx_word' id='word_1_146' title='bbox 418 2943 593 3014; x_wconf 54' lang='lat' dir='ltr'><strong>¹rationem</strong></span> <span class='ocrx_word' id='word_1_147' title='bbox 625 2946 694 3011; x_wconf 89' lang='lat' dir='ltr'><strong>eins</strong></span> <span class='ocrx_word' id='word_1_148' title='bbox 717 2964 816 3030; x_wconf 89' lang='lat' dir='ltr'><strong>opum</strong></span> <span class='ocrx_word' id='word_1_149' title='bbox 838 2948 871 3009; x_wconf 90' lang='lat' dir='ltr'><strong>et</strong></span> <span class='ocrx_word' id='word_1_150' title='bbox 893 2941 1102 3023; x_wconf 68' lang='lat' dir='ltr'><strong>facultatum</strong></span> <span class='ocrx_word' id='word_1_151' title='bbox 1127 2945 1193 3009; x_wconf 94' lang='lat' dir='ltr'><strong>imo</strong></span> <span class='ocrx_word' id='word_1_152' title='bbox 1217 2945 1304 3029; x_wconf 92' lang='lat' dir='ltr'><strong>peior</strong></span> <span class='ocrx_word' id='word_1_153' title='bbox 1327 2945 1395 3010; x_wconf 89' lang='lat' dir='ltr'><strong>eius</strong></span> <span class='ocrx_word' id='word_1_154' title='bbox 1419 2945 1533 3012; x_wconf 86' lang='lat' dir='ltr'><strong>fuisset</strong></span> <span class='ocrx_word' id='word_1_155' title='bbox 1556 2967 1627 3011; x_wconf 87' lang='lat' dir='ltr'><strong>eon-</strong></span> 
     </span>
     <span class='ocr_line' id='line_1_20' title="bbox 433 3048 1626 3139; baseline -0.001 -20"><span class='ocrx_word' id='word_1_156' title='bbox 433 3054 533 3129; x_wconf 88' lang='lat' dir='ltr'><strong>ditio,</strong></span> <span class='ocrx_word' id='word_1_157' title='bbox 565 3054 593 3117; x_wconf 93' lang='lat' dir='ltr'><strong>si</strong></span> <span class='ocrx_word' id='word_1_158' title='bbox 625 3048 836 3117; x_wconf 83' lang='lat' dir='ltr'><strong>Athenienses</strong></span> <span class='ocrx_word' id='word_1_159' title='bbox 866 3050 951 3136; x_wconf 90' lang='lat' dir='ltr'><strong>apud</strong></span> <span class='ocrx_word' id='word_1_160' title='bbox 982 3053 1106 3116; x_wconf 90' lang='lat' dir='ltr'><strong>animos</strong></span> <span class='ocrx_word' id='word_1_161' title='bbox 1136 3072 1210 3115; x_wconf 84' lang='lat' dir='ltr'><strong>suos</strong></span> <span class='ocrx_word' id='word_1_162' title='bbox 1242 3057 1442 3136; x_wconf 86' lang='lat' dir='ltr'><strong>reputassent</strong></span> <span class='ocrx_word' id='word_1_163' title='bbox 1472 3073 1569 3139; x_wconf 90' lang='lat' dir='ltr'><strong>quam</strong></span> <span class='ocrx_word' id='word_1_164' title='bbox 1592 3056 1626 3118; x_wconf 93' lang='lat' dir='ltr'><strong>in</strong></span> 
     </span>
     <span class='ocr_line' id='line_1_21' title="bbox 432 3158 1625 3235; baseline 0 -9"><span class='ocrx_word' id='word_1_165' title='bbox 432 3159 526 3226; x_wconf 92' lang='lat' dir='ltr'><strong>lauta</strong></span> <span class='ocrx_word' id='word_1_166' title='bbox 557 3180 589 3224; x_wconf 88' lang='lat' dir='ltr'><strong>re</strong></span> <span class='ocrx_word' id='word_1_167' title='bbox 621 3158 740 3223; x_wconf 88' lang='lat' dir='ltr'><strong>Midias</strong></span> <span class='ocrx_word' id='word_1_168' title='bbox 770 3165 870 3235; x_wconf 83' lang='lat' dir='ltr'><strong>esset,</strong></span> <span class='ocrx_word' id='word_1_169' title='bbox 902 3179 977 3222; x_wconf 83' lang='lat' dir='ltr'><strong>enm</strong></span> <span class='ocrx_word' id='word_1_170' title='bbox 1007 3160 1084 3222; x_wconf 83' lang='lat' dir='ltr'><strong>aetla</strong></span> <span class='ocrx_word' id='word_1_171' title='bbox 1114 3160 1299 3222; x_wconf 83' lang='lat' dir='ltr'><strong>noverimus</strong></span> <span class='ocrx_word' id='word_1_172' title='bbox 1330 3164 1400 3222; x_wconf 91' lang='lat' dir='ltr'><strong>tum</strong></span> <span class='ocrx_word' id='word_1_173' title='bbox 1424 3160 1457 3222; x_wconf 91' lang='lat' dir='ltr'><strong>in</strong></span> <span class='ocrx_word' id='word_1_174' title='bbox 1481 3163 1625 3226; x_wconf 88' lang='lat' dir='ltr'><strong>eontione</strong></span> 
     </span>
     <span class='ocr_line' id='line_1_22' title="bbox 436 3262 1626 3331; baseline 0.001 -1"><span class='ocrx_word' id='word_1_175' title='bbox 436 3272 508 3330; x_wconf 92' lang='lat' dir='ltr'><strong>tum</strong></span> <span class='ocrx_word' id='word_1_176' title='bbox 539 3267 573 3329; x_wconf 91' lang='lat' dir='ltr'><strong>in</strong></span> <span class='ocrx_word' id='word_1_177' title='bbox 603 3264 731 3329; x_wconf 85' lang='lat' dir='ltr'><strong>iudiciis</strong></span> <span class='ocrx_word' id='word_1_178' title='bbox 761 3263 879 3328; x_wconf 85' lang='lat' dir='ltr'><strong>divites</strong></span> <span class='ocrx_word' id='word_1_179' title='bbox 910 3262 1050 3329; x_wconf 86' lang='lat' dir='ltr'><strong>invidiae</strong></span> <span class='ocrx_word' id='word_1_180' title='bbox 1082 3264 1235 3328; x_wconf 83' lang='lat' dir='ltr'><strong>obnoxios</strong></span> <span class='ocrx_word' id='word_1_181' title='bbox 1259 3264 1356 3329; x_wconf 90' lang='lat' dir='ltr'><strong>fuisse</strong></span> <span class='ocrx_word' id='word_1_182' title='bbox 1379 3267 1561 3330; x_wconf 90' lang='lat' dir='ltr'><strong>tenuiorum</strong></span> <span class='ocrx_word' id='word_1_183' title='bbox 1585 3268 1626 3331; x_wconf 90' lang='lat' dir='ltr'><strong>oi·</strong></span> 
     </span>
     <span class='ocr_line' id='line_1_23' title="bbox 435 3368 1623 3456; baseline -0.001 -20"><span class='ocrx_word' id='word_1_184' title='bbox 435 3376 540 3437; x_wconf 86' lang='lat' dir='ltr'><strong>vium.</strong></span> <span class='ocrx_word' id='word_1_185' title='bbox 565 3369 667 3435; x_wconf 84' lang='lat' dir='ltr'><strong>Incidi</strong></span> <span class='ocrx_word' id='word_1_186' title='bbox 692 3369 840 3456; x_wconf 84' lang='lat' dir='ltr'><strong>equidem</strong></span> <span class='ocrx_word' id='word_1_187' title='bbox 863 3371 914 3433; x_wconf 87' lang='lat' dir='ltr'><strong>iu:</strong></span> <span class='ocrx_word' id='word_1_188' title='bbox 942 3368 1002 3433; x_wconf 72' lang='grc' dir='ltr'><strong><em>οὐδ’</em></strong></span> <span class='ocrx_word' id='word_1_189' title='bbox 1026 3369 1211 3447; x_wconf 67' lang='grc' dir='ltr'><strong><em>ἀπέβλεψεν</em></strong></span> <span class='ocrx_word' id='word_1_190' title='bbox 1237 3370 1277 3440; x_wconf 88' lang='grc' dir='ltr'><strong><em>είς</em></strong></span> <span class='ocrx_word' id='word_1_191' title='bbox 1303 3370 1361 3440; x_wconf 84' lang='grc' dir='ltr'><strong>τὺς</strong></span> <span class='ocrx_word' id='word_1_192' title='bbox 1386 3370 1571 3446; x_wconf 80' lang='grc' dir='ltr'><strong><em>ὑπωμοσί</em></strong></span> <span class='ocrx_word' id='word_1_193' title='bbox 1578 3396 1623 3443; x_wconf 89' lang='grc' dir='ltr'><strong>ας</strong></span> 
     </span>
     <span class='ocr_line' id='line_1_24' title="bbox 434 3474 1625 3561; baseline -0.001 -18"><span class='ocrx_word' id='word_1_194' title='bbox 434 3480 494 3549; x_wconf 79' lang='grc' dir='ltr'><strong>τὰς</strong></span> <span class='ocrx_word' id='word_1_195' title='bbox 519 3477 634 3542; x_wconf 85' lang='grc' dir='ltr'><strong><em>τοὺτειν</em></strong></span> <span class='ocrx_word' id='word_1_196' title='bbox 657 3475 722 3541; x_wconf 75' lang='grc' dir='ltr'><strong><em>οὑδὲ</em></strong></span> <span class='ocrx_word' id='word_1_197' title='bbox 746 3476 804 3545; x_wconf 80' lang='grc' dir='ltr'><strong><em>τοὶς</em></strong></span> <span class='ocrx_word' id='word_1_198' title='bbox 827 3475 1020 3554; x_wconf 81' lang='grc' dir='ltr'><strong><em>ὑποσχέσεις.</em></strong></span> <span class='ocrx_word' id='word_1_199' title='bbox 1046 3474 1128 3554; x_wconf 83' lang='lat' dir='ltr'><strong>Quid</strong></span> <span class='ocrx_word' id='word_1_200' title='bbox 1148 3478 1190 3539; x_wconf 90' lang='lat' dir='ltr'><strong>sit</strong></span> <span class='ocrx_word' id='word_1_201' title='bbox 1210 3475 1372 3549; x_wconf 83' lang='grc' dir='ltr'><strong><em>ὑπωμοοία</em></strong></span> <span class='ocrx_word' id='word_1_202' title='bbox 1392 3476 1625 3561; x_wconf 85' lang='lat' dir='ltr'><strong>Harpocration</strong></span> 
     </span>
     <span class='ocr_line' id='line_1_25' title="bbox 436 3581 1623 3671; baseline -0.002 -21"><span class='ocrx_word' id='word_1_203' title='bbox 436 3587 576 3671; x_wconf 82' lang='lat' dir='ltr'><strong>aperiet:</strong></span> <span class='ocrx_word' id='word_1_204' title='bbox 613 3582 647 3646; x_wconf 80' lang='grc' dir='ltr'><strong>τό</strong></span> <span class='ocrx_word' id='word_1_205' title='bbox 684 3582 892 3659; x_wconf 87' lang='grc' dir='ltr'><strong><em>ὑπερτίόεσόαι</em></strong></span> <span class='ocrx_word' id='word_1_206' title='bbox 927 3581 1012 3655; x_wconf 75' lang='grc' dir='ltr'><strong><em>δίκην</em></strong></span> <span class='ocrx_word' id='word_1_207' title='bbox 1041 3581 1196 3662; x_wconf 74' lang='grc' dir='ltr'><strong><em>προφάσει</em></strong></span> <span class='ocrx_word' id='word_1_208' title='bbox 1229 3582 1383 3663; x_wconf 82' lang='grc' dir='ltr'><strong><em>χριόμενον</em></strong></span> <span class='ocrx_word' id='word_1_209' title='bbox 1415 3583 1575 3666; x_wconf 75' lang='grc' dir='ltr'><strong><em>α’ποόημίρο</em></strong></span> <span class='ocrx_word' id='word_1_210' title='bbox 1606 3583 1623 3659; x_wconf 76' lang='grc' dir='ltr'>ἢ</span> 
     </span>
     <span class='ocr_line' id='line_1_26' title="bbox 434 3685 1624 3773; baseline -0.001 -17"><span class='ocrx_word' id='word_1_211' title='bbox 434 3693 511 3773; x_wconf 81' lang='grc' dir='ltr'><strong><em>νόσῳ</em></strong></span> <span class='ocrx_word' id='word_1_212' title='bbox 543 3691 559 3765; x_wconf 77' lang='grc' dir='ltr'><strong><em>ὑ</em></strong></span> <span class='ocrx_word' id='word_1_213' title='bbox 593 3713 650 3753; x_wconf 91' lang='grc' dir='ltr'><strong><em>τινι</em></strong></span> <span class='ocrx_word' id='word_1_214' title='bbox 681 3695 739 3753; x_wconf 79' lang='grc' dir='ltr'><strong>τῶν</strong></span> <span class='ocrx_word' id='word_1_215' title='bbox 763 3692 988 3769; x_wconf 75' lang='grc' dir='ltr'><strong><em>παραπλησίων</em></strong></span> <span class='ocrx_word' id='word_1_216' title='bbox 1012 3691 1079 3765; x_wconf 77' lang='grc' dir='ltr'><strong><em>μεθ’</em></strong></span> <span class='ocrx_word' id='word_1_217' title='bbox 1104 3685 1188 3767; x_wconf 84' lang='grc' dir='ltr'><strong><em>ὑρκοιι</em></strong></span> <span class='ocrx_word' id='word_1_218' title='bbox 1212 3686 1307 3760; x_wconf 88' lang='grc' dir='ltr'><strong><em>οὑτοις</em></strong></span> <span class='ocrx_word' id='word_1_219' title='bbox 1331 3688 1476 3767; x_wconf 59' lang='lat' dir='ltr'><strong>elyseo,</strong></span> <span class='ocrx_word' id='word_1_220' title='bbox 1500 3696 1532 3756; x_wconf 90' lang='lat' dir='ltr'><strong>et</strong></span> <span class='ocrx_word' id='word_1_221' title='bbox 1555 3712 1624 3755; x_wconf 88' lang='lat' dir='ltr'><strong>oon-</strong></span> 
     </span>
     <span class='ocr_line' id='line_1_27' title="bbox 433 3794 1625 3883; baseline -0.003 -19"><span class='ocrx_word' id='word_1_222' title='bbox 433 3800 511 3864; x_wconf 84' lang='lat' dir='ltr'><strong>serri</strong></span> <span class='ocrx_word' id='word_1_223' title='bbox 543 3802 692 3883; x_wconf 87' lang='lat' dir='ltr'><strong>poterunt</strong></span> <span class='ocrx_word' id='word_1_224' title='bbox 721 3794 863 3861; x_wconf 88' lang='lat' dir='ltr'><strong>Meierus</strong></span> <span class='ocrx_word' id='word_1_225' title='bbox 892 3798 926 3859; x_wconf 92' lang='lat' dir='ltr'><strong>in</strong></span> <span class='ocrx_word' id='word_1_226' title='bbox 956 3796 1098 3860; x_wconf 72' lang='lat' dir='ltr'><strong>Processu</strong></span> <span class='ocrx_word' id='word_1_227' title='bbox 1128 3796 1228 3859; x_wconf 78' lang='lat' dir='ltr'><strong>Attico</strong></span> <span class='ocrx_word' id='word_1_228' title='bbox 1252 3818 1282 3881; x_wconf 92' lang='lat' dir='ltr'><strong>p.</strong></span> <span class='ocrx_word' id='word_1_229' title='bbox 1309 3794 1373 3862; x_wconf 87' lang='grc'><strong>695</strong></span> <span class='ocrx_word' id='word_1_230' title='bbox 1387 3817 1454 3882; x_wconf 90' lang='lat' dir='ltr'><strong>sqq.</strong></span> <span class='ocrx_word' id='word_1_231' title='bbox 1479 3802 1511 3864; x_wconf 87' lang='lat' dir='ltr'><strong>ot</strong></span> <span class='ocrx_word' id='word_1_232' title='bbox 1533 3796 1625 3862; x_wconf 84' lang='lat' dir='ltr'><strong>Butt</strong></span> 
     </span>
     <span class='ocr_line' id='line_1_28' title="bbox 435 3900 1622 3987; baseline -0.001 -18"><span class='ocrx_word' id='word_1_233' title='bbox 435 3924 574 3969; x_wconf 88' lang='lat' dir='ltr'><strong>mannus</strong></span> <span class='ocrx_word' id='word_1_234' title='bbox 603 3905 637 3967; x_wconf 93' lang='lat' dir='ltr'><strong>in</strong></span> <span class='ocrx_word' id='word_1_235' title='bbox 669 3903 808 3966; x_wconf 77' lang='grc' dir='ltr'><strong><em>Ειοοιιτιιι</em></strong></span> <span class='ocrx_word' id='word_1_236' title='bbox 838 3901 927 3966; x_wconf 88' lang='lat' dir='ltr'><strong>XIII.</strong></span> <span class='ocrx_word' id='word_1_237' title='bbox 960 3900 1117 3986; x_wconf 79' lang='lat' dir='ltr'><strong>Exempla</strong></span> <span class='ocrx_word' id='word_1_238' title='bbox 1148 3900 1221 3967; x_wconf 87' lang='lat' dir='ltr'><strong>vide</strong></span> <span class='ocrx_word' id='word_1_239' title='bbox 1245 3901 1328 3987; x_wconf 88' lang='lat' dir='ltr'><strong>apud</strong></span> <span class='ocrx_word' id='word_1_240' title='bbox 1353 3901 1518 3968; x_wconf 88' lang='lat' dir='ltr'><strong>Demosth.</strong></span> <span class='ocrx_word' id='word_1_241' title='bbox 1541 3902 1622 3968; x_wconf 89' lang='lat' dir='ltr'><strong>Mid.</strong></span> 
     </span>
     <span class='ocr_line' id='line_1_29' title="bbox 434 4007 1624 4096; baseline 0.003 -23"><span class='ocrx_word' id='word_1_242' title='bbox 434 4008 519 4096; x_wconf 75' lang='lat'><strong>§84</strong></span> <span class='ocrx_word' id='word_1_243' title='bbox 550 4033 581 4096; x_wconf 86' lang='lat' dir='ltr'><strong>p.</strong></span> <span class='ocrx_word' id='word_1_244' title='bbox 606 4007 682 4086; x_wconf 84' lang='grc'><strong>541,</strong></span> <span class='ocrx_word' id='word_1_245' title='bbox 714 4008 832 4094; x_wconf 80' lang='lat' dir='ltr'><strong>Euerg.</strong></span> <span class='ocrx_word' id='word_1_246' title='bbox 858 4007 939 4092; x_wconf 71' lang='lat'><strong>§39</strong></span> <span class='ocrx_word' id='word_1_247' title='bbox 970 4030 1001 4095; x_wconf 92' lang='lat' dir='ltr'><strong>p.</strong></span> <span class='ocrx_word' id='word_1_248' title='bbox 1031 4008 1116 4073; x_wconf 95' lang='grc'>1151</span> <span class='ocrx_word' id='word_1_249' title='bbox 1142 4013 1174 4073; x_wconf 95' lang='lat' dir='ltr'><strong>et</strong></span> <span class='ocrx_word' id='word_1_250' title='bbox 1197 4010 1214 4093; x_wconf 65' lang='grc' dir='ltr'><strong>ξ</strong></span> <span class='ocrx_word' id='word_1_251' title='bbox 1235 4007 1277 4073; x_wconf 87' lang='grc'><strong>45</strong></span> <span class='ocrx_word' id='word_1_252' title='bbox 1301 4031 1332 4094; x_wconf 95' lang='lat' dir='ltr'><strong>p.</strong></span> <span class='ocrx_word' id='word_1_253' title='bbox 1360 4008 1456 4087; x_wconf 90' lang='grc'>1153,</span> <span class='ocrx_word' id='word_1_254' title='bbox 1489 4009 1624 4096; x_wconf 79' lang='lat' dir='ltr'><strong>deanue</strong></span> 
     </span>
     <span class='ocr_line' id='line_1_30' title="bbox 434 4113 850 4201; baseline -0.005 -20"><span class='ocrx_word' id='word_1_255' title='bbox 434 4116 567 4181; x_wconf 78' lang='lat' dir='ltr'><strong>Theoor.</strong></span> <span class='ocrx_word' id='word_1_256' title='bbox 592 4113 671 4200; x_wconf 71' lang='lat'><strong>§43</strong></span> <span class='ocrx_word' id='word_1_257' title='bbox 696 4136 726 4201; x_wconf 92' lang='lat' dir='ltr'><strong>p.</strong></span> <span class='ocrx_word' id='word_1_258' title='bbox 753 4113 850 4180; x_wconf 85' lang='lat'><strong>1336.</strong></span> 
     </span>
    </p>
   </div>
   <div class='ocr_carea' id='block_1_7' title="bbox 433 4331 1622 4519">
    <p class='ocr_par' dir='ltr' id='par_1_7' title="bbox 433 4331 1622 4519">
     <span class='ocr_line' id='line_1_31' title="bbox 482 4331 1622 4421; baseline 0.001 -22"><span class='ocrx_word' id='word_1_259' title='bbox 482 4338 499 4421; x_wconf 65' lang='grc' dir='ltr'><strong>ξ</strong></span> <span class='ocrx_word' id='word_1_260' title='bbox 521 4334 540 4399; x_wconf 94' lang='grc'>3</span> <span class='ocrx_word' id='word_1_261' title='bbox 565 4357 595 4421; x_wconf 90' lang='lat' dir='ltr'><strong>p.</strong></span> <span class='ocrx_word' id='word_1_262' title='bbox 617 4333 701 4399; x_wconf 83' lang='lat'>515:</span> <span class='ocrx_word' id='word_1_263' title='bbox 725 4335 865 4415; x_wconf 73' lang='grc' dir='ltr'><strong><em>χρήματ’</em></strong></span> <span class='ocrx_word' id='word_1_264' title='bbox 886 4331 953 4409; x_wconf 77' lang='grc' dir='ltr'><strong><em>ἐξόν</em></strong></span> <span class='ocrx_word' id='word_1_265' title='bbox 975 4358 1026 4410; x_wconf 85' lang='grc' dir='ltr'><strong><em>μοι</em></strong></span> <span class='ocrx_word' id='word_1_266' title='bbox 1048 4334 1159 4410; x_wconf 83' lang='grc' dir='ltr'><strong><em>λαβεῖν</em></strong></span> <span class='ocrx_word' id='word_1_267' title='bbox 1181 4331 1265 4416; x_wconf 65' lang='lat' dir='ltr'><strong>[ber</strong></span> <span class='ocrx_word' id='word_1_268' title='bbox 1290 4337 1342 4411; x_wconf 77' lang='grc' dir='ltr'><strong>μη</strong></span> <span class='ocrx_word' id='word_1_269' title='bbox 1362 4340 1622 4420; x_wconf 74' lang='grc' dir='ltr'><strong><em>κατηγορεῖν]</em></strong></span> 
     </span>
     <span class='ocr_line' id='line_1_32' title="bbox 433 4440 948 4519; baseline -0.004 -11"><span class='ocrx_word' id='word_1_270' title='bbox 433 4445 466 4508; x_wconf 90' lang='grc' dir='ltr'><strong><em>οὑ</em></strong></span> <span class='ocrx_word' id='word_1_271' title='bbox 492 4441 611 4519; x_wconf 76' lang='grc' dir='ltr'><strong><em>λαβών.</em></strong></span> <span class='ocrx_word' id='word_1_272' title='bbox 636 4440 756 4508; x_wconf 87' lang='lat' dir='ltr'><strong>Inutile</strong></span> <span class='ocrx_word' id='word_1_273' title='bbox 780 4440 948 4508; x_wconf 91' lang='lat' dir='ltr'><strong>emblema.</strong></span> 
     </span>
    </p>
   </div>
   <div class='ocr_carea' id='block_1_8' title="bbox 480 4658 1750 4746">
    <p class='ocr_par' dir='ltr' id='par_1_8' title="bbox 480 4658 1750 4746">
     <span class='ocr_line' id='line_1_33' title="bbox 480 4658 1750 4746; baseline 0.002 -22"><span class='ocrx_word' id='word_1_274' title='bbox 480 4660 560 4745; x_wconf 76' lang='lat' dir='ltr'><strong>§ll</strong></span> <span class='ocrx_word' id='word_1_275' title='bbox 593 4683 624 4746; x_wconf 93' lang='lat' dir='ltr'><strong>p.</strong></span> <span class='ocrx_word' id='word_1_276' title='bbox 651 4658 733 4725; x_wconf 83' lang='lat'>518:</span> <span class='ocrx_word' id='word_1_277' title='bbox 766 4661 820 4734; x_wconf 79' lang='grc' dir='ltr'><strong>την</strong></span> <span class='ocrx_word' id='word_1_278' title='bbox 852 4662 1049 4740; x_wconf 83' lang='grc' dir='ltr'><strong><em>παρασκεοίην</em></strong></span> <span class='ocrx_word' id='word_1_279' title='bbox 1074 4659 1108 4735; x_wconf 74' lang='grc' dir='ltr'><strong>ἢν</strong></span> <span class='ocrx_word' id='word_1_280' title='bbox 1134 4659 1200 4744; x_wconf 73' lang='grc' dir='ltr'><strong>[ἂν]</strong></span> <span class='ocrx_word' id='word_1_281' title='bbox 1225 4662 1257 4724; x_wconf 89' lang='grc' dir='ltr'><strong><em>ε’κ</em></strong></span> <span class='ocrx_word' id='word_1_282' title='bbox 1281 4668 1337 4724; x_wconf 79' lang='grc' dir='ltr'><strong>τῶν</strong></span> <span class='ocrx_word' id='word_1_283' title='bbox 1361 4661 1441 4725; x_wconf 74' lang='grc' dir='ltr'><strong><em>ίδίιον</em></strong></span> <span class='ocrx_word' id='word_1_284' title='bbox 1464 4662 1622 4740; x_wconf 79' lang='grc' dir='ltr'><strong><em>πορίσαιτό</em></strong></span> <span class='ocrx_word' id='word_1_285' title='bbox 1744 4665 1750 4675; x_wconf 84' lang='grc'>’</span> 
     </span>
    </p>
   </div>
   <div class='ocr_carea' id='block_1_9' title="bbox 439 4765 1623 4857">
    <p class='ocr_par' dir='ltr' id='par_1_9' title="bbox 439 4765 1623 4857">
     <span class='ocr_line' id='line_1_34' title="bbox 439 4765 1623 4857; baseline 0.004 -26"><span class='ocrx_word' id='word_1_286' title='bbox 439 4791 498 4837; x_wconf 79' lang='grc' dir='ltr'><strong><em>τις.</em></strong></span> <span class='ocrx_word' id='word_1_287' title='bbox 523 4765 586 4831; x_wconf 88' lang='lat' dir='ltr'><strong>Hie</strong></span> <span class='ocrx_word' id='word_1_288' title='bbox 604 4765 796 4857; x_wconf 85' lang='lat' dir='ltr'><strong>particulam</strong></span> <span class='ocrx_word' id='word_1_289' title='bbox 817 4765 853 4830; x_wconf 76' lang='grc' dir='ltr'><strong>ἄν</strong></span> <span class='ocrx_word' id='word_1_290' title='bbox 876 4765 1017 4835; x_wconf 88' lang='lat' dir='ltr'><strong>Blassius</strong></span> <span class='ocrx_word' id='word_1_291' title='bbox 1037 4784 1120 4834; x_wconf 82' lang='lat' dir='ltr'><strong>reete</strong></span> <span class='ocrx_word' id='word_1_292' title='bbox 1140 4766 1276 4847; x_wconf 85' lang='lat' dir='ltr'><strong>delevit,</strong></span> <span class='ocrx_word' id='word_1_293' title='bbox 1296 4768 1351 4836; x_wconf 88' lang='lat' dir='ltr'><strong>sed</strong></span> <span class='ocrx_word' id='word_1_294' title='bbox 1370 4790 1430 4836; x_wconf 90' lang='lat' dir='ltr'><strong>non</strong></span> <span class='ocrx_word' id='word_1_295' title='bbox 1443 4770 1623 4839; x_wconf 82' lang='lat' dir='ltr'><strong>reeordatus</strong></span> 
     </span>
    </p>
   </div>
   <div class='ocr_carea' id='block_1_10' title="bbox 0 0 2268 5942">
    <p class='ocr_par' dir='ltr' id='par_1_10' title="bbox 0 0 2268 5942">
     <span class='ocr_line' id='line_1_35' title="bbox 0 0 2268 5942; baseline 0 0"><span class='ocrx_word' id='word_1_296' title='bbox 0 0 2268 5942; x_wconf 95' lang='lat' dir='ltr'><strong> </strong></span> 
     </span>
    </p>
   </div>
  </div>
 </body>
</html>
