4525 5950
969 711 1109 760 uacuus.
1586 692 1628 758 67

488 880 584 958 „Suis
607 881 691 946 fetus
715 881 838 956 editus,
862 884 915 946 cui
937 883 1125 966 accipitrum
1149 901 1275 966 ungues
1298 878 1471 944 inessent.''

485 986 521 1052 Si
545 1008 596 1052 me
620 987 727 1066 andIs,
752 988 907 1070 accipitris
929 986 1027 1073 leges.
1052 988 1102 1053 An
1123 1008 1185 1052 non
1208 988 1285 1051 satis
1308 985 1482 1079 absurdum
1502 983 1630 1050 videtur

434 1098 643 1178 portentum,
675 1096 738 1158 nisi
768 1098 825 1158 aut
848 1093 886 1159 de
909 1092 1055 1178 pluribus
1076 1091 1223 1178 porcellis
1246 1099 1401 1169 narretur,
1426 1096 1483 1156 aut
1505 1090 1543 1156 de
1565 1111 1630 1156 uno

436 1199 596 1287 porcello,
621 1203 677 1287 qui
699 1200 823 1285 aliquot
846 1203 1035 1286 accipitrum
1057 1200 1206 1266 habuerit
1229 1195 1376 1286 ungues?

487 1414 527 1479 A.
557 1413 630 1492 XII,
657 1413 709 1479 66.
743 1413 869 1480 Veneno
901 1413 939 1480 de
969 1413 1075 1480 medio
1104 1412 1216 1479 tollere
1248 1410 1419 1480 Claudium
1451 1413 1630 1499 Agrippina

435 1521 600 1586 decernIt:

489 1627 675 1715 „Deligitnr
705 1628 819 1693 artifex
851 1627 967 1693 talium
999 1625 1155 1693 vocabulo
1183 1627 1335 1704 Locusta,
1360 1647 1463 1713 nuper
1485 1625 1630 1692 veneficii

436 1734 593 1799 damnata
615 1740 647 1799 et
671 1734 724 1798 diu
749 1736 835 1799 inter
857 1736 1071 1799 iustrumenta
1093 1735 1185 1819 regni
1206 1733 1345 1798 habita.'’

486 1840 607 1906 Verum
641 1847 689 1905 est
723 1840 895 1906 [locustam
928 1841 1005 1905 huic
1038 1839 1149 1905 sceleri
1184 1839 1239 1903 diu
1275 1839 1372 1904 fuisse
1406 1841 1629 1925 superstitem:

435 1945 563 2014 Galbae
593 1951 679 2013 enim
706 1950 908 2032 imperatoris
930 1950 1020 2012 iussu
1044 1967 1159 2033 poenas
1182 1945 1280 2011 dedit.
1305 1944 1368 2010 Sed
1391 1949 1463 2031 quis
1489 1965 1631 2030 unquam

433 2053 567 2120 audivit
606 2053 757 2118 adverbio
792 2055 846 2117 dic
880 2075 955 2119 oum
989 2055 1158 2138 participio
1192 2052 1324 2137 perfecti
1358 2054 1467 2116 iuncto
1502 2057 1631 2136 tempus

433 2165 616 2226 venturum
639 2157 820 2247 designarit
844 2198 886 2208 -
911 2160 1039 2246 Ergone
1062 2160 1115 2224 hic
1136 2161 1348 2244 praeteritum
1373 2165 1501 2244 tempus
1525 2158 1630 2223 verbis

436 2267 521 2345 „diu
550 2269 634 2331 inter
656 2269 868 2333 instrumenta
891 2270 983 2353 regni
1007 2266 1137 2332 habite'’
1162 2262 1381 2352 significatur?
1403 2265 1473 2331 Hoc
1495 2268 1632 2350 pertinse

434 2377 521 2439 citer
550 2393 650 2459 nego:
681 2396 777 2456 nuper
805 2376 892 2439 enim
921 2371 1067 2438 veneficii
1098 2371 1248 2437 damnata
1278 2377 1326 2437 eet
1356 2371 1511 2447 Locusta,
1535 2376 1631 2456 atque

434 2483 511 2566 Ipso
534 2479 683 2556 demum,
708 2485 745 2543 ut
768 2482 890 2565 opinor,
915 2479 1034 2544 indicio
1054 2481 1160 2564 patuit
1180 2499 1276 2563 quam
1296 2484 1378 2543 esset
1396 2478 1535 2543 nefariae
1552 2479 1630 2542 artis

438 2590 545 2674 perita
573 2586 639 2651 Illa.
671 2585 741 2651 Hoc
772 2607 848 2672 ergo
877 2594 1041 2651 narratum
1074 2606 1143 2651 esee
1166 2587 1310 2670 suspicor
1333 2604 1351 2649 a
1373 2583 1501 2649 Tacito:
1526 2586 1627 2669 ipsam

436 2695 676 2759 damnationem
702 2693 786 2758 hunc
805 2693 954 2758 habuisse
974 2692 1121 2757 effectum
1141 2699 1179 2755 ut
1198 2690 1319 2757 aulicae
1336 2690 1492 2756 veneficae
1511 2711 1630 2755 munus

435 2802 596 2867 Locustae
630 2799 844 2865 mandaretur.
879 2797 987 2877 Certe,
1023 2799 1080 2864 ubi
1110 2798 1297 2863 damnatum
1328 2797 1469 2883 aliquem
1501 2795 1630 2884 capitali

434 2909 573 2974 crimine
606 2904 765 2994 legimus,
798 2905 875 2992 quid
905 2905 1017 2970 deinde
1048 2926 1085 2970 eo
1116 2904 1237 2969 factum
1269 2906 1311 2969 sit
1341 2925 1529 2991 cognoscere
1559 2906 1629 2968 iure

435 3023 549 3081 nostro
583 3016 753 3100 poscimus.
789 3011 879 3093 Quod
909 3013 962 3077 hio
992 3011 1199 3078 desideratur.
1235 3011 1352 3077 Ordine
1383 3019 1450 3076 tcta
1482 3011 1629 3098 procedet

435 3123 597 3197 narratio,
628 3123 654 3185 si
686 3142 742 3206 pro
772 3120 826 3183 dio
854 3118 1002 3206 legemus
1024 3119 1111 3197 inde,
1136 3117 1264 3184 aliudve
1288 3118 1478 3184 adverbium
1500 3138 1629 3184 causam

435 3230 661 3314 originemque
684 3226 876 3313 significans.

484 3441 522 3505 A.
547 3438 636 3516 XIII,
663 3440 692 3505 1.
724 3439 811 3505 Inter
840 3459 950 3505 causas
981 3460 1038 3504 cur
1067 3438 1160 3504 Iunio
1190 3437 1299 3503 Silano
1322 3459 1435 3504 necem
1458 3437 1628 3504 moliretur

435 3548 619 3633 Agrippina
642 3551 710 3611 erat
733 3552 766 3611 et

484 3651 614 3730 „crebra
643 3650 737 3738 vulgi
771 3651 858 3716 fama
892 3650 1148 3738 anteponendum
1183 3671 1250 3716 esse
1286 3650 1419 3716 vixdum
1455 3654 1627 3736 pueritiam

434 3780 566 3846 egresso
595 3757 715 3824 Neroni
747 3763 779 3824 et
808 3760 983 3844 imperium
1016 3779 1072 3843 per
1102 3756 1206 3823 scelus
1238 3756 1351 3843 adepto
1384 3760 1493 3822 virum
1525 3765 1628 3824 aetate

433 3866 629 3950 composita,
652 3867 827 3942 insontem,
852 3864 1011 3942 nobilem,
1036 3870 1069 3929 et
1089 3864 1174 3950 quod
1194 3871 1270 3930 tunc
1289 3870 1495 3949 spectaretur,
1516 3886 1533 3930 e
1552 3863 1627 3932 (lae-

434 3974 519 4038 saris
541 3970 710 4056 posteris.”

484 4077 613 4163 Ipsum,
645 4087 683 4142 ut
714 4081 835 4164 opinor,
867 4077 1005 4164 vulgus,
1038 4078 1124 4164 qnod
1155 4078 1289 4144 Neronis
1312 4084 1456 4165 tempore
1479 4080 1626 4158 vivebat,

434 4188 519 4251 scire
549 4187 701 4270 nequibat
732 4184 901 4270 aliqnando
931 4186 1079 4250 futurum
1110 4192 1256 4270 tempus,
1288 4206 1350 4271 quo
1378 4189 1410 4251 in
1435 4190 1627 4273 imperatore

434 4290 591 4376 elegendo
610 4314 669 4355 nor
689 4296 884 4376 spectaretur
901 4290 1002 4369 illud,
1023 4298 1146 4357 essetne
1166 4291 1282 4378 aliquis
1301 4313 1318 4356 e
1337 4290 1479 4359 (laeseris
1492 4296 1626 4378 posteris

433 4419 475 4464 an
508 4419 569 4462 non
599 4405 692 4463 esset.
725 4397 876 4484 Ineptum
906 4420 982 4484 ergo
1013 4397 1063 4463 illi
1087 4397 1190 4486 vulgo
1215 4400 1355 4463 tribuere
1378 4407 1624 4487 argumentum,

434 4503 521 4591 qnod
552 4505 585 4567 in
616 4507 680 4570 isto
713 4505 818 4591 ,qnod
848 4513 918 4569 torro
941 4506 1161 4590 spectaretur’'
1185 4509 1278 4572 inest.
1302 4505 1364 4572 Sed
1386 4509 1454 4592 ipse
1477 4507 1624 4587 Tacitus,

433 4615 489 4678 cui
513 4611 545 4676 et
568 4634 664 4677 suum
688 4618 816 4699 tempus
838 4612 870 4679 et
889 4615 1097 4700 praeteritum
1118 4616 1247 4701 cognita
1266 4620 1370 4692 erant,
1391 4612 1473 4679 illud
1493 4635 1625 4680 suorum

432 4718 619 4804 aequalium
643 4740 737 4786 causa
759 4720 884 4786 adiecIt.
909 4720 1097 4807 Legendum
1120 4742 1196 4809 ergo
1217 4743 1278 4786 non
1297 4728 1490 4804 spectaretur,
1511 4743 1624 4788 verum
1733 4791 1738 4802 ,

432 4828 633 4911 spectabatur.
