4525 5950
1077 703 1210 753 sanaon.
1693 685 1735 751 45

582 871 644 959 Ep.
673 871 748 950 123,
762 871 793 936 4.
826 870 990 935 Aestimari
1019 892 1079 934 uou
1103 877 1223 953 polest,
1247 877 1387 955 quonlam
1409 870 1591 952 ooluplalem
1614 870 1731 952 capiam

536 1003 576 1044 ea
608 1001 659 1056 eo,
691 979 771 1064 quod
792 977 940 1041 loeoiludo
962 999 1026 1040 mea
1049 975 1107 1039 nili
1130 976 1200 1059 ipae
1222 976 1392 1040 adeueaoil:
1414 997 1474 1039 aaa
1496 982 1649 1053 uuoloreo,
1673 999 1732 1040 uou

533 1086 703 1162 balineum,
735 1107 794 1148 nou
824 1083 919 1146 ullum
949 1083 1039 1146 aliud
1067 1083 1226 1146 remedium
1248 1105 1336 1167 quau
1358 1083 1498 1164 leupone
1521 1104 1640 1168 quaero.
1663 1105 1733 1146 uam

535 1193 618 1279 quod
647 1191 733 1254 labor
763 1190 928 1267 ooalroeil,
953 1189 1037 1273 quiea
1060 1188 1152 1252 lollii.
1176 1189 1249 1252 laea
1270 1188 1491 1273 qualiacumque
1513 1211 1585 1251 aeota
1608 1187 1735 1252 odiliol'

535 1297 700 1361 iuauudior
722 1296 791 1360 eril.
816 1295 941 1380 aliquod
959 1295 1037 1358 euim
1060 1295 1290 1376 eaperiueulum
1313 1295 1407 1358 auimi
1430 1294 1542 1377 sumpsi
1564 1293 1671 1359 aalilo.
1696 1293 1734 1358 In

536 1404 627 1468 hisco
649 1404 756 1468 verbio
779 1400 949 1466 nonnullos
972 1404 1059 1465 viros
1083 1400 1209 1478 doctos,
1227 1403 1314 1465 inter
1333 1422 1411 1486 quoa
1430 1401 1555 1487 gaudeo
1574 1400 1735 1466 Hansium

536 1530 604 1575 non
636 1509 751 1586 fuisso,
784 1506 870 1572 malo
893 1507 1074 1571 habuerunt
1097 1528 1168 1571 voo.
1191 1506 1318 1591 aliquod
1339 1507 1432 1587 euim;
1456 1508 1523 1572 iam
1536 1506 1667 1572 oodioos
1690 1527 1735 1571 ro·

535 1618 710 1680 oeni—iores:
734 1613 900 1698 aliquando
924 1612 999 1676 euim
1024 1612 1195 1688 exhibant,
1220 1611 1360 1677 Haasiua
1384 1617 1493 1678 autam
1518 1613 1615 1678 verba
1635 1612 1734 1677 aeolu-

535 1724 597 1799 sit,
622 1720 770 1786 Weidner
793 1720 927 1784 ooniaoit
949 1717 1149 1804 aliquolieua,
1173 1716 1322 1783 Gortnina
1345 1718 1471 1805 aliquod
1492 1719 1628 1804 leuique.
1653 1717 1736 1798 Quid

537 1830 625 1892 enim
657 1809 848 1911 simplioiuo
870 1826 1044 1911 excogitari
1074 1828 1181 1909 potaal
1203 1843 1302 1908 quam
1325 1843 1361 1887 oa
1384 1844 1465 1908 quaa
1488 1824 1541 1888 hio
1563 1822 1734 1910 leguntur:

538 1952 637 2009 „oona
659 1951 757 2016 quam
781 1936 951 2015 expectans
973 1932 1008 1994 in
1030 1928 1151 1994 lootulo
1173 1930 1278 2005 iaceo,
1302 1929 1386 1993 mihi
1404 1928 1636 1994 iucundissima
1655 1930 1733 2008 arit3

536 2038 632 2104 hodia
660 2040 748 2102 onim
780 2038 882 2102 animi
904 2038 1095 2122 patientiam
1120 2037 1297 2121 temptavi,
1322 2035 1407 2121 quod
1431 2040 1630 2120 temptaman
1653 2036 1736 2100 mihi

535 2151 606 2209 tam
629 2144 710 2208 bono
732 2146 845 2218 oaaait,
869 2148 907 2206 ut
930 2163 966 2207 oo
989 2163 1099 2207 aonam
1125 2161 1248 2218 meam,
1275 2162 1355 2226 quaa
1378 2143 1445 2205 aina
1469 2140 1568 2205 dubio
1588 2140 1738 2228 frugalis·

536 2253 637 2327 sima,
663 2270 702 2314 no
726 2249 831 2313 dicam
855 2247 981 2313 sordida
1004 2249 1084 2325 erit,
1107 2247 1274 2313 eonditum
1297 2249 1339 2311 iri
1362 2249 1479 2312 morito
1502 2246 1662 2313 orodom.'’

584 2462 667 2527 lbid.
695 2461 746 2526 16.
779 2484 857 2525 moro
886 2461 996 2524 mahom
1026 2483 1086 2524 uou
1117 2466 1178 2525 eol:
1208 2460 1283 2545 quid
1305 2459 1455 2544 quoeris?
1475 2459 1541 2522 oola
1563 2459 1611 2522 iua
1634 2482 1734 2524 oeouu

532 2569 655 2651 qaueria
686 2567 818 2632 luuaui.
844 2567 897 2632 Sia
921 2567 985 2630 BA
993 2587 1000 2644 ;
1026 2573 1060 2631 at
1082 2567 1159 2631 haoo
1182 2565 1278 2631 lectio
1303 2587 1366 2631 non
1389 2566 1538 2630 omnibus
1562 2566 1735 2643 satisfacit,

536 2695 613 2740 nam
645 2677 679 2737 in
709 2673 823 2739 Honaii
854 2675 1059 2738 annotatione
1083 2674 1160 2737 hano
1184 2671 1344 2759 legimus:
1370 2671 1506 2749 „scilieet
1528 2672 1577 2734 iou
1599 2674 1734 2736 ooniooit

536 2780 690 2856 Bartsch,
715 2781 823 2865 potuit
846 2779 921 2864 qaid
942 2778 1063 2863 quaeris
1085 2777 1167 2841 illa?
1189 2777 1238 2841 iao
1258 2799 1285 2843 o.
1300 2799 1329 2863 q.
1342 2777 1401 2842 a.”.
1426 2777 1570 2864 Ergone
1592 2776 1734 2841 Honoius

535 2885 669 2971 quidam
691 2888 761 2971 ipsa
782 2883 890 2950 looum
914 2905 1029 2950 sanum
1053 2883 1166 2949 dooere
1188 2884 1334 2961 videtum
1356 2904 1416 2969 ogo
1439 2891 1549 2948 oontra
1567 2882 1650 2947 illud
1668 2882 1734 2947 oola

533 2994 667 3058 omnino
702 2994 840 3057 rotinere
871 2990 989 3069 volim;
1027 2990 1211 3067 ‚,tantum'',
1243 2992 1350 3076 inquit
1380 2989 1515 3067 Seneca,
1554 2991 1664 3068 „abest
1696 2995 1734 3055 nt

534 3104 674 3164 mortem
699 3095 824 3162 malum
848 3099 956 3162 vocari
979 3095 1090 3173 licoat,
1115 3103 1153 3161 ut
1177 3117 1213 3161 aa
1237 3103 1347 3162 contra
1368 3096 1433 3160 oola
1456 3098 1607 3161 omnibus
1630 3097 1733 3162 homi-

533 3205 632 3269 nibus
661 3224 720 3288 par
742 3206 799 3281 sil;
826 3225 900 3268 oum
923 3206 956 3267 in
981 3205 1094 3268 ootoria
1117 3204 1267 3267 omnibus
1292 3204 1386 3267 robus
1409 3205 1494 3267 inter
1517 3224 1549 3268 so
1569 3202 1732 3280 differant,

532 3314 605 3376 vita
628 3316 756 3396 paracta
778 3331 862 3375 unus
886 3315 983 3395 atqua
1004 3310 1091 3374 idom
1114 3308 1186 3374 finis
1209 3330 1319 3375 omnes
1344 3310 1540 3395 exspoctat'’.

582 3525 643 3610 Ep.
671 3523 803 3601 124,10
822 3545 868 3608 oq.
894 3524 1068 3609 Postquam
1093 3522 1212 3588 Sanooa
1235 3545 1292 3588 noa
1315 3523 1425 3589 docuit
1449 3524 1592 3600 „bonum
1615 3545 1676 3589 non
1699 3526 1732 3588 in

532 3629 681 3716 quolibet
715 3650 863 3714 corporo,
899 3650 960 3694 non
995 3628 1204 3713 inu-qualibet
1236 3636 1339 3694 aetate
1371 3631 1508 3694 inveniri
1542 3638 1575 3694 ot
1606 3635 1732 3695 tantum

532 3738 644 3802 abesae
674 3736 713 3801 ab
744 3734 899 3810 infantia,
931 3740 1088 3819 quantum
1120 3756 1139 3799 a
1170 3737 1274 3820 primo
1304 3734 1480 3812 ultimum,
1513 3741 1670 3820 quantum
1693 3738 1732 3802 ab

531 3845 630 3908 initio
664 3839 875 3927 perfeetum'',
910 3841 988 3906 haee
1023 3847 1219 3926 sequuntur:
1256 3864 1322 3922 erqo
1353 3864 1405 3905 aee
1435 3842 1468 3904 ia
1499 3848 1617 3918 leuero,
1648 3844 1731 3906 uodo

532 3948 714 4012 coalescente
748 3946 921 4029 eorpuaeulo
953 3953 1005 4010 eal.
1041 3946 1150 4032 quidni
1180 3969 1239 4009 uou
1267 3947 1335 4010 eil?
1367 3970 1426 4011 aaa
1456 3947 1550 4027 uaqio
1580 3970 1667 4032 quam
1698 3949 1731 4011 iu

531 4053 656 4118 semiue.
688 4054 742 4116 loe
772 4052 924 4130 aidieaa,
948 4052 1074 4138 aliquod
1096 4053 1213 4116 arborio
1237 4076 1272 4115 ao
1294 4054 1355 4116 ooli
1378 4055 1481 4117 louaoe
1504 4054 1655 4118 uooimuo:
1678 4056 1732 4119 loo

530 4183 593 4225 uou
625 4166 669 4224 eol
696 4160 730 4223 iu
746 4159 850 4241 prima
865 4160 1002 4245 froude,
1027 4182 1103 4245 qua-e
1126 4159 1232 4223 aulaeo
1255 4184 1318 4223 aum
1342 4161 1467 4224 maaime
1489 4161 1584 4225 oolam
1608 4162 1730 4244 rumpit.

580 4264 656 4330 Voo.
689 4266 742 4327 loo
771 4265 907 4328 eidieao
930 4264 1092 4330 nonnullis
1115 4273 1265 4350 corrupta
1288 4269 1358 4331 visa
1382 4272 1474 4343 sunt,
1501 4288 1638 4352 quornm
1662 4289 1732 4333 oon·

531 4375 673 4437 iacturas
697 4382 854 4436 memorat
879 4370 1037 4449 Hanaius,
1062 4374 1118 4456 qui
1142 4378 1247 4437 tamon
1273 4374 1341 4457 ipso
1365 4376 1473 4437 omnia
1495 4375 1565 4437 iure
1589 4376 1730 4458 optimo,

530 4483 566 4544 ni
598 4476 702 4554 fallor,
733 4481 853 4543 intanta
878 4477 1021 4563 reliquit.
1047 4477 1100 4542 Sia
1124 4480 1211 4542 onim
1235 4476 1323 4543 loona
1347 4478 1430 4542 mihi
1454 4478 1660 4564 explicandus
1685 4482 1733 4543 vi·

530 4584 643 4650 datur:
677 4584 818 4660 „bonum
848 4605 911 4649 non
943 4588 992 4649 eat
1021 4586 1055 4647 in
1085 4583 1276 4670 corpusculo
1300 4584 1384 4670 quod
1408 4584 1502 4649 modo
1527 4591 1639 4649 natum
1665 4590 1729 4662 ast,

529 4712 593 4756 non
619 4692 725 4774 magio
749 4710 846 4774 quam
869 4692 902 4752 in
927 4692 1059 4754 somine.
1085 4689 1120 4754 Si
1145 4696 1181 4753 tu
1205 4696 1311 4755 tamen
1335 4690 1396 4754 hoo
1419 4690 1504 4754 diooa
1528 4698 1583 4768 (oo.
1608 4691 1729 4755 bonum

529 4796 693 4884 quoddam
723 4799 756 4860 in
787 4798 909 4861 aomina
932 4800 1024 4875 osae),
1050 4796 1110 4861 hoo
1131 4797 1319 4862 obiecerim:
1343 4798 1494 4861 novimus
1518 4796 1647 4881 quidem
1671 4796 1728 4861 ali-
