4525 5950
886 706 920 752 na
943 706 1026 753 saca
1048 707 1199 755 6666666.
1571 690 1636 756 339

443 872 482 936 de
514 875 610 936 ianua
645 891 684 935 ex
715 869 954 954 Hecatompedo
984 871 1062 950 (huo
1093 869 1303 948 translatum,
1336 871 1420 957 quod
1449 873 1576 950 cecidit)
1599 872 1638 938 de

441 977 572 1055 clavo'’;
598 976 689 1054 dein,
715 975 800 1061 quod
824 996 900 1040 mox
924 974 1147 1041 demonstrabo
1171 974 1243 1041 aliis
1267 977 1442 1063 exemplis,
1466 986 1637 1064 postquam

440 1103 491 1147 res
523 1103 561 1147 ex
584 1081 815 1166 Opisthodomo
838 1083 873 1144 in
897 1079 1019 1146 Oellam
1046 1081 1323 1167 centumpedalem
1347 1087 1422 1148 6661
1447 1083 1635 1161 1666616166,

440 1193 625 1273 quaestores
644 1209 697 1253 eas
716 1186 893 1252 secundnm
912 1189 1080 1252 materiem
1101 1188 1263 1253 ordinasse
1282 1187 1371 1253 nulla
1391 1191 1514 1254 ratione
1527 1189 1637 1254 habita

439 1293 585 1359 locorum
617 1294 702 1359 unde
735 1300 947 1379 provenerant
971 1315 1119 1359 rerumve
1144 1294 1457 1360 denominationibus
1480 1316 1543 1360 non
1567 1315 1637 1358 mu-

442 1403 519 1465 tatis
535 1400 575 1479 ¹);
607 1399 742 1483 denique
773 1398 867 1464 ahter
895 1399 1030 1485 digestis
1063 1399 1220 1486 catalogis
1251 1399 1331 1466 tales
1362 1400 1538 1466 anomaliae
1567 1421 1635 1466 6666

443 1505 595 1570 sublatas.

487 1713 771 1793 16666643-45,
795 1718 908 1800 66116
932 1716 1082 1781 omnibus
1104 1716 1169 1781 fere
1193 1714 1419 1781 traditionibus
1443 1712 1549 1782 061166
1568 1738 1638 1783 oen·

441 1820 637 1907 tumpedalis
656 1824 876 1898 inveniuntur,
897 1821 1078 1887 luculenter
1097 1827 1258 1886 testantur
1276 1821 1374 1887 huius
1394 1821 1500 1888 Gallae
1519 1823 1571 1888 hic
1591 1844 1637 1888 re

441 1931 563 1993 censeri
586 1928 725 1993 donaria.
751 1927 814 1992 Hic
837 1930 923 1993 enim
948 1933 1220 1993 commemoratur
1242 1948 1358 1992 corona
1378 1927 1536 1994 Victoriae
1556 1950 1636 2014 quae

440 2037 473 2098 in
499 2054 598 2098 manu
621 2033 786 2099 simulacri
810 2035 979 2100 Minervae
1001 2033 1146 2120 Virginis
1169 2039 1244 2099 stat.

486 2249 638 2315 Versibus
658 2250 792 2315 45-62
812 2251 1002 2317 describitur
1014 2250 1154 2316 Victoria
1166 2252 1318 2318 archonte
1330 2252 1492 2319 Socratide
1504 2252 1619 2343 (37413
1626 2276 1634 2333 ;

442 2356 492 2421 Ol.
520 2356 593 2421 101.
608 2356 642 2437 3)
672 2363 862 2423 consecrata.
895 2357 996 2424 Ouius
1027 2359 1188 2423 archontis
1219 2380 1334 2424 nomen
1357 2348 1523 2446 integrum
1547 2368 1636 2426 extat

441 2485 539 2529 versu
564 2463 617 2541 65,
642 2470 674 2529 61
697 2485 791 2530 versu
816 2463 859 2529 46
881 2465 1019 2550 vestigia
1039 2471 1123 2529 certe
1142 2463 1311 2529 literarum
1331 2488 1433 2542 respa
1452 2473 1634 2551 supersunt.

442 2570 513 2635 Non
542 2569 653 2635 eadem
675 2576 724 2635 est
749 2568 889 2634 Victoria
912 2590 992 2655 quae
1015 2572 1049 2634 in
1073 2570 1336 2655 inscriptionibus
1360 2570 1436 2648 652,
1461 2571 1538 2650 660,
1563 2572 1637 2637 61116

441 2680 723 2752 commemoratur,
755 2676 852 2740 huius
875 2678 962 2740 enim
986 2682 1092 2761 partes
1116 2675 1179 2741 alia
1203 2678 1326 2742 ratione
1350 2676 1540 2743 distributae
1563 2686 1639 2743 sunt

441 2803 499 2867 per
529 2780 675 2868 singulos
698 2782 820 2861 ῥυμούς.
849 2781 892 2847 Et
914 2780 1080 2867 complura
1105 2781 1262 2846 Victoriae
1286 2785 1379 2868 signa
1402 2784 1502 2849 fuisse
1524 2791 1637 2848 notum

442 2896 501 2952 661.
526 2887 682 2974 Pleraque
706 2894 815 2953 autem
838 2908 920 2952 anno
945 2883 1010 2953 407
1033 2889 1067 2951 16
1091 2908 1189 2952 usum
1213 2886 1290 2951 belli
1314 2909 1382 2953 6666
1406 2888 1558 2965 66611616,
1582 2889 1637 2953 sed

440 3015 555 3059 eornm
579 3015 749 3059 numerum
775 3001 846 3080 post
869 2993 992 3059 bellum
1017 2992 1324 3079 Peloponnesiacum
1350 2994 1545 3081 singillatim
1569 3017 1637 3062 esse

440 3103 649 3177 restitutum,
681 3099 790 3164 docuit
822 3098 1008 3177 16666611).
1039 3098 1110 3164 Hoc
1141 3102 1262 3164 mirum
1292 3106 1359 3178 661,
1395 3104 1430 3165 16
1461 3108 1569 3166 nostra
1592 3105 1638 3166 in-

438 3208 612 3290 scriptione
635 3226 734 3270 unam
761 3210 889 3270 tantum
914 3204 1088 3270 Victoriam
1109 3205 1262 3283 describi,
1283 3225 1385 3290 66666
1404 3207 1548 3271 eiusdem
1568 3206 1637 3272 11661

439 3315 639 3376 mentionem
659 3314 693 3376 in
715 3310 790 3388 677,
812 3312 868 3375 611
889 3310 1067 3396 complures
1086 3309 1244 3376 Victoriae
1264 3311 1394 3377 1666661
1414 3319 1634 3390 enumeratae,

439 3420 469 3481 61
500 3424 584 3482 66616
615 3417 778 3482 1161666666
809 3418 854 3481 111
879 3438 926 3482 vs.
951 3416 994 3482 25
1017 3417 1101 3503 legit
1124 3419 1206 3488 Νίκη
1232 3417 1359 3496 σώτειρα
1386 3419 1635 3496 »1616661611-

442 3543 536 3587 mans
559 3543 629 3587 eam
652 3523 711 3587 hac
734 3543 811 3587 voce
834 3524 952 3608 opponi
973 3531 1043 3591 ταῖς
1064 3522 1180 3599 ἑτέραις
1203 3522 1333 3598 Nixon,
1354 3544 1435 3607 quae
1453 3526 1486 3587 in
1506 3544 1636 3608 sequen·

440 3628 528 3692 tibus
551 3634 843 3693 commemorantur
856 3626 890 3706 ³).
922 3627 1059 3692 Voucart
1082 3646 1193 3691 omnes
1215 3626 1371 3693 Victorias
1393 3633 1517 3714 praeter
1540 3633 1638 3695 notis·

438 3735 558 3798 simam
588 3731 680 3798 illam
711 3735 746 3797 in
778 3732 898 3818 templo
929 3732 1050 3798 Dianae
1080 3740 1260 3798 asservatas
1291 3754 1358 3798 osse
1389 3741 1500 3819 putat;
1538 3757 1635 3821 quam

439 3842 558 3903 miram
582 3845 615 3903 61
638 3841 707 3904 veri
729 3837 920 3905 dissimilem
944 3843 1161 3904 coniecturam
1185 3838 1321 3924 protulit
1341 3838 1457 3905 collato
1477 3861 1571 3905 versu
1594 3840 1636 3905 10

439 3945 658 4028 inscriptionis
681 3943 849 4008 cuiusdam
872 3964 891 4008 a
913 3964 946 4009 se
970 3944 1091 4009 editae:

536 4053 1528 4126 .ι..ϋΗΠθᾱρΠμΙΗθνθεπὲστᾱῗέστᾱθμθντ..

439 4153 527 4217 61166
559 4161 667 4219 tamen
698 4154 860 4220 confessus
892 4176 924 4219 se
956 4155 1040 4219 huno
1072 4176 1204 4220 versum
1235 4176 1337 4239 neque
1360 4156 1508 4240 supplere
1532 4178 1635 4243 66666

437 4262 643 4344 161666661661
663 4281 765 4345 posse.
791 4260 902 4346 Itaque
922 4263 992 4325 1666
1013 4260 1177 4325 hehnerus
1197 4280 1267 4325 eam
1280 4263 1495 4326 coniecturam
1507 4265 1617 4328 reiecit
1624 4285 1633 4342 ;

477 4491 503 4553 l)
521 4489 574 4538 Hoc
591 4490 710 4555 imprimis
725 4490 779 4538 inde
793 4494 892 4555 6666661
907 4490 969 4554 qnod
984 4489 1009 4539 in
1024 4488 1183 4539 describendis
1197 4490 1267 4539 66166
1279 4489 1454 4554 antiquioribus
1463 4491 1634 4556 orthographia

439 4572 540 4636 antiqua
563 4576 701 4637 usurpatur.
729 4571 785 4620 Sine
809 4571 881 4619 dubio
903 4571 970 4621 111611
993 4586 1135 4621 coronarum
1153 4588 1174 4621 v.
1189 4587 1209 4621 6.
1227 4573 1256 4620 sd
1274 4571 1370 4621 literam
1387 4571 1593 4637 perscribsbsntnr
1610 4575 1634 4623 16

438 4655 568 4718 catalogis,
586 4656 630 4703 etsi
649 4654 822 4719 orthographia
839 4669 900 4702 nora
918 4655 966 4703 iam
985 4654 1010 4703 in
1029 4671 1097 4704 usnm
1114 4659 1218 4703 venerat.

472 4737 501 4799 2)
520 4737 564 4784 bes
582 4736 700 4784 Victoirea
718 4751 748 4783 sn
766 4750 794 4783 or
812 4735 840 4783 de
857 4733 1000 4800 l’hcropole,
1021 4736 1138 4794 11011,
1156 4737 1221 4784 1888
1238 4752 1263 4800 6.
1279 4735 1388 4794 283666.

473 4820 501 4880 3)
521 4816 558 4866 Oi.
576 4817 678 4866 1616661
697 4817 730 4866 l.l.
751 4833 774 4881 6.
793 4816 869 4881 8366.
