4525 5950
921 669 1171 718 snmrorsnrrss.
1570 645 1636 712 269

447 837 582 902 beantur
615 836 692 900 haec
728 833 883 901 vocabula
913 855 970 919 pro
998 831 1149 898 laconicis
1172 857 1212 882 =
1235 828 1506 911 „recaluisse
1543 837 1575 896 et
1598 856 1637 881 =

448 939 548 1021 ἕρμα
578 949 610 1022 (a
633 943 731 1008 verbo
755 938 870 1021 ἕρδειν),
902 961 959 1005 nee
990 941 1098 1005 minus
1120 943 1306 1019 χρεῦμα·
1331 940 1429 1017 ῥεῦμα
1454 937 1539 1023 apud
1562 957 1638 1002 eun-

448 1048 521 1114 dem
543 1074 582 1098 =
606 1052 717 1125 ῥεῡμα,
741 1068 798 1132 pro
822 1067 884 1131 que
907 1045 1016 1132 glossa
1034 1048 1142 1111 contra
1161 1044 1343 1111 litterarum
1363 1044 1506 1109 ordinem
1527 1048 1637 1122 χεῦμα

447 1155 627 1240 corrigebat
649 1153 876 1230 Ruhnkenius,
901 1158 934 1218 et
956 1156 990 1216 in
1011 1152 1127 1216 Russia
1146 1173 1203 1237 pro
1224 1152 1351 1216 omnib
1369 1149 1488 1215 initiali
1507 1153 1639 1235 ponitur

441 1287 474 1344 ρ.
509 1259 668 1325 Similiter
702 1258 868 1344 plebecula
902 1257 1085 1323 Florentino
1119 1279 1175 1343 pro
1209 1257 1326 1321 cavalto
1360 1256 1454 1321 modo
1489 1255 1635 1332 stavella,

447 1367 541 1432 modo
565 1366 686 1429 bacello
710 1367 916 1451 pronuntiare
940 1366 1117 1429 consuevit.

494 1584 546 1650 Vs.
573 1583 672 1649 1013.
695 1583 925 1659 τοοτιίὸμαι.
950 1582 1002 1648 Sic
1026 1582 1108 1664 (scil.
1132 1581 1363 1661 τοιτοὶομαι)
1386 1581 1477 1660 Rev„
1502 1581 1556 1646 sed
1580 1582 1639 1646 for-

445 1699 530 1756 tasse
561 1690 765 1775 praeferenda
788 1688 926 1755 aliorum
949 1690 1096 1754 codicum
1118 1688 1214 1753 lectio
1238 1688 1447 1764 ποτάομαι
1472 1691 1507 1767 (i.
1528 1709 1555 1751 o.
1579 1681 1640 1751 το

444 1796 624 1876 scitust).
658 1795 706 1862 of.
730 1796 853 1862 lexicon
878 1818 989 1861 meum
1011 1795 1247 1881 suppletorium
1271 1801 1303 1859 et
1326 1794 1532 1860 dialecticum
1556 1815 1580 1859 s.
1606 1814 1638 1857 v.
1757 1843 1762 1852 .

445 1912 624 1975 ποτῆται
649 1909 681 1967 et
704 1901 932 1977 τωτοὲὃμαο.

491 2104 544 2171 Vs.
570 2105 666 2170 1031.
693 2101 817 2182 ἦμέν,
837 2100 858 2167 ὦ
881 2110 951 2181 Ζεῦ,
972 2103 1071 2185 χρῆμ’
1093 2105 1164 2168 ἰδεῖν
1184 2111 1255 2177 τῆς
1276 2102 1405 2180 ἐμπίδος
1426 2102 1525 2167 ἔνεστί
1545 2127 1599 2167 τοι.

443 2212 587 2276 Tantum
606 2233 667 2276 non
687 2217 773 2275 certa
789 2210 872 2274 mihi
889 2211 1017 2275 ridetur
1035 2208 1199 2294 Blaydesii
1210 2209 1391 2274 emendatio
1404 2211 1486 2273 τοῦτ’
1499 2229 1556 2293 pro
1567 2213 1634 2278 τῆς.

492 2428 544 2493 Vs.
573 2425 670 2492 1056.
762 2425 846 2498 dosis
871 2426 909 2491 ἂν
933 2427 991 2491 νυνὶ
1017 2426 1153 2499 δανείσοι-

877 2557 930 2596 ται
955 2538 1027 2613 παρ’
1051 2534 1145 2609 ἡμῶν,

808 2636 854 2702 ἂν
878 2640 987 2718 λάβῃ
1010 2638 1151 2714 μηκέτ’
1175 2637 1364 2704 deodrici.

442 2746 531 2809 Mihi
561 2745 692 2830 quidem
723 2765 853 2830 prorsus
885 2745 1040 2811 satisfacit
1062 2745 1206 2809 Maronis
1228 2744 1394 2810 lenissima
1417 2745 1516 2810 simul
1539 2751 1571 2809 et
1594 2745 1638 2808 f-

443 2854 606 2916 cetiesima
629 2851 829 2917 emendatio:

762 2950 807 3022 dcv
832 2956 944 3038 λάβῃ
967 2960 1001 3035 γ’
1026 2959 1065 3022 οὐ
1089 2960 1140 3033 μὴ
1165 2959 1312 3038 alvold,

443 3088 526 3152 quae
556 3086 613 3130 cur
642 3068 751 3129 minus
783 3068 950 3151 perspicua
982 3064 1130 3129 videatur
1160 3062 1350 3130 Lesuwenio
1382 3086 1445 3130 non
1468 3062 1633 3150 intellego.

441 3172 535 3237 Hanc
559 3171 664 3236 multo
688 3172 796 3255 potius
818 3173 853 3235 in
878 3177 1004 3234 textum
1028 3173 1200 3255 receperim
1226 3190 1323 3256 quam
1344 3174 1511 3257 ingentem
1536 3173 1636 3257 ipsius

442 3277 575 3344 editoris
598 3279 811 3342 mutationem

761 3381 883 3458 μηδὲν
907 3381 1091 3446 &voldra
1116 3381 1242 3445 πάλιν

442 3510 524 3576 quae
549 3496 616 3554 tam
637 3491 753 3554 misere
773 3490 936 3573 corrumpi
957 3491 1097 3573 potuisse
1117 3490 1189 3573 quis
1208 3508 1325 3572 quaeso
1346 3489 1407 3554 sibi
1428 3484 1635 3573 persuadeat?

493 3706 543 3772 Vs.
572 3704 669 3770 1078.
694 3705 804 3781 βαβαί
818 3754 825 3770 .
852 3705 1028 3782 νενεύρωται
1053 3707 1109 3781 μὲν
1134 3703 1183 3780 ἥδε
1198 3754 1205 3771 .
1221 3753 1250 3770 ..
1274 3706 1421 3785 συμφορὰ

693 3809 791 3882 δεινῶς
816 3813 1019 3888 τεθερμῶσθαι
1043 3835 1077 3875 τε
1102 3819 1203 3890 χεῖρον
1225 3813 1386 3891 Φαίνεται.

440 3919 581 4005 Egregie
607 3915 760 3981 traditam
783 3915 953 3982 lectionem
978 3923 1087 3982 tuetur
1110 3925 1143 3981 et
1165 3919 1394 4002 interpretatur
1417 3917 1609 3983 vLeeuueu.

488 4134 541 4201 Vs.
569 4134 666 4201 1154.
699 4136 751 4199 καὶ
785 4136 1027 4216 ξυμμαχοῦντες
1058 4159 1116 4222 pro
1147 4136 1416 4218 ξυνεκμαχοῦντες
1439 4141 1563 4225 optima
1586 4146 1635 4205 est

442 4241 573 4307 editoris
597 4242 788 4307 emendatio.

488 4442 540 4506 Vs.
568 4441 666 4506 1175.
699 4444 795 4517 r'ulsv
827 4443 1035 4521 διαλλαγῆτε.
1062 4447 1159 4516 'serto
1183 4467 1239 4530 pro
1263 4446 1388 4511 ἐπειδάν
1413 4469 1570 4533 nusquam
1593 4448 1636 4513 le·

441 4551 535 4634 gitur
557 4551 590 4612 in
615 4548 793 4634 tragoedia,
822 4554 871 4613 ter
894 4552 928 4613 in
948 4549 1128 4626 comoedia,
1150 4550 1204 4615 sed
1224 4552 1308 4637 apud
1327 4552 1431 4617 solum
1452 4554 1637 4638 Aristopha-

441 4674 519 4717 nem
542 4659 681 4738 (praetsr
702 4653 734 4716 h.
754 4653 776 4716 1.
796 4656 858 4719 Αν.
880 4653 945 4720 984
966 4662 998 4719 et
1020 4653 1132 4734 1355),
1153 4676 1312 4741 nusquam
1333 4660 1366 4722 in
1387 4658 1493 4724 titulis
1512 4661 1636 4735 atticis,

442 4759 501 4824 ubi
519 4759 597 4822 εὀοοὶν
618 4781 679 4824 non
700 4763 838 4824 occurrit
856 4766 929 4825 ante
948 4780 975 4824 a.
997 4759 1063 4824 265
1084 4781 1111 4826 a.
1132 4759 1167 4827 0.
1189 4763 1243 4842 (cf.
1256 4763 1485 4830 Meisterhsns³
1497 4787 1528 4849 p.
1543 4763 1633 4844 252).
