4525 5950
1004 690 1242 738 nauosrnnune.
1674 671 1714 739 17

531 853 630 931 κύριός
663 857 707 923 iss
739 858 780 919 τά
814 855 908 919 αὑτοῦ
940 854 1111 932 διαθέσθαι,
1136 854 1189 918 ε’άν
1213 856 1257 930 μη
1281 851 1314 918 εὖ
1337 863 1449 937 φρονῇ·
1475 862 1619 920 νοσοῦντα
1644 857 1674 920 δὲ
1699 855 1716 929 ἢ

529 968 810 1039 Φαρμακῶντα
847 961 864 1036 ἢ
899 963 1022 1038 γυναικὶ
1059 961 1233 1039 πειόόμενον
1269 960 1286 1036 ἢ
1321 962 1392 1025 ὑπὸ
1427 966 1554 1041 γήρως
1591 965 1608 1036 ἢ
1645 962 1717 1026 ὑπὸ

528 1075 684 1144 μανιῶν
716 1069 732 1141 ἢ
767 1070 818 1133 ὑπ’
851 1065 992 1144 άνάγκης
1025 1067 1103 1138 τινὸς
1137 1068 1382 1144 καταληφθέντα
1415 1067 1522 1145 άκυρον
1545 1068 1719 1133 κελεύουσιν

528 1171 609 1237 εἶναι
641 1176 666 1237 ol
699 1174 792 1248 νόμοι.
827 1173 890 1239 Hic
920 1177 1065 1260 primum
1096 1176 1185 1259 coepi
1216 1175 1326 1238 mirari
1357 1172 1514 1258 pluralem
1547 1196 1719 1240 numerum

529 1284 603 1346 eius
637 1280 720 1366 quod
754 1287 803 1345 661
838 1284 952 1358 μανία,
988 1302 1062 1345 nam
1098 1282 1247 1366 quamvis
1281 1281 1389 1345 crebro
1423 1283 1606 1345 inveniatur
1636 1281 1720 1366 apud

529 1395 661 1474 poetas,
698 1387 735 1452 de
770 1409 833 1473 quo
869 1409 929 1453 usu
964 1386 1173 1452 Ireeuwenius
1208 1386 1291 1451 dixit
1325 1386 1364 1451 ad
1397 1388 1496 1452 Arist.
1527 1387 1610 1453 Nub.
1643 1386 1720 1464 832,

530 1493 672 1558 dixerim
706 1496 740 1556 in
776 1492 883 1558 soluta
917 1496 1057 1559 oratione
1087 1495 1180 1557 unice
1209 1491 1316 1559 locum
1346 1514 1413 1558 esse
1444 1515 1577 1560 numero
1612 1497 1721 1581 singu-

530 1599 605 1665 lari.
640 1599 762 1665 Deinde
798 1597 921 1665 contuli
954 1602 1024 1684 ipsa
1055 1599 1152 1665 verbe
1185 1596 1269 1685 legis
1301 1620 1381 1685 quae
1415 1600 1500 1685 §14
1531 1600 1722 1679 afferuntur,

531 1707 652 1792 quibus
673 1705 867 1794 'conceditur
899 1708 1084 1770 testamenti
1105 1705 1201 1771 factio
1225 1705 1385 1791 quomodo
1407 1710 1541 1792 quisque
1564 1706 1722 1785 voluerit,

531 1814 572 1876 ico
605 1814 648 1887 μη
680 1811 787 1885 παῖδες
820 1808 873 1875 ὦσι
905 1813 1020 1888 γνήσιοι
1052 1811 1187 1890 άρρενες,
1219 1810 1256 1875 άν
1290 1814 1333 1888 μη
1365 1820 1517 1889 μανιῶν
1540 1813 1557 1888 ἢ
1582 1812 1722 1892 γήροςῆ

531 1920 760 1997 φαρμάκων
783 1918 799 1992 ἣ
827 1919 911 1983 νόσον
935 1915 1024 1983 ἕνεκα
1049 1917 1065 1992 ἢ
1091 1919 1213 1994 γυναικὶ
1240 1918 1432 1998 πειόόμενος,
1458 1920 1514 1983 ὑπὸ
1536 1921 1648 1985 τούτων
1670 1944 1723 1984 τοο

531 2032 692 2111 παρανοῶν
725 2025 742 2101 ἢ
774 2028 825 2090 ὑπ’
860 2027 1000 2101 άνάγκης
1024 2025 1041 2099 ἦ
1067 2025 1123 2090 ὑπὸ
1148 2026 1261 2099 δεσμοῦ
1287 2027 1510 2105 καταληφθείς.
1535 2026 1599 2091 Η16
1622 2047 1723 2113 quum

530 2135 567 2196 in
592 2134 660 2217 ipse
684 2134 824 2197 oratione
847 2131 1021 2196 habeamus
1044 2132 1250 2216 participium
1273 2138 1506 2209 φαρμακῶντα,
1532 2132 1650 2198 dixeris
1673 2134 1724 2197 iti-

532 2238 610 2303 dem
644 2241 677 2302 in
711 2237 783 2324 lege
818 2242 944 2302 mutato
978 2249 1108 2301 accentu
1145 2235 1347 2302 scribendum
1383 2257 1450 2301 6666
1484 2244 1722 2314 φαρμακῶν.

533 2344 750 2412 Grammatici
774 2343 909 2410 verbum
933 2346 1184 2429 interpretantur
1200 2349 1233 2409 61
1253 2351 1327 2408 6616
1345 2364 1455 2408 61111166
1474 2343 1721 2430 Harpocration:

535 2458 773 2528 Φαρμακῶντνι·
799 2450 989 2525 Δημοσόένης
1012 2451 1041 2513 ἕν
1061 2451 1102 2529 τῷ
1123 2451 1206 2513 κατά
1230 2451 1410 2530 Στεφάνου·
1432 2448 1477 2516 ἔτι
1498 2449 1527 2514 δὲ
1548 2453 1723 2529 φαρμακῶν

534 2559 548 2623 ό
583 2560 640 2622 ὑπὸ
672 2560 847 2636 Φαρμάκων
879 2556 1123 2634 βεβλαμμένις,
1154 2560 1192 2628 ῶς
1218 2559 1269 2621 καὶ
1294 2557 1472 2639 Θεόφραςος
1497 2556 1526 2621 ἒν
1552 2561 1587 2622 ιε’
1611 2558 1723 2634 Νόμων

535 2665 750 2736 ὑποσημαίνει.
783 2663 960 2748 Usurpavit
990 2662 1150 2728 Lucienus
1180 2663 1356 2749 lrexiphan.
1381 2663 1418 2729 4:
1443 2665 1485 2727 τά
1509 2663 1642 2741 όμματά
1664 2689 1722 2739 μου

533 2778 694 2852 φαρμακᾷ
719 2777 751 2836 61
775 2769 967 2835 Plutarchus
991 2768 1106 2836 Morol.
1126 2792 1158 2857 p.
1182 2770 1323 2836 1016E:
1345 2775 1476 2835 τοιαῦτα
1498 2772 1561 2849 γάρ
1581 2770 1721 2847 άντικρυς

532 2877 761 2958 φαρμακῶντός
785 2879 846 2946 ε’ςιν
871 2884 952 2961 etp.
980 2874 1119 2941 1123F:
1144 2878 1177 2940 οὐ
1202 2878 1432 2955 κραιπαλῶντες
1454 2876 1517 2943 οὐδὲ
1538 2884 1724 2955 φαρμακῶν·

533 3011 587 3058 τες
611 2984 756 3064 άνόρωποι
782 2986 832 3049 καὶ
854 2984 1114 3062 παρακόπτοντες.
1139 2983 1248 3048 Etiam
1269 2984 1419 3048 Reiskius
1438 2986 1471 3047 in
1491 2981 1563 3069 lego
1583 2982 1723 3049 malebat

532 3099 709 3173 φαρμανῶν
740 3092 885 3156 scribere.
918 3090 1038 3155 Verum
1069 3091 1128 3156 1166
1158 3093 1345 3176 neutiquam
1375 3090 1505 3175 probare
1529 3093 1720 3175 poterimus,

532 3200 598 3263 nisi
620 3196 732 3262 itidem
758 3198 957 3282 corrigamus
981 3202 1107 3272 γηρῶν
1131 3194 1183 3261 vel
1206 3197 1338 3261 fortasse
1359 3196 1495 3261 formam
1519 3198 1646 3276 γηράς
1666 3218 1722 3282 pro

531 3308 673 3383 γήρως.
707 3302 792 3368 Satis
822 3322 892 3367 raro
922 3305 1088 3367 invonitur
1103 3303 1245 3367 ¹verbum
1267 3306 1377 3380 γηρᾶν,
1401 3301 1456 3367 sed
1478 3310 1602 3367 certum
1625 3325 1721 3367 usum

530 3412 647 3488 habet,
680 3408 783 3476 veluti
813 3408 894 3473 Xen.
920 3405 1038 3494 Cyrop.
1063 3408 1116 3475 IV.
1145 3411 1173 3474 1.
1197 3411 1214 3493 ᾖ
1238 3408 1277 3472 15
1302 3416 1334 3474 et
1356 3408 1440 3493 quod
1465 3407 1503 3473 ed
1527 3411 1664 3494 priscam
1687 3431 1722 3476 66

531 3522 692 3606 poeticam
722 3516 862 3581 formam
893 3514 1025 3592 γηράναι
1057 3517 1190 3591 attinet,
1221 3518 1298 3579 satis
1329 3520 1377 3579 661
1407 3514 1446 3579 ad
1470 3511 1626 3580 0611616111
1651 3538 1722 3602 pro·

532 3647 647 3692 vocare
681 3626 715 3688 in
746 3623 857 3687 Marem.
892 3620 978 3686 1862
1011 3643 1041 3706 p.
1075 3620 1149 3685 124.
1181 3619 1301 3685 Verum
1331 3641 1502 3707 pergemus
1525 3622 1723 3688 considerare

530 3735 635 3817 ipsius
665 3728 749 3816 legis
774 3729 887 3794 verba:
913 3724 951 3791 άν
973 3729 1017 3800 μη
1041 3733 1192 3799 μανιῶν
1217 3728 1234 3801 ἢ
1261 3732 1359 3804 γηρῶν
1382 3730 1399 3802 ἢ
1425 3734 1610 3807 Φαρμακῶν,
1638 3750 1722 3795 nuno

531 3838 709 3903 necessario
741 3837 855 3907 μανιῶν
877 3835 1085 3918 participium
1108 3833 1229 3898 factum
1252 3841 1310 3899 661.
1344 3832 1498 3899 Exetetne
1521 3842 1631 3900 autem
1654 3857 1722 3901 ver-

531 3945 613 4008 bum
637 3937 774 4015 μανιῶνῖ
796 3940 927 4017 Ε16161;
952 3938 1025 4005 vide
1048 3939 1142 4004 modo
1166 3938 1288 4024 loseph.
1315 3939 1394 4006 Β611.
1418 3939 1535 4006 1611616.
1562 3941 1575 4004 1
1599 3940 1720 4026 5150:

533 4051 576 4113 τά
603 4049 669 4126 περὶ
695 4048 729 4110 τὸ
753 4054 859 4127 τεῖχος
883 4044 949 4109 ἔνιοι
973 4052 1141 4120 μανιῶντες
1166 4046 1195 4108 ἔν
1218 4055 1288 4116 ταῖς
1314 4045 1508 4123 άμηχανόαις
1533 4047 1720 4121 ὑπέπρησαν.

532 4154 604 4219 lam
629 4151 833 4216 Aristotelem
856 4151 1054 4216 conferemus
1078 4152 1107 4214 ἕν
1131 4161 1168 4231 τη
1195 4150 1358 4224 ’λόηναόον
1383 4150 1526 4231 πολιτείᾳ
1548 4150 1606 4215 col.
1627 4151 1720 4216 XVI:

534 4261 602 4337 περὶ
627 4263 680 4322 τοῦ
704 4259 805 4322 δοῦναι
830 4260 871 4321 τά
895 4258 1005 4321 ἑαυτοῦ
1031 4251 1051 4335 ᾧ
1075 4257 1113 4321 άν
1134 4256 1220 4335 ἰόὲλη
1240 4258 1334 4333 κόριον
1356 4260 1535 4329 ποιήσαντες
1556 4255 1705 4331 καθάπαξ
1713 4306 1720 4333 ,

533 4368 596 4437 τάς
629 4364 659 4428 ii
693 4364 862 4440 προσούσας
896 4363 1058 4432 δυσκολίας
1080 4386 1148 4426 εαν
1173 4388 1225 4435 μη
1250 4386 1400 4436 μανιῶν
1425 4388 1441 4435 η
1465 4386 1593 4440 γηρῶν
1619 4389 1635 4435 η
1660 4387 1722 4440 γν-

532 4496 643 4537 ναικι
666 4473 880 4546 πιθομενος
906 4473 1044 4549 ἀφεῖλον.
1069 4468 1119 4533 Sit
1143 4469 1195 4534 hic
1217 4468 1305 4534 locus
1327 4468 1495 4533 1666116666
1519 4474 1551 4533 61
1574 4471 1720 4547 vitiosus,

530 4576 765 4665 quemadmum
784 4575 897 4641 Batavi
918 4575 1053 4641 editores
1066 4596 1139 4640 66111
1152 4574 1266 4638 11161116
1277 4573 1348 4639 61116
1360 4581 1542 4638 asseverant
1550 4596 1558 4653 3
1573 4575 1721 4660 equidem

531 4686 596 4751 hoc
628 4705 712 4748 nunc
744 4686 839 4749 mitto
870 4703 1036 4767 quaerere;
1068 4680 1151 4746 illud
1181 4688 1309 4745 tantum
1334 4680 1516 4745 notabimus
1538 4684 1571 4744 in
1595 4689 1722 4748 vetusta

530 4811 656 4878 papyro
684 4814 810 4866 γηρων
833 4788 900 4874 legi
922 4810 984 4854 non
1008 4811 1132 4863 γηρως
1156 4795 1189 4851 61
1208 4790 1263 4850 vix
1282 4790 1457 4871 poterimus
1478 4786 1623 4853 dubitare
1644 4793 1722 4874 quin

1561 4907 1577 4955 2
