4525 5950
649 712 714 777 190
1174 729 1319 778 rnorrns.

646 892 896 977 Vespasianique
926 889 1047 955 milites
1079 894 1209 976 cognito
1234 895 1377 976 primum
1401 890 1580 970 Othonem,
1604 893 1722 959 deinde
1746 893 1837 958 Vitel-

644 997 727 1062 lium
758 1019 813 1081 per
844 996 945 1061 scelus
975 1000 1153 1081 imperium
1186 1000 1347 1082 rapuisse,
1379 998 1588 1063 vehementer
1618 999 1836 1084 indignantur,

646 1106 805 1180 fremunt,
831 1106 914 1168 vires
938 1124 1011 1168 suas
1035 1106 1309 1188 circumspiciunt.
1334 1103 1488 1187 Sequitur
1510 1125 1537 1167 c.
1564 1103 1601 1169 7:

693 1210 786 1285 „Non
817 1208 948 1273 fallebat
981 1208 1076 1273 duces
1106 1211 1248 1293 impetus
1281 1207 1446 1286 militum,
1471 1209 1526 1273 sed
1550 1208 1749 1274 bellantibus
1773 1208 1839 1273 aliis

646 1313 766 1399 placuit
797 1317 966 1399 expectari.
1001 1313 1127 1378 Bellum
1158 1336 1232 1379 cum
1263 1313 1300 1378 In
1329 1317 1464 1379 victores
1488 1317 1653 1400 victosque
1677 1336 1839 1401 nunquam

645 1418 746 1485 solida
769 1419 829 1483 tide
854 1419 1041 1495 coalescere;
1066 1441 1122 1484 nec
1146 1422 1277 1496 referre,
1303 1420 1471 1485 Vitellium
1495 1441 1535 1484 an
1556 1419 1719 1486 Othonem
1740 1441 1840 1506 snper-

646 1530 756 1591 stitem
781 1527 909 1590 fortuna
933 1526 1083 1590 faceret'.

692 1632 729 1696 In
753 1655 814 1694 cum
840 1631 879 1694 In
903 1629 1002 1695 latere
1027 1651 1137 1695 casum
1162 1631 1303 1717 aliquem
1327 1632 1379 1696 vel
1403 1632 1597 1697 substantivi
1621 1632 1698 1695 dcis
1723 1630 1775 1697 vel
1794 1631 1842 1696 ed-

647 1740 758 1803 iectivi
789 1737 891 1800 civilis
922 1735 1020 1800 multi
1051 1738 1217 1813 viderunt;
1250 1759 1328 1823 ergo
1360 1741 1539 1824 propositae
1572 1744 1649 1802 sunt
1672 1737 1839 1803 lectiones:

647 1843 856 1918 bellicionis,
882 1842 957 1905 bello
981 1843 1106 1918 motum,
1131 1843 1272 1906 bellorum
1295 1843 1445 1920 civilium,
1471 1864 1551 1928 quae
1574 1865 1686 1908 omnes
1710 1844 1840 1909 eandem

646 1950 797 2034 praebent
828 1951 1030 2013 sententiam.
1066 1948 1128 2013 Sed
1164 1952 1233 2033 ipsa
1267 1949 1325 2013 illa
1359 1952 1516 2013 sententia
1551 1970 1630 2013 num
1664 1971 1743 2014 vera
1777 1945 1840 2014 estl

646 2053 752 2118 Immo
772 2053 959 2129 falsissima,
980 2061 1012 2119 et
1030 2055 1149 2118 refutat
1169 2076 1239 2118 earn
1251 2057 1477 2139 ipsaomnium
1491 2053 1686 2138 populorum
1699 2055 1839 2119 historia.

647 2160 839 2223 Bellorumne
869 2159 1005 2222 civilium
1037 2162 1174 2223 victores
1205 2166 1238 2223 et
1268 2163 1346 2224 victi
1377 2181 1541 2244 nunquam
1565 2158 1667 2224 solida
1692 2160 1755 2225 fide
1779 2180 1842 2224 coa·

646 2263 792 2330 lescunt?
816 2264 921 2329 Immo
946 2285 1022 2329 vero
1046 2268 1146 2329 exteri
1174 2285 1316 2349 quoque,
1342 2287 1360 2331 a
1382 2267 1508 2330 fortiori
1532 2264 1651 2351 populo
1675 2269 1711 2330 vi
1735 2268 1842 2331 armis

646 2392 707 2457 que
738 2372 878 2448 subacti,
912 2392 987 2434 cum
1018 2369 1094 2447 illo,
1126 2392 1219 2456 saepe
1243 2379 1314 2456 post
1336 2370 1439 2435 multa
1465 2370 1607 2448 saecula,
1633 2372 1689 2436 sed
1714 2372 1841 2437 tandem

646 2485 772 2550 tamen,
798 2485 865 2540 tarn
889 2475 1024 2539 firmiter
1047 2475 1230 2540 coalescunt
1253 2483 1291 2539 ut
1314 2476 1450 2541 discerni
1474 2478 1538 2540 iam
1564 2479 1619 2541 vix
1642 2481 1777 2562 possint.
1801 2476 1842 2540 Et

645 2582 729 2666 quod
761 2582 800 2645 ad
833 2581 916 2646 bella
939 2581 1051 2645 civilia
1073 2585 1229 2668 pertinet,
1254 2603 1331 2645 num
1358 2586 1536 2667 imperante
1559 2581 1713 2668 Augusto
1735 2583 1843 2648 adver

645 2690 722 2752 sarii
753 2690 822 2752 eius
846 2708 914 2751 esse
938 2690 1164 2771 perstiterunt,
1189 2691 1244 2772 qui
1268 2689 1427 2773 qnondam
1452 2710 1527 2752 cum
1552 2688 1652 2754 Bruto
1676 2697 1710 2753 et
1733 2687 1841 2756 Oassio

644 2790 803 2859 fecerant?
826 2792 932 2857 Immo
957 2793 1054 2857 multi
1077 2815 1189 2858 eorum
1209 2797 1397 2859 amicissimi
1417 2797 1486 2859 eius
1505 2795 1582 2859 facti
1602 2802 1710 2873 erant;
1732 2817 1841 2861 omnes

643 2898 827 2985 gaudebant
861 2898 988 2962 tandem
1019 2898 1191 2984 aliquando
1215 2921 1263 2964 res
1288 2901 1367 2964 bene
1391 2921 1458 2965 esse
1482 2903 1676 2986 compositas
1699 2909 1733 2965 et
1756 2921 1842 2988 prae·

643 3008 726 3069 senti
757 3004 951 3089 reipublicae
983 3010 1070 3069 statu
1103 3005 1320 3071 laetabantur:
1353 3006 1390 3071 de
1422 3006 1521 3071 Rruto
1545 3004 1720 3091 Cassioque
1744 3008 1838 3079 οὐδεὶς

641 3113 744 3186 λόγος.
777 3109 884 3176 Multo
916 3113 1024 3174 minus
1053 3113 1112 3175 sub
1138 3110 1233 3176 finem
1256 3114 1399 3197 Augusti
1423 3133 1617 3197 quemquam
1643 3114 1840 3198 superfuisse

641 3216 734 3281 credo
768 3218 824 3300 qui
860 3217 1035 3279 Antonium
1072 3216 1273 3282 desideraret.
1309 3217 1436 3302 Ergone
1472 3216 1656 3302 Vespasiani
1694 3224 1839 3303 tempore

641 3321 771 3408 quidam
804 3324 891 3386 cives
922 3323 1156 3385 internecivum
1186 3325 1271 3386 inter
1300 3344 1332 3387 se
1364 3323 1473 3386 odium
1503 3323 1655 3388 fovebant
1679 3345 1839 3390 memores

564 3511 567 3516 ἡ
642 3428 757 3493 alteros
781 3426 859 3491 olim
882 3429 966 3490 inter
990 3426 1177 3491 Vitellianos
1201 3428 1314 3504 fuisse,
1335 3426 1451 3492 alteros
1473 3428 1591 3492 sevisse
1610 3427 1753 3493 Othoni?
1778 3428 1837 3496 Oui

642 3534 701 3598 hoc
725 3528 990 3617 persuadebitur?

688 3638 808 3703 Deinde
832 3637 962 3702 Tacitus
986 3658 1093 3701 rerum
1118 3639 1234 3722 quibus
1258 3641 1343 3723 ipse,
1370 3640 1493 3703 sivein
1518 3645 1630 3703 senatu
1650 3642 1721 3704 sive
1741 3641 1836 3717 alibi,

640 3745 806 3820 interfuit,
837 3744 914 3808 adeo
945 3765 1070 3807 memor
1101 3752 1149 3808 est
1180 3767 1315 3829 semper,
1348 3753 1385 3808 ut
1409 3767 1650 3831 nonnumquam
1675 3747 1715 3812 de
1737 3750 1838 3832 priori

642 3858 785 3935 tempore
809 3849 950 3913 scribens
974 3849 1034 3911 sibi
1057 3856 1195 3913 aetatem
1220 3850 1397 3914 Domitiani
1418 3871 1544 3915 narrare
1563 3851 1724 3916 videatur.
1745 3852 1836 3932 Quod

641 3963 678 4019 ut
702 3952 858 4038 exemplis
881 3955 1031 4037 probem,
1056 3974 1105 4016 res
1130 3954 1224 4038 paulo
1249 3954 1344 4019 altine
1370 3956 1451 4019 mihi
1477 3963 1525 4020 est
1547 3958 1731 4041 repetenda.

690 4059 872 4146 Agricolam
905 4080 966 4143 quo
999 4058 1133 4124 consilio
1165 4063 1327 4143 scripserit
1359 4060 1491 4125 Tacitus
1514 4061 1655 4126 noudum
1681 4067 1779 4140 satis,
1805 4072 1840 4128 ut

641 4169 763 4251 opinor,
788 4168 873 4229 inter
896 4167 980 4228 viros
1003 4164 1111 4228 doctos
1135 4173 1276 4242 constat,
1297 4187 1398 4251 neque
1418 4187 1478 4252 ego
1500 4170 1738 4251 quaestionem,
1761 4170 1839 4234 olim

641 4292 733 4356 saepe
753 4272 927 4355 agitatam,
948 4290 1033 4332 nuno
1054 4270 1288 4353 redintegrabo.
1310 4270 1420 4335 Unum
1440 4272 1500 4337 hoc
1520 4273 1607 4348 dico,
1625 4294 1686 4338 non
1700 4275 1840 4359 simplex

640 4376 721 4440 illud
746 4373 919 4438 consilium
943 4374 1058 4448 fuisse,
1091 4374 1144 4438 sed
1170 4383 1202 4438 et
1226 4375 1289 4439 alia
1311 4397 1348 4440 eo
1372 4376 1481 4441 libello
1505 4387 1663 4461 spectasse
1687 4378 1839 4444 Tacitum
1860 4400 1862 4404 ·

641 4489 673 4547 et
703 4483 761 4545 hoo
794 4488 830 4543 ut
859 4501 989 4541 socerum
1020 4478 1210 4561 defendendo
1240 4488 1328 4543 semet
1358 4482 1455 4562 ipsum
1487 4484 1676 4568 defenderet.
1709 4484 1839 4549 Etenim

639 4595 810 4673 postquam
844 4583 960 4659 „rediit
991 4584 1139 4648 animus''
1165 4587 1289 4649 civibus
1314 4586 1480 4664 Romanis,
1505 4587 1610 4652 Nerva
1633 4586 1839 4675 Traianoqne

637 4692 821 4758 libertatem
843 4698 875 4754 et
887 4692 1103 4774 principatum
1115 4693 1342 4766 miscentibus,
1356 4713 1527 4757 commune
1539 4692 1710 4757 hominum
1724 4695 1839 4759 odium

639 4819 671 4862 se
702 4797 862 4861 convertit
891 4797 925 4857 in
956 4814 1023 4871 eos,
1056 4798 1111 4879 qui
1143 4795 1228 4879 apud
1251 4816 1384 4860 saevum
1409 4806 1584 4882 tyrannum
1608 4796 1838 4864 Domitianum
