4525 5950
965 680 1145 728 rueramus.

503 842 557 908 Vs.
584 842 660 907 654.
685 842 756 928 Iph.
782 840 919 906 ἆσθνετθ
945 868 993 906 νυν
1019 843 1151 921 έροῦμεν,
1177 844 1201 906 εἰ
1227 843 1261 906 σέ
1285 845 1317 919 γ’
1342 845 1492 921 εὐφρανῶ.

687 950 748 1035 Ag.
781 957 906 1013 παπαῖ·
932 951 971 1012 σθ
995 954 1120 1026 σιγᾶν
1145 951 1177 1013 οὐ
1202 950 1309 1013 σθένω·
1335 949 1369 1012 σέ
1395 949 1422 1012 δ’
1449 949 1552 1030 ᾔνεσα.

453 1054 529 1120 Non
559 1056 679 1119 iniuria
709 1055 841 1120 haerens
873 1057 907 1119 in
938 1055 1091 1134 articulo,
1124 1054 1262 1142 Blaydes
1285 1058 1421 1120 coniecit
1444 1060 1572 1132 σιωπᾶν,
1597 1056 1652 1120 sed

453 1164 566 1246 ipsum
597 1161 710 1224 alendi
741 1161 895 1237 verbum,
926 1162 953 1224 si
984 1161 1140 1226 referatur
1170 1160 1209 1225 ad
1232 1160 1419 1246 Iphigeniae
1443 1160 1651 1237 sacrificium,

454 1269 544 1331 iusto
576 1267 742 1332 obscurius
774 1265 879 1331 reddit
910 1267 1162 1351 Agamemnonis
1186 1287 1384 1351 responsum.
1411 1265 1545 1351 Propter
1567 1266 1653 1352 Iphi·

454 1376 571 1459 geniae
591 1373 715 1438 dictum
735 1373 760 1436 εἱ
783 1373 817 1436 σέ
836 1373 870 1450 y'
892 1373 1032 1450 εὐφρανῶ
1053 1379 1259 1458 expectamus
1279 1379 1403 1457 petrem
1423 1372 1525 1437 dicere
1539 1373 1653 1453 ρονθίο

456 1501 489 1543 ae
513 1479 600 1542 ιντοθθο
623 1479 704 1562 affici
721 1500 828 1560 poree,
854 1476 945 1542 velut
968 1488 1147 1558 χαρῆναι
1172 1480 1204 1542 οὐ
1230 1479 1330 1542 σθένω.
1362 1477 1431 1558 Quo
1455 1498 1550 1543 sensu
1573 1477 1652 1543 olim

456 1586 611 1670 proposui
635 1589 776 1649 τοσοῦτον
799 1585 831 1648 οὑ
856 1585 964 1662 σθένω,
989 1582 1057 1648 scil.
1082 1581 1152 1647 ὥστ’
1177 1585 1391 1662 εὐφρανθῆναι.

505 1802 560 1867 Vs.
587 1801 663 1868 735.
688 1803 890 1890 Agamemno
911 1802 951 1867 ad
976 1822 1126 1868 uxorem:

686 1910 719 1973 οὐ
744 1912 840 1974 καλὸν
866 1911 894 1973 έν
918 1908 1002 1989 θχλιρ
1027 1915 1055 1972 τ’
1081 1909 1366 1987 ἐξομιλεῖσθαι
1389 1915 1532 1990 στρατοῦ.

456 2014 602 2079 Verbum
633 2017 691 2080 vix
721 2036 836 2080 sanum
859 2021 917 2080 est.
942 2014 1030 2080 Num
1053 2014 1136 2080 forta
1162 2015 1315 2096 έξετθζ
1321 2019 1452 2094 εσθαι,
1477 2019 1529 2080 cui
1553 2017 1650 2082 verbo

454 2120 621 2207 glossema
643 2121 739 2201 θμθλιρ
764 2121 962 2206 adscriptum
985 2123 1058 2186 voci
1081 2119 1166 2202 θχλω
1191 2124 1365 2186 exitiosum
1389 2143 1455 2187 esse
1478 2125 1594 2208 potuit.

505 2338 560 2404 Vs.
586 2337 661 2404 749.
686 2341 747 2421 χρὴ
771 2338 798 2403 δ’
824 2340 853 2404 έν
876 2338 1009 2415 δθμοισιν
1030 2338 1126 2419 ἄνδρα
1151 2344 1202 2405 τὸν
1226 2343 1319 2420 σοφθν
1345 2340 1467 2421 τρέφειν

688 2453 823 2521 γυναῖκα
847 2449 986 2525 χρηστέον
1009 2449 1163 2525 κάγαθήν,
1189 2449 1205 2522 ἢ
1232 2449 1275 2523 μὴ
1300 2446 1433 2527 τρέφειν.

456 2551 524 2616 Hic
552 2550 642 2617 locas
666 2555 847 2616 communis
871 2551 953 2617 nihil
976 2552 1039 2618 huc
1064 2553 1165 2618 facero
1188 2553 1327 2629 videtur,
1351 2555 1501 2638 quoniam
1526 2550 1652 2640 Clytac

456 2664 579 2723 mestre
605 2679 638 2723 re
662 2679 740 2723 vera
761 2679 794 2723 se
818 2662 852 2722 in
875 2659 926 2724 his
948 2663 1109 2744 praestitit
1133 2663 1299 2747 egregiam
1322 2680 1465 2725 uxorem.
1490 2658 1593 2739 Quare
1617 2661 1651 2724 hi

456 2765 523 2829 duo
549 2785 660 2830 versus
683 2765 766 2829 mihi
789 2786 851 2829 non
876 2767 984 2830 minus
1007 2769 1148 2851 suspecti
1171 2772 1247 2831 sunt
1269 2787 1365 2852 quam
1386 2771 1451 2829 tres
1470 2765 1652 2830 anteceden-

455 2877 524 2948 tes,
550 2891 630 2954 quos
654 2890 729 2935 cum
752 2870 887 2935 Monlrio
911 2870 1031 2935 delevit
1054 2871 1166 2937 editor.

505 3074 558 3139 Vs.
583 3073 659 3140 846.
684 3072 826 3139 Achilles
849 3074 888 3139 ad
913 3073 1200 3162 Clytaemestram:

686 3178 786 3259 ἄμφω
812 3181 874 3258 γὰρ
899 3185 938 3246 οὐ
963 3182 1199 3259 ψευδόμεθα
1225 3191 1310 3253 τοῖς
1337 3181 1475 3259 λθγοις
1500 3186 1602 3255 ἴσως.

454 3286 555 3352 Haud
575 3286 722 3371 displicet
740 3285 824 3350 mihi
844 3285 1034 3352 Weckleinii
1054 3290 1236 3353 coniectura
1256 3288 1455 3365 έψευδθμεθα,
1474 3290 1529 3354 sed
1541 3293 1650 3355 minus

453 3392 555 3479 probo
579 3391 662 3477 quod
686 3391 799 3457 deinde
822 3393 918 3457 scribi
938 3395 1035 3458 iussit
1060 3399 1117 3457 τῶν
1141 3394 1251 3471 λέγων.
1277 3393 1393 3458 Malim

682 3495 782 3574 θμφω
805 3498 868 3575 γὰρ
894 3497 1153 3574 έψενδθμεθα
1178 3498 1223 3578 νῲ
1249 3500 1388 3574 λέγοις
1412 3499 1527 3571 ἴσοις.

454 3628 528 3668 nam
551 3605 633 3667 ambo
656 3625 709 3667 noa
730 3602 879 3666 similibus
902 3602 998 3666 verbio
1020 3604 1249 3686 decipiebantur.

503 3821 556 3887 Vs.
582 3820 659 3886 865.

452 3929 571 3994 Senex.
595 3924 616 3991 θ
640 3926 724 4008 τύχη
748 3928 870 4005 πρθνοιοέ
895 3929 920 3992 θ’
946 3930 1028 4007 iusi,
1052 3928 1164 3994 σθσαθ
1189 3926 1237 4001 οὓς
1262 3932 1322 4008 ἐγὼ
1346 3931 1432 3995 θέλω.

454 4035 535 4099 Aah.
591 4034 604 4098 θ
623 4033 715 4111 λόγος
736 4035 779 4106 εἷς
797 4034 943 4111 μέλλοντ’
961 4035 1007 4100 ἂν
1027 4036 1101 4111 ὤση
1123 4036 1242 4115 χρόνον·
1262 4035 1346 4117 ἔχει
1366 4036 1391 4099 δ’
1409 4036 1524 4112 θγιιον
1546 4038 1625 4102 τινα.

454 4139 562 4205 Verba
592 4160 687 4204 sensu
713 4160 800 4206 cassa
823 4139 977 4206 facillime
1001 4140 1232 4227 intellegentur
1255 4140 1319 4206 leni
1342 4162 1440 4206 manu
1463 4145 1508 4206 sic
1532 4142 1649 4206 reficti:

593 4244 606 4308 θ
632 4242 723 4321 λθγορ
748 4247 791 4315 εἷς
815 4246 961 4320 μέλλοντ’
988 4248 1126 4322 avares
1151 4249 1256 4326 χρόνον
1281 4244 1385 4325 ἔχειν
1410 4247 1513 4310 θκνον
1535 4247 1614 4310 τινοέ.

454 4350 560 4429 (Haec
586 4352 683 4431 senis)
706 4351 795 4414 οοτθο
818 4353 856 4415 de
869 4352 986 4436 futuro
1011 4359 1137 4434 ternpore
1155 4353 1256 4415 iubent
1274 4357 1357 4431 (nos)
1374 4352 1495 4437 aliquid
1513 4360 1648 4418 metuere.

448 4461 567 4522 'Oanos
590 4463 663 4521 ante
687 4477 740 4521 me
763 4460 905 4542 repperit
928 4457 1102 4523 Hermann.

498 4657 554 4724 Vs.
580 4657 657 4725 875.
681 4658 840 4740 φασγάνῳ
861 4662 970 4733 λευκὴν
995 4662 1173 4735 φονεύων
1197 4662 1250 4733 τὴν
1272 4661 1467 4738 ταλαίπωρον
1490 4662 1613 4735 δέρον.

449 4765 577 4831 Durius
600 4763 660 4829 hoc
685 4764 811 4829 dictum
834 4786 930 4850 quam
956 4765 1050 4831 Herc.
1076 4765 1141 4830 319

1472 4885 1504 4932 la
