4525 5950
537 705 603 769 308
1053 719 1209 767 nonanus.

536 887 657 962 Utitur,
694 893 731 948 ut
765 905 822 970 par
852 891 917 961 est,
950 905 1042 968 saepe
1074 883 1222 948 formulis
1253 884 1328 949 hoc
1360 890 1441 960 est,
1473 884 1515 948 id
1549 891 1635 963 est,
1669 889 1739 950 sim.

535 992 698 1057 ludicatur
721 990 830 1056 littera
855 989 895 1054 D.

582 1097 630 1162 Er
654 1097 704 1160 his
728 1117 855 1180 quoque
879 1094 1007 1160 scholiis
1030 1117 1093 1160 non
1116 1116 1218 1180 pauca
1238 1097 1303 1159 iam
1324 1098 1451 1160 notavit
1471 1095 1740 1176 Wessnerus,

537 1224 574 1268 ea
594 1223 726 1289 nempe,
747 1222 844 1286 quae,
866 1222 940 1266 eum
961 1204 1198 1286 interrumpent
1211 1200 1340 1287 aliquod
1354 1201 1513 1267 scholium
1527 1206 1740 1280 continuum,

536 1315 705 1374 externum
737 1307 906 1393 peculiaris
930 1309 1065 1393 originis
1088 1307 1244 1372 indicium
1268 1308 1429 1373 exhibent.
1452 1306 1615 1375 Ceterum
1638 1333 1742 1376 exem·

537 1413 667 1500 plorum
698 1413 875 1478 multitudo
899 1434 982 1478 nune
1007 1434 1133 1498 quoque
1156 1415 1268 1479 iuvare
1292 1414 1419 1479 debebit
1441 1414 1482 1478 ad
1507 1417 1741 1481 ostendendam

537 1520 696 1585 diversam
719 1520 837 1584 horum
861 1522 1093 1604 magistrorum
1118 1522 1267 1604 speciem.

583 1626 671 1691 Dabo
691 1626 768 1689 haee
788 1624 909 1689 scholia
927 1646 966 1689 er
986 1624 1094 1691 ordine
1115 1647 1269 1690 versuum
1290 1631 1404 1690 cuneta
1424 1624 1537 1690 addita
1559 1628 1740 1693 maiuscula

538 1730 563 1799 (l
595 1731 648 1797 vel
679 1731 718 1808 D,
749 1737 787 1795 ut
817 1731 1059 1816 distinguantur
1087 1738 1241 1796 auctores.
1279 1731 1341 1796 Ubi
1372 1738 1486 1795 neutra
1516 1730 1662 1818 legitur,
1694 1756 1739 1798 res

536 1841 658 1903 incerta
681 1842 739 1902 est.

583 1988 668 2053 Prol.
697 1987 737 2052 16
760 1989 808 2067 (1)
834 1985 1095 2064 „Contaminari”
1120 1990 1337 2052 contaminare
1360 1991 1489 2074 proprie
1512 1998 1567 2054 est
1592 1994 1740 2058 manibus

537 2095 607 2160 luto
625 2093 729 2179 plenis
748 2092 870 2178 aliquid
889 2097 1047 2178 attingere
1067 2100 1154 2158 et-
1176 2092 1224 2171 (2)
1237 2094 1438 2157 contaminare
1449 2096 1632 2176 contingere
1643 2107 1689 2161 eet
1700 2136 1738 2148 -

538 2199 690 2287 polluere.
748 2198 882 2264 Notavit
904 2198 954 2264 W.
991 2198 1047 2280 (D)

582 2351 597 2415 l
623 2351 651 2414 l.
678 2350 697 2415 9
722 2349 817 2435 Apud
840 2371 892 2414 me
914 2353 999 2415 iusta
1023 2356 1054 2414 et
1077 2349 1216 2415 clemens
1241 2352 1340 2414 tuerit
1363 2352 1504 2415 servitus

583 2456 663 2521 Don.
695 2454 760 2534 (2):
794 2455 921 2532 „iusta”
953 2458 987 2518 in
1011 2474 1074 2539 qua
1097 2454 1178 2519 nihil
1201 2457 1351 2540 iniquum
1375 2456 1517 2532 iubetur,
1550 2456 1737 2531 „clemens”

536 2565 569 2626 iu
589 2582 651 2647 qua
670 2565 767 2626 etiam
788 2560 826 2626 de
845 2563 929 2626 iusto
953 2559 1095 2625 multum
1115 2563 1303 2625 remittitur.
1325 2559 1374 2626 cf.
1390 2561 1537 2627 eiusdem
1553 2563 1667 2631 Sobel.
1682 2566 1736 2643 (1).

536 2665 584 2746 (3)
618 2670 660 2743 ‚,i.
685 2674 717 2732 et
741 2665 820 2731 cl.”:
853 2666 1017 2730 moderata
1049 2665 1241 2750 aequalitas,
1267 2669 1319 2730 cui
1344 2669 1543 2731 contrarium
1572 2669 1737 2756 Vergilius

535 2775 582 2837 ait
616 2775 747 2857 „iniquo
779 2771 916 2855 pondere
946 2771 1063 2836 rastri”
1095 2777 1128 2836 et
1161 2774 1293 2856 „iniquo
1325 2771 1383 2836 sub
1414 2773 1498 2837 fasce
1532 2777 1627 2840 viam
1665 2797 1736 2840 eum

536 2878 659 2964 carpit''
691 2875 783 2958 (Geo.
807 2877 822 2941 l
850 2877 923 2953 164,
955 2876 1090 2942 111347
1121 2878 1177 2941 ubi
1208 2885 1314 2942 tamen
1339 2877 1462 2962 legitur
1488 2881 1663 2953 „iniusto”
1688 2879 1737 2946 vel

538 2985 707 3062 „invito''),
740 3006 813 3048 uam
845 2986 901 3069 qui
935 2983 1094 3059 „iustam”
1129 2983 1268 3048 debitam
1293 3005 1378 3049 nunc
1402 2984 1465 3048 dici
1488 2992 1631 3068 putant,
1657 2986 1736 3052 nihil

535 3090 669 3155 afferunt
694 3089 732 3154 ad
754 3089 929 3155 iuvandam
953 3092 1153 3154 sententiam.
1225 3089 1340 3154 Omnia
1361 3092 1479 3174 inepta.

581 3197 644 3261 Pro
680 3194 899 3280 „aequalitas”
935 3196 1109 3260 Rabbow
1143 3194 1229 3260 dedit
1255 3217 1377 3280 „aequa
1399 3194 1508 3272 talis'',
1536 3197 1734 3264 Wessner

538 3322 659 3386 „aequa
685 3300 800 3377 levis”,
825 3308 857 3365 et
881 3301 932 3364 hic
956 3300 1086 3385 quidem
1109 3302 1274 3385 ingeniose
1299 3303 1426 3385 scripsit
1451 3300 1580 3376 „levis”
1607 3313 1737 3390 propter

536 3406 699 3492 exempla,
732 3410 765 3470 iu
798 3407 913 3490 quibus
947 3405 1120 3490 „iniquus”
1153 3405 1314 3490 siguificat
1338 3405 1500 3492 „gravis”.
1527 3406 1593 3472 Sed
1618 3412 1656 3473 in
1682 3408 1736 3474 tali

536 3516 691 3598 magistro
715 3511 795 3575 nihil
820 3519 946 3575 mutare
972 3513 1075 3575 tutius
1097 3518 1156 3576 est.
1192 3509 1245 3591 (C)

584 3663 625 3727 18
660 3663 737 3728 Post
760 3662 917 3728 scholium
941 3663 1058 3727 Donati
1081 3662 1129 3744 (3)
1153 3664 1228 3728 haec
1251 3670 1446 3748 sequuntur:
1479 3684 1557 3729 narn
1584 3667 1672 3733 mala
1695 3672 1737 3732 in-

536 3768 673 3855 telligit,
695 3771 750 3853 qui
769 3777 863 3853 putat
885 3767 1100 3845 „adsimules”
1122 3770 1257 3835 verbum
1276 3769 1459 3855 significari.
1507 3768 1695 3858 Impugnat
1705 3774 1736 3837 id

536 3876 620 3961 quod
644 3875 788 3940 Donatus
811 3875 901 3940 docet
925 3875 963 3940 ad
987 3875 1122 3969 vsidl
1150 3876 1209 3955 (3).
1245 3873 1308 3955 (O).

581 4026 622 4090 21
669 4023 755 4102 „Gur
788 4025 922 4090 simulas
956 4026 1098 4112 igitur”:
1143 4025 1326 4112 Vergilius:
1361 4035 1394 4091 et
1425 4047 1505 4112 quae
1544 4035 1639 4095 tanta
1677 4032 1736 4096 fuit

535 4134 670 4198 Romam
695 4133 755 4197 tibi
780 4152 874 4197 causa
893 4130 1044 4197 videndi?
1065 4132 1145 4211 (Ecl.
1167 4132 1182 4196 l
1203 4132 1271 4212 26).
1318 4132 1466 4219 Exempli
1487 4137 1653 4201 rationem
1674 4159 1733 4201 non

535 4240 700 4324 perspicio.
735 4235 788 4318 (0)

581 4389 624 4454 24
647 4390 731 4455 Nam
754 4392 782 4454 is
806 4394 976 4475 postquam
1000 4393 1136 4455 excessit
1159 4413 1197 4456 ex
1221 4391 1351 4475 ephebis

579 4495 767 4583 Ephebia
797 4498 901 4580 prima
931 4504 1017 4561 aetas
1050 4496 1281 4562 adulescentiae
1313 4506 1371 4562 est.
1425 4496 1477 4561 Sic
1512 4495 1608 4575 Don,
1645 4521 1728 4585 mag.

532 4601 672 4667 addidit:
705 4601 919 4666 adnleseentia
949 4608 997 4666 est
1026 4609 1170 4667 extrema
1193 4605 1342 4688 pueritia.
1408 4601 1596 4668 Secundum
1621 4604 1729 4670 Varro

532 4730 623 4785 nem,
653 4708 737 4793 apud
762 4706 972 4774 Censorinum
997 4708 1026 4772 d.
1052 4707 1082 4773 d.
1108 4732 1139 4774 n.
1167 4709 1208 4772 14
1232 4715 1264 4774 et
1287 4708 1447 4773 Isidorum
1472 4707 1503 4771 Il
1530 4710 1584 4775 ll.
1599 4710 1633 4787 4,
1660 4732 1730 4797 pue

531 4816 607 4880 ritie
631 4822 664 4878 et
687 4812 901 4879 adolescentia
924 4833 942 4877 a
965 4814 1065 4879 doctis
1088 4823 1234 4880 accurate
1259 4814 1550 4901 distinguebantur.
1589 4815 1648 4899 (D)
