4525 5950
818 688 861 735 sn
884 686 1116 738 muneramus
1139 689 1275 739 1661611.
1573 678 1635 741 111

436 852 588 937 terebant
611 873 714 936 neque
734 854 825 917 taciti
843 855 1001 938 otiosique
1020 853 1205 933 adstabant,
1227 855 1282 920 sed
1300 859 1407 942 ipsum
1428 860 1538 922 statim
1559 880 1640 944 opus

438 966 572 1022 strenue
605 961 749 1044 aggressi
779 958 901 1023 almam
931 959 1024 1024 Pacis
1055 959 1147 1025 deam
1179 964 1282 1026 suisce
1306 962 1454 1028 manibus
1476 966 1510 1027 in
1534 962 1640 1030 lucem

437 1065 679 1149 protrahebant.
712 1063 831 1129 Plutus
855 1085 929 1129 vero
954 1068 1022 1130 sine
1045 1064 1112 1130 nlla
1135 1066 1361 1132 choreutarum
1386 1090 1445 1155 ope
1469 1107 1512 1117 —
1537 1091 1639 1156 neque

439 1173 624 1255 potuissent
647 1192 723 1235 eum
745 1171 897 1236 adiuvare
920 1174 1048 1236 etiamsi
1072 1171 1267 1238 voluissent!
1294 1211 1335 1223 -
1356 1174 1487 1240 videndi
1510 1176 1639 1241 faculta

439 1284 510 1342 tem
533 1284 717 1363 recuperat:
741 1277 849 1342 adsint
871 1278 977 1342 absint
999 1277 1065 1354 illi,
1090 1277 1137 1343 nil
1160 1279 1268 1344 refert.

487 1381 701 1447 Verissimum
732 1385 836 1468 igitur
867 1383 1023 1468 estquod
1048 1385 1164 1455 ἐντοῖς
1191 1386 1256 1463 περὶ
1283 1386 1448 1467 Κωμῳδίας
1475 1390 1639 1455 invenitur

440 1508 459 1551 6
492 1494 622 1553 vetusto
652 1491 864 1574 grammatico
899 1489 1122 1554 observatum:
1161 1491 1196 1567 „t
1233 1499 1369 1563 Πλοῦτος
1407 1495 1638 1576 νεωτερίζῃ

439 1595 525 1658 κατὰ
550 1597 584 1657 τὸ
608 1593 781 1669 radend’.
805 1595 910 1658 Novae
932 1596 1098 1659 comoediae
1121 1597 1222 1679 affinia
1245 1604 1295 1663 661
1317 1599 1393 1664 haec
1412 1599 1536 1679 fabula;
1560 1603 1636 1678 „reio

438 1725 473 1763 τε
499 1702 562 1778 γὰρ
587 1701 725 1764 ὑπόθεσιν
749 1702 802 1764 οὐκ
826 1702 926 1773 ἀληθῆ
952 1700 1040 1782 ἔχεθ’
1062 1740 1105 1749 -
1124 1702 1157 1766 id
1178 1709 1243 1768 est:
1264 1714 1493 1790 argumentum
1513 1727 1576 1770 non
1596 1728 1635 1772 ex

437 1809 509 1890 1666
539 1808 608 1870 vita
638 1806 797 1892 rebusque
826 1805 965 1891 publicis
997 1812 1045 1871 est
1077 1808 1263 1874 desumtum
1297 1847 1337 1858 -
1372 1812 1444 1888 »καὶ
1469 1815 1596 1890 χορικῶν
1611 1813 1636 1891 ¹)

438 1912 618 1989 1161661661·
645 1908 717 1991 ὅπερ
741 1920 797 1985 τῆς
822 1912 891 1982 νέαις
917 1913 1038 1992 ὑπῆρχε
1062 1914 1254 1993 66666316ίῖ

484 2018 572 2098 Quae
596 2020 653 2102 qui
676 2020 820 2103 scripsit,
845 2017 883 2083 de
906 2019 1018 2082 duobus
1042 2018 1150 2083 Plutia
1174 2018 1256 2083 nihil
1281 2056 1323 2068 —
1348 2028 1385 2085 ut
1408 2021 1497 2087 vides
1522 2061 1565 2070 —
1588 2025 1634 2086 iu-

439 2124 618 2189 audiverat.

1009 2327 1078 2412 64.

481 2538 570 2626 Ergo
594 2540 671 2604 haec
691 2546 740 2603 661
760 2559 820 2604 166.
840 2538 992 2604 Manibus
1014 2544 1161 2604 tenemus
1180 2541 1333 2618 fabulam,
1355 2561 1453 2626 quam
1472 2564 1553 2608 anno
1567 2543 1632 2608 388

435 2643 546 2709 datam
578 2666 645 2709 csse
675 2651 707 2709 61
738 2652 861 2710 veteres
889 2644 1048 2709 affirmant
1071 2667 1110 2710 ex
1135 2649 1324 2711 anctoritate
1348 2654 1632 2713 monumentorum
1739 2712 1743 2720 ,

434 2750 658 2835 publicorum,
690 2757 723 2816 61
756 2753 826 2834 1666
860 2750 968 2815 fabula
1002 2751 1140 2837 singulis
1176 2752 1240 2817 fere
1273 2754 1419 2818 versibus
1453 2753 1634 2819 luculenter

433 2863 583 2921 testatur.
604 2859 648 2921 At
667 2856 799 2921 eandem
822 2893 864 2905 -
884 2878 946 2921 non
967 2856 1082 2934 aliam,
1102 2857 1157 2922 sed
1177 2858 1257 2923 hane
1276 2862 1379 2943 ipsam
1401 2899 1443 2909 —
1466 2882 1548 2925 anno
1567 2860 1633 2926 408

432 2963 543 3029 datam
566 2986 634 3030 esse
658 2963 825 3050 fuereqni
849 2968 1009 3050 putarent.
1034 2964 1105 3029 Non
1130 2967 1196 3029 iam
1219 2987 1372 3053 rogamus
1396 2969 1478 3032 utris
1503 2970 1633 3034 611616·

433 3070 592 3146 dendum,
624 3092 699 3134 nam
729 3070 920 3134 manifestus
951 3077 984 3134 61
1015 3091 1089 3134 vere
1121 3071 1277 3136 absurdus
1300 3074 1352 3137 hie
1376 3081 1424 3138 est
1449 3094 1535 3138 61161
1542 3095 1550 3152 ;
1579 3073 1634 3139 sed

432 3179 513 3240 scire
544 3197 678 3242 avemus
702 3198 788 3241 error
808 3176 891 3241 unde
916 3179 960 3240 611
983 3183 1087 3241 natus.
1111 3177 1230 3239 Dioclis
1254 3179 1414 3243 archontis
1437 3200 1551 3244 nomen
1576 3202 1631 3244 un-

432 3282 548 3347 denam
571 3285 604 3346 in
625 3289 808 3367 temporum
829 3285 1085 3368 computationes
1103 3285 1233 3368 irrepsit
1252 3290 1284 3348 et
1304 3287 1500 3350 miserrimas
1520 3307 1631 3351 earum

435 3389 511 3454 fecit
536 3386 669 3454 turbas?

471 3493 671 3592 ,intellegere
702 3494 735 3559 id
766 3494 848 3559 mihi
878 3495 997 3571 videor,
1029 3501 1062 3560 61
1084 3493 1265 3580 periculum
1290 3496 1405 3561 faciam
1429 3518 1468 3561 an
1492 3497 1572 3563 61166
1595 3500 1630 3562 in

432 3622 540 3665 meam
564 3603 755 3666 sententiam
779 3601 962 3685 pertrahere
985 3604 1117 3686 possim.

475 3708 572 3770 Prius
602 3715 711 3771 autem
743 3706 945 3771 recordemur
973 3713 1098 3791 oportet
1122 3707 1311 3784 verborum,
1336 3711 1415 3772 item
1439 3716 1546 3793 aperte
1570 3709 1628 3774 fal-

431 3834 564 3888 sorum,
596 3834 677 3897 quae
708 3812 746 3877 de
777 3813 914 3876 Nubibus
945 3812 1053 3877 fabulo
1078 3816 1205 3898 scripsit
1230 3814 1360 3898 quidam
1382 3817 1627 3900 grammaticus.

431 3917 523 3982 Hanc
547 3918 688 3982 fabulam
713 3940 774 3983 nou
798 3922 917 3984 iterum
939 3922 972 3983 in
997 3926 1159 3985 certamen
1178 3919 1346 4005 publicum
1366 3921 1538 3986 admissam
1560 3943 1627 3987 esse

427 4030 569 4100 constat,
591 4024 628 4089 de
651 4023 801 4100 „alteris”
823 4033 931 4090 autem
952 4024 1115 4102 Nubibus,
1138 4046 1275 4111 quarum
1293 4026 1345 4091 bic
1363 4026 1431 4091 11116
1444 4027 1625 4105 1116161116,

426 4130 506 4215 quid
538 4131 581 4194 sit
611 4130 819 4194 statuendum
850 4132 927 4193 satis
960 4136 1091 4215 apparet
1104 4130 1141 4205 ²).
1174 4129 1216 4194 Et
1240 4136 1347 4195 tamen
1369 4131 1496 4197 disertis
1520 4134 1625 4198 verbis

427 4234 587 4299 traditum
619 4238 817 4320 accepimus:
852 4235 907 4312 „al
932 4235 963 4297 δὲ
987 4236 1125 4310 δεύτεραι
1150 4236 1296 4311 Νεφέλαι
1322 4238 1371 4299 ἐπὶ
1398 4239 1551 4311 Ἀμεινίου
1575 4236 1626 4316 ἄρ-

425 4339 573 4419 χοντος”.
599 4340 698 4419 Quem
724 4361 878 4416 errorem,
899 4343 1105 4425 aptissimum
1126 4340 1164 4404 ad
1186 4341 1361 4425 quemlibet
1383 4342 1622 4426 decipiendum,

424 4450 489 4511 nisi
513 4445 641 4510 aliunde
664 4452 770 4531 posset
794 4446 943 4523 refutari,
968 4454 1160 4531 pepererunt
1183 4450 1304 4512 vetusti
1326 4451 1506 4534 interpretis
1525 4450 1622 4513 verba

461 4721 487 4782 1)
507 4718 586 4781 Vulgo
604 4721 692 4780 χορῶν.

459 4802 488 4866 2)
509 4800 562 4849 vid.
582 4801 645 4850 Nub.
664 4800 757 4865 Proleg.
776 4817 798 4866 p.
816 4812 954 4850 v-xxt‘nr.
