4525 5950
905 694 1156 747 smsrormuas.
1565 682 1631 751 273

487 867 539 932 Vs.
565 866 641 932 284.
666 862 686 930 ὦ
712 872 860 948 Θρᾷττα,
887 866 941 939 τὴν
968 864 1073 936 κέοτιρν
1099 863 1266 942 κάθελε,
1290 866 1356 929 κτέ.

438 974 711 1039 Obsaurissimum
742 972 825 1036 mihi
855 975 919 1045 est,
952 992 1014 1056 quo
1045 974 1237 1055 argumento
1267 969 1369 1034 editor
1392 975 1523 1036 tueatur
1546 972 1581 1037 h.
1604 971 1631 1038 l.

438 1080 575 1144 verbum
608 1080 757 1153 καθελεῖν,
788 1097 869 1162 quae
901 1078 987 1141 enim
1010 1077 1044 1138 οόο
1067 1076 1165 1156 eapite
1183 1075 1314 1156 perimus
1337 1096 1400 1140 non
1424 1077 1629 1158 depromimus,

438 1185 494 1250 sed
525 1183 708 1266 deponimus,
741 1183 988 1257 κοοτοιτιθέμεθοι,
1019 1202 1081 1245 non
1104 1184 1317 1259 redamabatur,
1341 1183 1450 1266 itaque
1475 1183 1631 1268 hodieque

438 1292 648 1355 neeessariam
680 1288 815 1352 arbitror
845 1293 987 1351 veterem
1011 1307 1116 1351 meam
1140 1289 1355 1351 coniecturam
1380 1287 1525 1364 κοτθθου,
1549 1289 1634 1374 quod

439 1396 576 1461 verbum
606 1393 712 1458 labem
744 1413 874 1477 passum
904 1399 953 1457 est
983 1412 1000 1456 e
1029 1391 1236 1476 subsequenti
1266 1391 1393 1467 ἔξελε.
1426 1396 1543 1478 Aperte
1567 1416 1630 1459 non

439 1502 556 1566 suffieit
585 1500 687 1565 lenior
718 1499 852 1585 Bergkii
879 1500 1018 1563 mutatio
1044 1503 1173 1561 καθελοῦ
1198 1497 1269 1563 coll.
1295 1499 1387 1584 Vesp.
1413 1497 1489 1576 936,
1515 1501 1570 1564 ubi
1594 1500 1632 1566 de

437 1609 642 1690 depromendo,
667 1626 730 1670 non
752 1614 790 1669 ut
813 1605 844 1668 h.
869 1604 904 1680 1.,
930 1604 967 1668 de
991 1605 1163 1686 deponendo
1186 1624 1291 1669 sermo
1315 1605 1363 1668 fit.

486 1823 538 1889 Vs.
562 1823 639 1889 288.
664 1823 799 1905 ἓχουοιον
824 1823 956 1886 fortasse
978 1828 1063 1886 recte
1088 1821 1269 1888 defenditur
1291 1844 1310 1888 a
1333 1826 1534 1890 coniecturis.

485 2028 538 2093 Vs.
563 2027 639 2092 294.
671 2029 754 2092 sitne
776 2027 923 2110 spurius,
949 2029 987 2088 ut
1008 2024 1174 2089 Meinekio
1199 2024 1331 2090 fortasse
1356 2047 1421 2091 non
1443 2033 1564 2093 temere
1588 2031 1635 2094 vi-

438 2135 583 2210 debatur,
612 2154 651 2198 an
675 2135 836 2219 genuinus
860 2130 946 2195 haud
970 2130 1139 2207 dirimam,
1166 2129 1221 2196 sed
1245 2134 1436 2217 neutiquam
1459 2133 1540 2198 mihi
1563 2154 1634 2219 per-

438 2243 541 2305 suasit
564 2239 668 2304 editor
690 2238 858 2323 perhibens
882 2256 978 2302 versu
999 2233 1065 2299 293
1086 2234 1123 2298 οὺ
1146 2236 1171 2299 δ’
1192 2233 1288 2313 ἄπιθ’,
1309 2232 1330 2299 ὦ
1353 2240 1480 2320 Θρᾷττ’,
1502 2239 1633 2303 ἐκποδών

442 2349 640 2423 „orationem
663 2344 804 2408 desinere
829 2348 901 2428 apte
925 2363 988 2406 non
1011 2340 1135 2426 posse''.

485 2563 537 2629 Vs.
564 2562 641 2627 498.
992 2563 1052 2626 οὐδ’
1077 2563 1165 2626 ἐκεῖν’
1191 2562 1288 2639 εἵρκκέ
1313 2585 1359 2626 τοι

667 2672 707 2739 ὥς
732 2669 749 2741 ἦ
773 2671 851 2746 γυνὴ
876 2668 1019 2731 δεικνῦσα
1042 2668 1145 2744 τάνδρὶ
1170 2667 1362 2744 τοῦγκυκλον

668 2774 719 2838 ὑπ’
744 2775 852 2851 αὐγὰς
875 2768 934 2838 otte
959 2775 1051 2850 έοτιν,
1076 2774 1446 2851 ἐγκεκαλυμμένον

667 2881 717 2944 τὸν
741 2879 851 2959 μοιχὸν
876 2879 1064 2957 ἐξέπεμψεν,
1089 2881 1156 2942 οὐκ
1181 2876 1316 2957 εέρνρκέ
1341 2903 1405 2944 τοι.

438 2988 560 3053 Loeum
583 2988 865 3072 corruptissimum
888 3007 950 3051 non
976 2984 1129 3050 melesio
1153 2986 1282 3050 refinxit
1304 2985 1424 3051 editor:

666 3086 722 3157 οἷον
741 3094 812 3172 τρθο
832 3091 937 3167 abydo
956 3090 1632 3178 εὀοιιμοιυΒ]οροοο1ο),<ἑκοιῑοοὶιιοι>

667 3197 718 3260 τὸν
741 3196 851 3276 μοιχὸν
877 3195 1053 3274 ἐξέπεμψεν
1078 3196 1163 3274 (οὐχ
1187 3196 1366 3273 θρθμενον).

438 3303 541 3369 Verba
563 3305 616 3368 οὐκ
641 3301 739 3382 εθριρκέ
763 3326 810 3366 που
829 3301 953 3366 librarii
972 3322 1077 3367 errore
1097 3304 1234 3388 repetita
1253 3308 1326 3367 ante
1345 3323 1421 3367 eum
1440 3301 1547 3369 delens
1563 3307 1632 3389 ipse

437 3413 473 3473 in
496 3431 598 3473 unum
622 3430 753 3475 versum
778 3408 857 3473 dnos
880 3415 1100 3473 contraxeram
1123 3408 1305 3473 scribendo:

667 3516 707 3586 ὥς
730 3518 747 3589 ἦ
772 3517 849 3593 γυνὴ
875 3513 1016 3578 δεικνῦσα
1040 3511 1143 3590 restet
1168 3512 1359 3590 τοθγκυκλον

666 3621 717 3683 τὸν
740 3621 851 3699 μοιχὸν
875 3617 1052 3698 ἐξέπεμψεν
1078 3619 1448 3696 έγκεκοιλυμμένον

435 3726 568 3788 abieotis
589 3727 688 3789 etiam
707 3725 814 3790 verbis
833 3727 965 3789 ametris
987 3726 1039 3786 ὑπ’
1057 3724 1165 3799 οὐγὰρ
1179 3760 1221 3771 -
1235 3725 1327 3801 ἐστιν,
1348 3744 1428 3808 quae
1448 3724 1487 3789 ad
1500 3745 1630 3790 versum

435 3828 651 3913 supplendum
674 3829 868 3915 interpolata
891 3850 959 3895 esse
983 3829 1176 3914 suspicabar.
1203 3828 1390 3894 Leenwenio
1413 3835 1525 3894 utrum
1546 3837 1630 3896 reete

435 3954 534 3998 neone
565 3934 642 3999 haee
674 3937 720 4000 ita
752 3936 849 3998 nimis
879 3936 1015 4019 abrupte
1045 3936 1167 3998 narrari
1197 3933 1377 4011 videantur,
1401 3934 1539 4000 aliorum
1563 3942 1631 4001 esto

433 4040 613 4117 iudicium,
646 4060 760 4106 verum
791 4039 850 4105 hoe
873 4039 967 4104 faoile
990 4043 1020 4105 ei
1043 4038 1177 4105 eonoedo
1200 4041 1410 4124 participium
1433 4041 1631 4118 ἐγκεκαλυμ-

436 4145 526 4220 μένον
557 4146 633 4210 ferri
664 4166 727 4209 non
753 4166 864 4230 posse,
891 4166 986 4220 „nam
1010 4150 1067 4209 aut
1089 4144 1172 4210 nihil
1194 4144 1342 4230 proderat
1365 4144 1511 4211 adultero
1534 4152 1630 4232 eaput

435 4249 636 4328 obvolvisse,
661 4254 689 4315 ai
713 4256 822 4316 tamen
844 4258 986 4316 cerneret
1005 4273 1081 4316 eum
1101 4254 1253 4329 maritus,
1274 4253 1377 4316 antei
1398 4272 1459 4316 non
1479 4259 1629 4331 cerneret,

435 4355 600 4421 inutilis''.

483 4460 587 4540 Quare
610 4482 695 4525 nune
718 4462 956 4546 proposuerim:

663 4566 714 4629 τὸν
739 4567 848 4645 μοιχὸν
873 4566 1033 4644 ἐξέπεμψε
1056 4565 1124 4629 τθν
1149 4565 1429 4644 κεκρυμμένον

434 4691 519 4756 quae
543 4673 661 4755 scripta
684 4692 774 4735 more
798 4673 929 4755 antiqua
952 4670 1024 4743 τθγ
1053 4673 1332 4748 κεκρυμμένον
1355 4669 1509 4740 facillime
1527 4673 1558 4735 in
1581 4672 1634 4750 έγ-

434 4776 683 4851 κεκαλυμμένον,
715 4776 799 4860 qnod
831 4795 925 4839 nemo
954 4773 1169 4859 interpolator
1199 4774 1293 4840 facile
1323 4775 1362 4842 de
1385 4796 1443 4841 suo
1465 4774 1632 4842 additurus
