4525 5950
534 687 600 755 350
917 707 959 753 ao
982 707 1117 756 naccon
1142 707 1338 755 snronmun.

533 875 666 940 demum
697 875 895 950 conturbari;
927 877 1036 958 itaque
1067 873 1242 939 dummodo
1273 894 1364 939 mans
1395 893 1504 938 rernm
1528 875 1722 958 perceptioni

533 1003 572 1047 ne
602 980 696 1046 addat
729 1001 767 1046 ex
797 1002 830 1045 se
859 982 1041 1066 opinionem
1073 984 1163 1066 quasi
1195 981 1233 1045 de
1263 982 1353 1046 bonis
1383 979 1437 1046 vel
1467 978 1593 1057 malis,‘
1613 980 1669 1054 rip
1692 979 1722 1042 δὲ

534 1087 698 1168 ὑπόληψιν,
731 1088 784 1160 τὴν
816 1090 853 1158 ὥς
886 1089 953 1164 τερ)
985 1090 1116 1165 ἀγαθοῦ,
1142 1089 1158 1162 ἢ
1185 1093 1291 1165 κακοῦ,
1315 1088 1358 1164 (aia
1383 1085 1567 1167 προστιθέναι
1592 1088 1627 1151 τὸ
1653 1087 1722 1164 ιὶγε-

532 1197 651 1270 pearata
672 1193 705 1270 ἐξ
725 1194 831 1258 ἑαυτοῦ
852 1192 903 1274 (V.
923 1192 991 1273 26),
1013 1192 1139 1259 tollitur
1160 1215 1254 1259 omne
1274 1193 1397 1259 malum
1418 1191 1609 1278 tolliturque
1622 1195 1724 1258 omnis

533 1300 740 1387 perturbatio.
763 1299 828 1366 Nae
852 1320 914 1365 non
937 1299 1070 1384 reliqui,
1095 1302 1122 1364 si
1147 1299 1223 1385 quid
1244 1299 1354 1377 video,
1376 1298 1459 1376 loci,
1480 1302 1550 1364 siva
1569 1302 1724 1386 expressis

533 1407 639 1472 verbis
670 1405 847 1484 declarant,
879 1408 946 1472 sive
978 1406 1107 1471 brevius
1130 1409 1272 1491 expressi
1296 1404 1544 1491 explicationem
1568 1406 1651 1472 hano
1674 1405 1725 1470 sd·

534 1515 686 1590 mittunt,
707 1512 853 1578 Marcum
874 1513 970 1578 verba
988 1511 1118 1578 laudata
1138 1513 1177 1578 ad
1197 1513 1337 1578 ethicam
1358 1512 1582 1578 tantummodo
1605 1520 1639 1577 et
1663 1533 1726 1577 mo-

532 1619 634 1686 ralem
653 1618 888 1704 philosophiam
906 1620 1022 1684 referre
1042 1626 1074 1685 et
1086 1641 1123 1685 ea
1136 1619 1358 1684 commendare
1370 1627 1536 1704 tamquam
1552 1619 1724 1684 affectuum

534 1726 713 1792 remedium
737 1725 863 1800 efficax,
888 1748 963 1791 cum
986 1729 1110 1804 omnia,
1136 1747 1217 1811 quae
1236 1726 1327 1791 nobis
1347 1729 1543 1791 extrinsecus
1562 1725 1724 1802 accidant,

535 1854 574 1898 ex
595 1838 702 1897 nostra
726 1837 853 1896 tantum
877 1835 1023 1920 opinione
1047 1832 1182 1918 pendere
1203 1833 1358 1909 dicantur,
1377 1834 1548 1918 quominus
1568 1830 1657 1896 mala
1674 1830 1724 1897 vel

536 1940 617 2005 hona
648 1937 857 2004 declarentur.
888 1940 993 2024 Atque
1024 1942 1146 2025 optime
1177 1939 1254 2004 haec
1285 1942 1320 2004 in
1342 1937 1487 2004 Stoicum
1509 1937 1646 2017 cadunt,
1671 1941 1725 2023 qui

536 2047 674 2131 corporis
708 2047 881 2130 imperium
914 2046 949 2109 in
984 2048 1130 2110 animum
1166 2066 1283 2131 negare
1317 2051 1350 2111 et
1382 2047 1622 2130 impatientiam
1654 2053 1725 2109 ants

537 2154 644 2218 omnia
668 2154 781 2217 sectari
805 2151 866 2216 sibi
888 2155 1105 2237 proposuisset
1119 2149 1154 2231 ¹).

582 2258 652 2323 Iam
686 2260 713 2322 si
747 2258 787 2322 ad
818 2257 941 2323 dictum
971 2261 1078 2344 ipsum
1110 2256 1155 2321 ίτι
1190 2255 1295 2321 πάντα
1329 2257 1480 2333 ὑπόληψις
1511 2257 1726 2333 attendimus,

537 2370 627 2450 patet
656 2364 753 2429 verba
786 2362 845 2428 illa
875 2384 931 2449 per
960 2385 993 2429 se
1022 2369 1163 2449 spectata
1194 2363 1299 2428 multo
1329 2363 1427 2428 latius
1457 2367 1567 2447 patere
1599 2384 1636 2427 ac
1667 2384 1726 2427 non

537 2468 643 2535 solum
665 2469 704 2534 ad
727 2468 856 2534 affectus
879 2475 1004 2534 nostros
1028 2477 1060 2535 et
1082 2491 1191 2534 rerum
1216 2472 1471 2534 aestimationem
1495 2468 1550 2534 aad
1570 2471 1670 2534 etiam
1690 2467 1728 2532 ad

536 2579 679 2662 ipsarum
714 2598 823 2641 rarum
854 2579 1019 2641 scientiam
1052 2582 1084 2641 et
1115 2578 1334 2663 cognitionem
1366 2576 1542 2641 humanam
1574 2575 1728 2661 applicari

537 2704 638 2769 posse.
670 2681 781 2767 ltaque
812 2704 877 2747 nou
909 2689 976 2747 tam
1005 2682 1147 2749 Stoicam
1172 2681 1224 2748 val
1247 2680 1402 2770 Cynicam
1426 2702 1522 2768 quam
1547 2681 1728 2767 Scepticam

538 2789 716 2854 doctrinam
735 2787 893 2866 redolent,
913 2811 1014 2875 neque
1034 2789 1125 2854 facile
1145 2788 1313 2855 credideris
1333 2791 1419 2854 casui
1444 2788 1568 2867 deberi,
1588 2788 1677 2873 quod
1695 2790 1728 2852 in

537 2896 644 2962 verbis
663 2897 808 2982 proxime
827 2896 1033 2981 sequentibus
1053 2898 1174 2961 mentio
1187 2894 1223 2959 fit
1236 2892 1350 2983 Cynici
1362 2894 1451 2960 illius
1462 2894 1619 2972 Monimi,
1633 2914 1728 2980 quam

537 3003 577 3068 ad
603 3002 820 3088 Scepticorum
846 3001 1083 3088 philosophiam
1112 3002 1281 3069 inclinasse
1312 3008 1436 3068 constat
1466 3008 1499 3067 st
1520 3004 1614 3066 cuius
1637 3000 1729 3087 plane

538 3108 644 3175 simile
667 3108 798 3174 effatum
822 3122 986 3174 servatum
1009 3116 1074 3174 est:
1101 3109 1220 3188 „ripas
1243 3104 1320 3173 εἶναι
1342 3109 1383 3172 τα
1403 3108 1531 3173 πάντα*
1545 3108 1583 3188 ²).
1609 3106 1728 3187 Quodsi

537 3219 607 3281 iure
628 3214 816 3279 admisimus
836 3215 888 3280 hic
908 3213 1090 3301 Scepticum
1111 3214 1240 3300 aliquod
1261 3215 1384 3280 dictum
1404 3236 1422 3280 a
1441 3213 1552 3280 Marco
1570 3216 1729 3280 insertum

539 3343 621 3399 esse,
644 3327 792 3407 apparet,
818 3321 894 3407 quid
919 3321 980 3386 sibi
1004 3321 1106 3387 velint
1128 3322 1225 3387 verba
1248 3321 1382 3387 ultima:
1408 3322 1482 3400 „saa
1506 3346 1552 3393 τις
1578 3322 1729 3386 αὐτοῦτὸ

542 3430 680 3506 νόστιμον
711 3428 805 3509 μεχρί
837 3433 889 3492 τοῦ
912 3432 1043 3502 ἀληθοῦς
1067 3427 1222 3507 δίχηται”
1247 3435 1279 3493 et
1303 3427 1401 3493 simul
1424 3432 1529 3514 petet,
1555 3447 1654 3513 quare
1678 3428 1729 3492 hic

540 3535 629 3601 locus
660 3535 778 3621 dignus
806 3537 896 3599 visus
928 3538 987 3612 sit,
1020 3537 1073 3619 qui
1106 3534 1217 3619 paullo
1247 3534 1350 3600 fusius
1380 3539 1579 3600 tractaretur.
1613 3534 1677 3614 Qui
1699 3541 1730 3600 et

448 3712 452 3723 ,
540 3664 597 3728 per
620 3662 653 3705 se
676 3643 753 3706 satis
777 3643 888 3727 magni
910 3645 958 3705 est
979 3644 1136 3706 momenti
1160 3649 1193 3706 et
1217 3644 1309 3706 unice
1331 3640 1490 3719 illustrat,
1515 3661 1613 3726 qusm
1632 3640 1729 3707 libere

541 3754 575 3814 in
598 3750 704 3816 verbis
728 3746 839 3813 alienis
863 3747 1049 3812 adhibendis
1072 3754 1218 3812 versatus
1241 3750 1284 3812 sit
1305 3747 1453 3825 Marcus,
1478 3750 1533 3833 qui
1556 3750 1728 3825 etiamen,

543 3877 623 3942 quae
642 3877 660 3920 a
680 3854 806 3942 placitis
825 3857 892 3919 suis
912 3854 997 3948 haud
1019 3875 1133 3939 parum
1154 3855 1321 3919 abhorrere
1333 3854 1512 3932 videantur,
1524 3854 1729 3919 immutando

543 3963 597 4030 vel
627 3962 846 4048 restringendo
878 3964 911 4025 in
940 3982 1034 4025 usum
1059 3982 1155 4025 suum
1179 3967 1377 4037 convertere,
1401 3964 1503 4025 immo
1525 3963 1559 4024 in
1583 3964 1731 4026 omnium

542 4072 603 4135 sibi
626 4068 916 4134 familiarissimum
939 4067 1061 4132 dictum
1085 4075 1283 4133 commutare
1306 4066 1391 4131 haud
1415 4066 1620 4132 dubitaverit.

578 4347 606 4408 1)
627 4346 714 4395 Eadem
732 4347 767 4392 est
786 4345 870 4391 Marco
889 4339 1026 4399 ὑπόληψις,
1043 4355 1102 4404 quae
1119 4344 1176 4388 sunt
1190 4339 1299 4404 Epicteto
1316 4336 1443 4401 δόγματα.
1460 4339 1496 4387 Cl.
1513 4337 1736 4390 Din.111.s.18:

545 4430 592 4477 ,τί
612 4427 661 4490 γάρ
685 4424 741 4474 ἐστι
765 4426 795 4473 τὸ
821 4423 914 4472 κλαίειν
937 4421 978 4470 καὶ
1001 4419 1131 4485 alfridum
1149 4418 1242 4483 δόγμα.
1262 4420 1293 4468 τί
1308 4418 1453 4483 δνετνχία;
1471 4417 1563 4483 δόγμα.
1581 4420 1613 4467 τί
1627 4420 1737 4477 στάσις,

546 4512 577 4558 τί
598 4508 722 4571 διχόνοια,
746 4508 776 4555 τί
796 4505 905 4568 μέμψις,
929 4505 960 4553 τί
980 4504 1131 4566 κατηγορία,
1155 4504 1185 4551 τί
1205 4503 1324 4565 ἀσέβεια,
1346 4503 1378 4551 τί
1396 4505 1521 4566 φλυαρίας
1543 4506 1631 4551 ταῦτα
1650 4503 1737 4552 πάντα

546 4590 668 4654 δόγματα
685 4595 742 4638 ἐστι
760 4588 800 4637 καὶ
818 4589 882 4637 ἄλλο
900 4584 969 4636 οὐδὲν
987 4585 1028 4634 καῖ
1045 4584 1166 4648 δόγματα
1183 4584 1238 4645 περὶ
1254 4589 1304 4633 τόν
1318 4583 1485 4646 ἄπρααιρίτιιν
1499 4584 1531 4643 ὥς
1544 4583 1621 4633 ’όντων
1636 4583 1737 4647 ἇγαόῖιν

546 4672 590 4721 καὶ
608 4671 702 4721 κανόν’
723 4677 745 4720 et
763 4672 791 4719 ci.
810 4670 884 4719 Ench.
903 4670 947 4718 ld:
973 4666 1048 4716 ,ἀλλ’
1066 4665 1136 4725 state
1152 4665 1221 4715 'deror
1239 4669 1370 4729 πρόχειρον
1388 4666 1427 4715 ότι
1446 4666 1544 4715 ’τοῦτον
1561 4666 1641 4727 όλίβει
1659 4665 1687 4717 νίν
1706 4668 1737 4717 τὸ

547 4755 709 4816 συμβεβηκός
728 4751 813 4814 (ἄλλον
829 4753 878 4815 γὰρ
896 4749 922 4799 εὖ
941 4750 1029 4811 όλίβιι)
1046 4749 1115 4798 ἄλλα
1132 4750 1163 4798 τὸ
1181 4747 1265 4811 δόγμα
1283 4750 1313 4797 τὸ
1330 4748 1385 4812 περὶ
1401 4747 1519 4799 votvm

579 4839 608 4901 2)
625 4837 662 4885 cf.
679 4839 743 4888 Sext.
763 4836 830 4900 Bmp.
848 4835 902 4882 adv.
920 4833 994 4882 math.
1011 4832 1081 4881 Vlll.
1100 4837 1114 4882 h
1132 4850 1156 4897 p.
1174 4833 1223 4880 289
1243 4832 1344 4881 Bekher.
