4525 5950
990 489 1132 555 11011110.
1502 430 1505 437 ⁴
1587 469 1651 536 387

454 657 581 721 ominis
603 658 672 719 vim
696 655 836 719 haberet.
861 653 991 718 Etenim
1014 656 1041 718 si
1063 656 1172 739 imago
1191 653 1249 718 illa
1268 650 1395 719 Claudii
1414 656 1518 738 spicea
1537 673 1652 718 corona

456 764 583 827 evincti
607 761 647 826 ad
670 780 828 826 annonam
851 760 1013 825 referenda
1036 767 1103 837 est,
1127 763 1323 846 gravitatem
1347 762 1576 845 caritatemque
1602 780 1656 824 an-

456 887 564 932 nonae
593 886 631 932 ea
660 866 834 953 significari
866 874 977 952 sponte
1009 869 1165 952 sequitur,
1198 866 1356 957 siquidem
1387 886 1518 931 coronae
1549 868 1653 951 spicae

456 981 540 1038 retro
559 994 728 1039 conversae
746 979 847 1039 erant.
871 972 906 1037 Si
930 977 1057 1037 narrato
1081 975 1206 1037 somnio
1230 973 1288 1038 hoc
1311 971 1417 1037 solnm
1441 972 1580 1037 addidit:
1602 995 1654 1035 011-

457 1102 558 1144 nonae
587 1080 684 1161 inape
716 1103 751 1144 ec
782 1087 843 1158 cst,
875 1087 906 1144 et
937 1082 1103 1165 perspicue
1135 1082 1211 1144 satis
1240 1085 1287 1144 est
1311 1077 1437 1144 locutus
1460 1086 1493 1144 et
1515 1079 1548 1143 id
1572 1078 1654 1143 dixit

457 1185 549 1271 quod
579 1184 734 1253 Claudius
765 1208 827 1252 non
858 1206 952 1272 aegre
983 1186 1064 1250 ferre
1095 1208 1158 1250 non
1190 1194 1313 1271 posset:
1344 1207 1420 1251 nam
1444 1189 1596 1272 cuiquam
1619 1205 1653 1250 se

457 1295 584 1359 civium
604 1295 808 1358 tristissimae
826 1295 873 1359 rei
893 1295 1045 1357 nuntium
1064 1293 1247 1377 apparuisse
1260 1314 1334 1356 cum
1347 1291 1455 1357 dolore
1466 1311 1652 1379 cognoscere

459 1401 613 1479 debebat,
644 1421 719 1466 curn
750 1403 939 1486 praesertim
968 1405 1037 1464 tota
1067 1419 1117 1463 res
1147 1398 1305 1464 eiusmodi
1335 1404 1434 1475 esset,
1458 1406 1496 1463 ut
1518 1397 1652 1463 faciles

456 1505 616 1592 malignis
638 1509 671 1570 in
690 1508 800 1592 ipsum
819 1513 925 1592 posset
944 1507 1087 1571 converti
1105 1508 1298 1570 instantium
1315 1507 1520 1571 miseriarum
1540 1500 1650 1590 culpa!

505 1617 545 1678 Α.
577 1612 634 1690 XI,
661 1611 692 1678 7.
722 1612 802 1678 Silio
834 1610 981 1689 consule,
1013 1620 1052 1676 ut
1075 1610 1253 1676 delatorum
1277 1612 1440 1677 cohiberet
1461 1611 1650 1688 libidinem,

458 1718 498 1784 de
517 1719 695 1785 reducenda
713 1718 786 1806 lege
806 1715 918 1785 (lincis
937 1718 1106 1796 referente,
1129 1716 1280 1794 Suillius,
1300 1716 1509 1784 Cossutianus
1531 1717 1650 1803 aliique

456 1824 727 1903 calumniatores,
759 1845 894 1910 poenam
925 1824 986 1889 sibi
1018 1824 1076 1888 bac
1108 1822 1260 1888 relatione
1288 1826 1391 1908 parari
1414 1823 1651 1911 intelligentes,

455 1935 578 1997 acriter
601 1932 771 1996 obsistunt.
795 1930 939 2010 Quorum
962 1931 1138 1995 orationem
1161 1931 1206 1993 sic
1228 1929 1344 1994 referre
1367 1928 1497 1995 Tacitus
1519 1932 1651 2015 incipit:

507 2037 632 2118 „Quem
663 2036 760 2102 illum
791 2042 881 2101 tanta
903 2036 1053 2121 snperbia
1076 2055 1143 2100 esse
1166 2042 1204 2100 ut
1227 2039 1449 2102 aeternitatem
1472 2037 1575 2102 famae
1598 2055 1653 2120 spe

456 2141 667 2232 praesumat?
690 2143 772 2209 Usui
795 2149 827 2208 et
850 2142 944 2208 rebus
967 2141 1148 2207 subsidium
1170 2145 1291 2227 parari,
1316 2164 1355 2208 ne
1378 2145 1449 2228 quis
1472 2144 1579 2228 inopia
1602 2141 1654 2206 ad-

455 2258 646 2317 vocatorum
670 2251 856 2337 potentibus
878 2249 1034 2313 obnoxius
1056 2247 1132 2313 sit.'’

504 2355 618 2422 Verbis
639 2357 710 2419 aeui
723 2355 883 2439 -parcra'
905 2355 944 2421 de
961 2362 1159 2438 patronorum
1181 2357 1236 2440 agi
1258 2355 1435 2446 commodis
1458 2353 1650 2441 Nipperdeio

456 2463 609 2529 lubenter
639 2465 808 2529 assentior:
833 2465 880 2527 sic
902 2463 988 2527 enim
1013 2461 1145 2527 demum
1167 2463 1381 2527 nanciscimur
1404 2460 1542 2547 aliquid,
1566 2461 1650 2548 quod

455 2577 545 2636 recte
563 2575 741 2654 opponatur
760 2570 887 2654 ineptae
906 2570 1105 2654 arrogantiae
1125 2589 1254 2646 eorum,
1276 2571 1304 2632 si
1323 2570 1379 2654 qui
1399 2568 1580 2653 eloquentia
1592 2589 1650 2633 sua

453 2674 659 2742 immortales
682 2697 715 2741 se
737 2676 803 2741 fors
827 2675 978 2752 credunt,
1000 2674 1038 2739 de
1057 2696 1119 2760 qua
1138 2677 1171 2737 in
1187 2675 1450 2759 praecedentibus
1469 2695 1573 2741 sermo
1592 2680 1649 2740 est.

453 2787 500 2848 At
523 2781 614 2847 istud
632 2805 670 2845 ne
688 2782 755 2867 qais
768 2782 863 2846 -sit
880 2802 1082 2868 nequaquam
1102 2802 1177 2845 oum
1195 2779 1263 2845 illis
1282 2781 1443 2859 cohaeret,
1464 2781 1548 2867 quod
1566 2780 1652 2847 ultro

455 2888 580 2953 indicat
603 2886 834 2974 Nipperdeius,
858 2890 892 2952 in
914 2890 1119 2953 annotatione
1143 2909 1201 2952 sua
1223 2890 1269 2952 sio
1291 2889 1448 2954 scribens:
1475 2888 1561 2965 „und
1584 2888 1651 2953 dies

455 3001 567 3060 misse
592 2996 770 3081 geschehen
795 2993 896 3060 damit
919 2994 1041 3073 nicht’',
1067 2997 1123 3060 ubi
1148 3000 1254 3061 totum
1277 2995 1361 3060 illud
1383 2998 1448 3059 aad
1469 2996 1534 3060 dies
1557 3003 1650 3059 11111110

449 3102 615 3184 perstatim
643 3102 682 3166 ab
712 3104 782 3186 ipso
813 3100 1007 3186 Nipperdeio
1039 3101 1077 3165 de
1109 3100 1209 3165 nihilo
1242 3109 1290 3166 est
1319 3101 1500 3166 confictum.
1530 3101 1651 3168 'lotum

455 3210 647 3294 negotium,
672 3207 711 3272 de
734 3229 797 3293 qno
816 3208 869 3273 hic
888 3211 1007 3294 agitur,
1029 3207 1220 3293 disputando
1240 3228 1477 3293 persequamur.
1502 3208 1563 3274 Fac
1583 3209 1651 3274 nul·

452 3313 523 3378 lam
556 3315 623 3377 iam
658 3313 838 3379 mercedem
873 3334 1042 3379 causarum
1076 3312 1227 3399 patronis
1253 3314 1330 3380 dari.
1367 3314 1449 3394 Quid
1482 3314 1648 3401 sequitur?

452 3419 581 3504 Nempe
612 3426 650 3484 ut
680 3420 864 3485 hominibus
894 3422 1074 3486 insontibus
1104 3422 1314 3506 inopibusque
1344 3421 1451 3487 nullae
1474 3425 1648 3509 postbaca

450 3546 624 3590 cansarum
655 3529 799 3612 patronis
830 3527 1039 3593 exhibeantur
1070 3527 1254 3606 molestiae,
1281 3528 1440 3613 siquidem
1464 3532 1567 3615 iniqui
1590 3533 1646 3595 isti

450 3635 756 3720 praviquepatroni
775 3654 843 3698 esse
861 3654 936 3698 mox
955 3634 1114 3711 desinent,
1127 3655 1229 3720 nsque
1241 3642 1348 3700 tamen
1362 3657 1503 3721 unquam
1516 3637 1649 3703 deerunt

451 3739 548 3824 probi
572 3739 734 3815 homines,
760 3742 815 3826 qui
838 3742 965 3804 iniuriis
989 3742 1114 3805 obstare
1137 3750 1170 3805 et
1191 3740 1291 3806 velint
1314 3748 1347 3806 et
1369 3746 1500 3827 possint.
1536 3744 1647 3809 Nonne

451 3847 542 3910 enim
570 3846 656 3910 cives
679 3844 751 3911 ideo
776 3846 906 3911 obnoxii
928 3845 1213 3911 calumniatoribus
1236 3847 1335 3924 fiunt,
1360 3849 1445 3932 quod
1468 3848 1648 3935 eloquentia

450 3951 589 4015 sorensis
613 3956 741 4015 tanturn
764 3949 846 4016 lucri
869 3948 981 4017 adorti
1003 3954 1047 4016 nt
1068 3955 1103 4016 in
1126 3958 1218 4017 textu
1242 3952 1382 4039 legimus
1402 3953 1541 4040 aliquid,
1564 3957 1646 4041 quod

448 4077 517 4143 quo
541 4062 765 4142 convertamus
789 4056 883 4144 plane
906 4062 1083 4124 nescimus:
1109 4062 1263 4144 „nequis
1286 4062 1394 4145 inopia
1418 4060 1647 4128 advocatorum

451 4163 640 4249 potentibus
660 4164 816 4229 obnoxius
836 4164 913 4230 sit.’'
935 4165 1072 4229 Potentes
1090 4164 1141 4230 illi
1161 4168 1231 4250 qui,
1252 4186 1384 4249 quaeso,
1404 4164 1498 4232 sunt?
1519 4167 1648 4235 Praeter

448 4273 561 4355 ipsum
585 4271 812 4354 imperatorem
836 4274 893 4336 111
915 4271 975 4336 ulli
998 4270 1055 4336 alii
1079 4272 1225 4337 homines
1244 4280 1329 4337 recte
1348 4271 1405 4336 illo
1425 4273 1646 4360 significantur

449 4374 620 4443 vocabulo.
655 4377 739 4442 Nam
769 4377 922 4443 adversus
954 4377 1034 4443 alios
1061 4387 1199 4460 potenter
1230 4400 1291 4443 non
1321 4399 1490 4444 cansarum
1520 4385 1645 4466 patroni

447 4492 529 4550 sunt
552 4483 739 4560 adhibendi,
765 4483 819 4549 sed
843 4487 944 4569 ipsius
968 4494 1013 4548 est
1038 4483 1276 4567 implorandum
1302 4488 1453 4569 principis
1473 4487 1643 4553 auxilium.

449 4590 523 4655 Iam
558 4591 653 4664 satis,
687 4596 723 4652 ut
756 4591 878 4674 opinor,
915 4596 1048 4673 apparet
1079 4610 1176 4675 quam
1208 4593 1315 4675 inepte
1348 4590 1546 4676 disputantes
1576 4594 1644 4660 loco
