<?xml version="1.0" encoding="UTF-8"?>
<!DOCTYPE html PUBLIC "-//W3C//DTD XHTML 1.0 Transitional//EN"
    "http://www.w3.org/TR/xhtml1/DTD/xhtml1-transitional.dtd">
<html xmlns="http://www.w3.org/1999/xhtml" xml:lang="en" lang="en">
 <head>
  <title>
</title>
<meta http-equiv="Content-Type" content="text/html;charset=utf-8" />
  <meta name='ocr-system' content='tesseract 3.04.00' />
  <meta name='ocr-capabilities' content='ocr_page ocr_carea ocr_par ocr_line ocrx_word'/>
</head>
<body>
  <div class='ocr_page' id='page_1' title='image "./mnemosyne07verdgoog_0410.png"; bbox 0 0 4525 5950; ppageno 0'>
   <div class='ocr_carea' id='block_1_1' title="bbox 656 705 1314 774">
    <p class='ocr_par' dir='ltr' id='par_1_1' title="bbox 656 705 1314 774">
     <span class='ocr_line' id='line_1_1' title="bbox 656 705 1314 774; baseline 0 -2"><span class='ocrx_word' id='word_1_1' title='bbox 656 705 723 772; x_wconf 81' lang='grc'><strong>390</strong></span> <span class='ocrx_word' id='word_1_2' title='bbox 1172 724 1314 774; x_wconf 71' lang='lat' dir='ltr'><strong>riorus.</strong></span> 
     </span>
    </p>
   </div>
   <div class='ocr_carea' id='block_1_2' title="bbox 584 889 1845 2784">
    <p class='ocr_par' dir='ltr' id='par_1_2' title="bbox 619 889 1845 1403">
     <span class='ocr_line' id='line_1_2' title="bbox 653 889 1841 979; baseline 0.004 -26"><span class='ocrx_word' id='word_1_3' title='bbox 653 894 761 954; x_wconf 91' lang='lat' dir='ltr'><strong>mente</strong></span> <span class='ocrx_word' id='word_1_4' title='bbox 780 892 823 954; x_wconf 88' lang='lat' dir='ltr'><strong>sit</strong></span> <span class='ocrx_word' id='word_1_5' title='bbox 842 889 1066 974; x_wconf 83' lang='lat' dir='ltr'><strong>supplendum.</strong></span> <span class='ocrx_word' id='word_1_6' title='bbox 1086 889 1147 955; x_wconf 83' lang='lat' dir='ltr'><strong>Sed</strong></span> <span class='ocrx_word' id='word_1_7' title='bbox 1166 893 1210 957; x_wconf 93' lang='lat' dir='ltr'><strong>sic</strong></span> <span class='ocrx_word' id='word_1_8' title='bbox 1229 899 1390 956; x_wconf 80' lang='lat' dir='ltr'><strong>structura</strong></span> <span class='ocrx_word' id='word_1_9' title='bbox 1410 895 1551 957; x_wconf 91' lang='lat' dir='ltr'><strong>nascitur</strong></span> <span class='ocrx_word' id='word_1_10' title='bbox 1565 912 1696 979; x_wconf 92' lang='lat' dir='ltr'><strong>parum,</strong></span> <span class='ocrx_word' id='word_1_11' title='bbox 1714 893 1841 972; x_wconf 89' lang='lat' dir='ltr'><strong>hercle,</strong></span> 
     </span>
     <span class='ocr_line' id='line_1_3' title="bbox 653 993 1842 1084; baseline 0.003 -24"><span class='ocrx_word' id='word_1_12' title='bbox 653 1003 788 1061; x_wconf 82' lang='lat' dir='ltr'><strong>venusta</strong></span> <span class='ocrx_word' id='word_1_13' title='bbox 817 1003 849 1060; x_wconf 92' lang='lat' dir='ltr'><strong>et</strong></span> <span class='ocrx_word' id='word_1_14' title='bbox 879 993 988 1061; x_wconf 72' lang='lat' dir='ltr'><strong>&#39;l&#39;acito</strong></span> <span class='ocrx_word' id='word_1_15' title='bbox 1020 1018 1149 1081; x_wconf 90' lang='lat' dir='ltr'><strong>prorsus</strong></span> <span class='ocrx_word' id='word_1_16' title='bbox 1181 997 1322 1084; x_wconf 75' lang='lat' dir='ltr'><strong>indIgna.</strong></span> <span class='ocrx_word' id='word_1_17' title='bbox 1355 1000 1398 1062; x_wconf 88' lang='lat' dir='ltr'><strong>At</strong></span> <span class='ocrx_word' id='word_1_18' title='bbox 1429 1001 1528 1064; x_wconf 91' lang='lat' dir='ltr'><strong>eiecto</strong></span> <span class='ocrx_word' id='word_1_19' title='bbox 1560 998 1594 1062; x_wconf 78' lang='lat' dir='ltr'><strong>in</strong></span> <span class='ocrx_word' id='word_1_20' title='bbox 1624 1002 1734 1064; x_wconf 89' lang='lat' dir='ltr'><strong>omnia</strong></span> <span class='ocrx_word' id='word_1_21' title='bbox 1759 1000 1842 1064; x_wconf 87' lang='lat' dir='ltr'><strong>fiunt</strong></span> 
     </span>
     <span class='ocr_line' id='line_1_4' title="bbox 653 1101 1845 1191; baseline 0.001 -23"><span class='ocrx_word' id='word_1_22' title='bbox 653 1101 910 1190; x_wconf 84' lang='lat' dir='ltr'><strong>elegantissima,</strong></span> <span class='ocrx_word' id='word_1_23' title='bbox 944 1106 1012 1168; x_wconf 87' lang='lat' dir='ltr'><strong>sive</strong></span> <span class='ocrx_word' id='word_1_24' title='bbox 1029 1104 1195 1186; x_wconf 53' lang='lat' dir='ltr'><strong>praemineo</strong></span> <span class='ocrx_word' id='word_1_25' title='bbox 1215 1128 1326 1186; x_wconf 82' lang='lat' dir='ltr'><strong>pecore</strong></span> <span class='ocrx_word' id='word_1_26' title='bbox 1348 1111 1514 1191; x_wconf 91' lang='lat' dir='ltr'><strong>tamquam</strong></span> <span class='ocrx_word' id='word_1_27' title='bbox 1537 1105 1679 1191; x_wconf 82' lang='lat' dir='ltr'><strong>aliquem</strong></span> <span class='ocrx_word' id='word_1_28' title='bbox 1708 1106 1845 1182; x_wconf 91' lang='lat' dir='ltr'><strong>„ablati-</strong></span> 
     </span>
     <span class='ocr_line' id='line_1_5' title="bbox 619 1209 1845 1299; baseline 0.005 -28"><span class='ocrx_word' id='word_1_29' title='bbox 619 1263 623 1269; x_wconf 94' lang='lat'>.</span> <span class='ocrx_word' id='word_1_30' title='bbox 653 1231 732 1275; x_wconf 86' lang='lat' dir='ltr'><strong>vum</strong></span> <span class='ocrx_word' id='word_1_31' title='bbox 767 1209 972 1275; x_wconf 87' lang='lat' dir='ltr'><strong>absolutum&#39;’</strong></span> <span class='ocrx_word' id='word_1_32' title='bbox 1009 1213 1183 1295; x_wconf 80' lang='lat' dir='ltr'><strong>accipimus</strong></span> <span class='ocrx_word' id='word_1_33' title='bbox 1218 1220 1270 1290; x_wconf 86' lang='lat'><strong>(=</strong></span> <span class='ocrx_word' id='word_1_34' title='bbox 1293 1213 1389 1298; x_wconf 70' lang='lat' dir='ltr'><strong>Aga,</strong></span> <span class='ocrx_word' id='word_1_35' title='bbox 1425 1215 1517 1277; x_wconf 90' lang='lat' dir='ltr'><strong>cuius</strong></span> <span class='ocrx_word' id='word_1_36' title='bbox 1552 1215 1743 1299; x_wconf 89' lang='lat' dir='ltr'><strong>praecipuus</strong></span> <span class='ocrx_word' id='word_1_37' title='bbox 1778 1224 1845 1277; x_wconf 90' lang='lat' dir='ltr'><strong>erat</strong></span> 
     </span>
     <span class='ocr_line' id='line_1_6' title="bbox 653 1319 1321 1403; baseline 0.001 -22"><span class='ocrx_word' id='word_1_38' title='bbox 653 1324 777 1403; x_wconf 85' lang='lat' dir='ltr'><strong>pavor),</strong></span> <span class='ocrx_word' id='word_1_39' title='bbox 801 1319 869 1381; x_wconf 87' lang='lat' dir='ltr'><strong>sive</strong></span> <span class='ocrx_word' id='word_1_40' title='bbox 893 1338 968 1382; x_wconf 91' lang='lat' dir='ltr'><strong>oum</strong></span> <span class='ocrx_word' id='word_1_41' title='bbox 990 1324 1119 1380; x_wconf 62' lang='lat' dir='ltr'><strong>metuens</strong></span> <span class='ocrx_word' id='word_1_42' title='bbox 1142 1320 1321 1403; x_wconf 89' lang='lat' dir='ltr'><strong>iungimus.</strong></span> 
     </span>
    </p>

    <p class='ocr_par' dir='ltr' id='par_1_3' title="bbox 654 1421 1843 1615">
     <span class='ocr_line' id='line_1_7' title="bbox 699 1421 1843 1515; baseline 0.002 -28"><span class='ocrx_word' id='word_1_43' title='bbox 699 1424 736 1489; x_wconf 88' lang='lat' dir='ltr'><strong>A.</strong></span> <span class='ocrx_word' id='word_1_44' title='bbox 757 1422 829 1501; x_wconf 85' lang='lat' dir='ltr'><strong>XII,</strong></span> <span class='ocrx_word' id='word_1_45' title='bbox 851 1421 903 1488; x_wconf 81' lang='lat'><strong>65.</strong></span> <span class='ocrx_word' id='word_1_46' title='bbox 929 1424 1108 1510; x_wconf 81' lang='lat' dir='ltr'><strong>Agrippina</strong></span> <span class='ocrx_word' id='word_1_47' title='bbox 1126 1444 1218 1511; x_wconf 88' lang='lat' dir='ltr'><strong>ergo,</strong></span> <span class='ocrx_word' id='word_1_48' title='bbox 1240 1433 1422 1515; x_wconf 72' lang='lat' dir='ltr'><strong>astremum</strong></span> <span class='ocrx_word' id='word_1_49' title='bbox 1442 1426 1504 1489; x_wconf 92' lang='lat' dir='ltr'><strong>sibi</strong></span> <span class='ocrx_word' id='word_1_50' title='bbox 1523 1427 1640 1490; x_wconf 91' lang='lat' dir='ltr'><strong>instare</strong></span> <span class='ocrx_word' id='word_1_51' title='bbox 1660 1424 1843 1511; x_wconf 85' lang='lat' dir='ltr'><strong>periculum</strong></span> 
     </span>
     <span class='ocr_line' id='line_1_8' title="bbox 654 1549 771 1615; baseline 0.017 -22"><span class='ocrx_word' id='word_1_52' title='bbox 654 1549 771 1615; x_wconf 89' lang='lat' dir='ltr'><strong>gnara:</strong></span> 
     </span>
    </p>

    <p class='ocr_par' dir='ltr' id='par_1_4' title="bbox 584 1634 1843 2680">
     <span class='ocr_line' id='line_1_9' title="bbox 699 1634 1843 1725; baseline 0.002 -25"><span class='ocrx_word' id='word_1_53' title='bbox 699 1634 881 1721; x_wconf 84' lang='lat' dir='ltr'><strong>„Amplecti</strong></span> <span class='ocrx_word' id='word_1_54' title='bbox 901 1635 1138 1713; x_wconf 89' lang='lat' dir='ltr'><strong>Britannicum,</strong></span> <span class='ocrx_word' id='word_1_55' title='bbox 1158 1638 1254 1701; x_wconf 92' lang='lat' dir='ltr'><strong>robur</strong></span> <span class='ocrx_word' id='word_1_56' title='bbox 1273 1639 1387 1702; x_wconf 89' lang='lat' dir='ltr'><strong>aetatis</strong></span> <span class='ocrx_word' id='word_1_57' title='bbox 1407 1658 1503 1722; x_wconf 89' lang='lat' dir='ltr'><strong>quam</strong></span> <span class='ocrx_word' id='word_1_58' title='bbox 1525 1640 1758 1703; x_wconf 90' lang='lat' dir='ltr'><strong>maturrimum</strong></span> <span class='ocrx_word' id='word_1_59' title='bbox 1779 1660 1843 1725; x_wconf 82' lang='lat' dir='ltr'><strong>pre</strong></span> 
     </span>
     <span class='ocr_line' id='line_1_10' title="bbox 652 1740 1842 1828; baseline 0 -22"><span class='ocrx_word' id='word_1_60' title='bbox 652 1743 734 1817; x_wconf 91' lang='lat' dir='ltr'><strong>cari,</strong></span> <span class='ocrx_word' id='word_1_61' title='bbox 760 1740 854 1806; x_wconf 91' lang='lat' dir='ltr'><strong>modo</strong></span> <span class='ocrx_word' id='word_1_62' title='bbox 874 1740 913 1806; x_wconf 91' lang='lat' dir='ltr'><strong>ad</strong></span> <span class='ocrx_word' id='word_1_63' title='bbox 933 1741 1007 1806; x_wconf 87' lang='lat' dir='ltr'><strong>deos</strong></span> <span class='ocrx_word' id='word_1_64' title='bbox 1027 1741 1121 1806; x_wconf 92' lang='lat' dir='ltr'><strong>modo</strong></span> <span class='ocrx_word' id='word_1_65' title='bbox 1141 1742 1180 1806; x_wconf 91' lang='lat' dir='ltr'><strong>ad</strong></span> <span class='ocrx_word' id='word_1_66' title='bbox 1199 1745 1308 1828; x_wconf 88' lang='lat' dir='ltr'><strong>ipsum</strong></span> <span class='ocrx_word' id='word_1_67' title='bbox 1329 1740 1457 1807; x_wconf 84' lang='lat' dir='ltr'><strong>tendere</strong></span> <span class='ocrx_word' id='word_1_68' title='bbox 1477 1763 1607 1820; x_wconf 90' lang='lat' dir='ltr'><strong>manus,</strong></span> <span class='ocrx_word' id='word_1_69' title='bbox 1628 1742 1842 1819; x_wconf 74' lang='lat' dir='ltr'><strong>adolesceret,</strong></span> 
     </span>
     <span class='ocr_line' id='line_1_11' title="bbox 652 1845 1841 1932; baseline 0.002 -21"><span class='ocrx_word' id='word_1_70' title='bbox 652 1849 752 1932; x_wconf 89' lang='lat' dir='ltr'><strong>patris</strong></span> <span class='ocrx_word' id='word_1_71' title='bbox 771 1848 918 1912; x_wconf 89' lang='lat' dir='ltr'><strong>inimicos</strong></span> <span class='ocrx_word' id='word_1_72' title='bbox 935 1845 1122 1932; x_wconf 90' lang='lat' dir='ltr'><strong>depelleret,</strong></span> <span class='ocrx_word' id='word_1_73' title='bbox 1136 1851 1249 1912; x_wconf 89' lang='lat' dir='ltr'><strong>matris</strong></span> <span class='ocrx_word' id='word_1_74' title='bbox 1260 1851 1358 1913; x_wconf 85' lang='lat' dir='ltr'><strong>etiam</strong></span> <span class='ocrx_word' id='word_1_75' title='bbox 1370 1847 1588 1913; x_wconf 79' lang='lat' dir='ltr'><strong>interfectores</strong></span> <span class='ocrx_word' id='word_1_76' title='bbox 1600 1846 1841 1914; x_wconf 89' lang='lat' dir='ltr'><strong>ulcisceretur.”</strong></span> 
     </span>
     <span class='ocr_line' id='line_1_12' title="bbox 584 1953 1839 2041; baseline 0 -23"><span class='ocrx_word' id='word_1_77' title='bbox 584 1985 593 2000; x_wconf 92' lang='lat'><strong>·</strong></span> <span class='ocrx_word' id='word_1_78' title='bbox 697 1953 786 2018; x_wconf 92' lang='lat' dir='ltr'><strong>Num</strong></span> <span class='ocrx_word' id='word_1_79' title='bbox 806 1953 980 2039; x_wconf 89' lang='lat' dir='ltr'><strong>quidquam</strong></span> <span class='ocrx_word' id='word_1_80' title='bbox 1000 1961 1049 2019; x_wconf 89' lang='lat' dir='ltr'><strong>est</strong></span> <span class='ocrx_word' id='word_1_81' title='bbox 1068 1954 1237 2019; x_wconf 86' lang='lat' dir='ltr'><strong>absurdius</strong></span> <span class='ocrx_word' id='word_1_82' title='bbox 1255 1976 1352 2040; x_wconf 90' lang='lat' dir='ltr'><strong>quam</strong></span> <span class='ocrx_word' id='word_1_83' title='bbox 1372 1976 1509 2040; x_wconf 91' lang='lat' dir='ltr'><strong>puerum</strong></span> <span class='ocrx_word' id='word_1_84' title='bbox 1525 1957 1683 2018; x_wconf 78' lang='lat' dir='ltr'><strong>adhortari</strong></span> <span class='ocrx_word' id='word_1_85' title='bbox 1694 1964 1734 2020; x_wconf 91' lang='lat' dir='ltr'><strong>ut</strong></span> <span class='ocrx_word' id='word_1_86' title='bbox 1747 1976 1839 2041; x_wconf 90' lang='lat' dir='ltr'><strong>quam</strong></span> 
     </span>
     <span class='ocr_line' id='line_1_13' title="bbox 653 2057 1839 2147; baseline 0 -22"><span class='ocrx_word' id='word_1_87' title='bbox 653 2063 796 2147; x_wconf 93' lang='lat' dir='ltr'><strong>primum</strong></span> <span class='ocrx_word' id='word_1_88' title='bbox 823 2057 1000 2126; x_wconf 79' lang='lat' dir='ltr'><strong>adolescat?</strong></span> <span class='ocrx_word' id='word_1_89' title='bbox 1035 2061 1123 2138; x_wconf 87' lang='lat' dir='ltr'><strong>Non,</strong></span> <span class='ocrx_word' id='word_1_90' title='bbox 1156 2068 1193 2126; x_wconf 91' lang='lat' dir='ltr'><strong>ut</strong></span> <span class='ocrx_word' id='word_1_91' title='bbox 1222 2064 1342 2147; x_wconf 87' lang='lat' dir='ltr'><strong>opinor,</strong></span> <span class='ocrx_word' id='word_1_92' title='bbox 1375 2064 1405 2125; x_wconf 82' lang='grc' dir='ltr'><strong>ἐν</strong></span> <span class='ocrx_word' id='word_1_93' title='bbox 1436 2063 1546 2142; x_wconf 69' lang='grc' dir='ltr'><em>εὐχαῖς</em></span> <span class='ocrx_word' id='word_1_94' title='bbox 1579 2067 1669 2126; x_wconf 82' lang='grc' dir='ltr'><strong><em>τοῦτο</em></strong></span> <span class='ocrx_word' id='word_1_95' title='bbox 1700 2058 1780 2126; x_wconf 71' lang='grc' dir='ltr'><strong><em>εἶναι</em></strong></span> <span class='ocrx_word' id='word_1_96' title='bbox 1808 2062 1839 2125; x_wconf 78' lang='lat' dir='ltr'><strong>sl</strong></span> 
     </span>
     <span class='ocr_line' id='line_1_14' title="bbox 654 2166 1839 2254; baseline 0 -24"><span class='ocrx_word' id='word_1_97' title='bbox 654 2172 790 2247; x_wconf 68' lang='grc' dir='ltr'><strong>πρᾶγμα</strong></span> <span class='ocrx_word' id='word_1_98' title='bbox 821 2166 937 2232; x_wconf 90' lang='lat' dir='ltr'><strong>callida</strong></span> <span class='ocrx_word' id='word_1_99' title='bbox 967 2166 1085 2232; x_wconf 90' lang='lat' dir='ltr'><strong>mulier</strong></span> <span class='ocrx_word' id='word_1_100' title='bbox 1114 2168 1300 2254; x_wconf 79' lang='lat' dir='ltr'><strong>ignorabat,</strong></span> <span class='ocrx_word' id='word_1_101' title='bbox 1332 2168 1416 2253; x_wconf 88' lang='lat' dir='ltr'><strong>quod</strong></span> <span class='ocrx_word' id='word_1_102' title='bbox 1447 2175 1480 2233; x_wconf 86' lang='lat' dir='ltr'><strong>et</strong></span> <span class='ocrx_word' id='word_1_103' title='bbox 1510 2168 1733 2253; x_wconf 89' lang='lat' dir='ltr'><strong>praecedentia</strong></span> <span class='ocrx_word' id='word_1_104' title='bbox 1757 2170 1839 2232; x_wconf 74' lang='lat' dir='ltr'><strong>robur</strong></span> 
     </span>
     <span class='ocr_line' id='line_1_15' title="bbox 653 2274 1838 2358; baseline 0.001 -21"><span class='ocrx_word' id='word_1_105' title='bbox 653 2275 763 2338; x_wconf 80' lang='lat' dir='ltr'><strong>aetatis</strong></span> <span class='ocrx_word' id='word_1_106' title='bbox 791 2296 878 2358; x_wconf 81' lang='lat' dir='ltr'><strong>quone</strong></span> <span class='ocrx_word' id='word_1_107' title='bbox 907 2275 1112 2337; x_wconf 80' lang='lat' dir='ltr'><strong>maturrimum</strong></span> <span class='ocrx_word' id='word_1_108' title='bbox 1137 2275 1261 2356; x_wconf 78' lang='lat' dir='ltr'><strong>precari</strong></span> <span class='ocrx_word' id='word_1_109' title='bbox 1292 2280 1460 2341; x_wconf 85' lang='lat' dir='ltr'><strong>testantur.</strong></span> <span class='ocrx_word' id='word_1_110' title='bbox 1491 2274 1628 2338; x_wconf 76' lang='lat' dir='ltr'><strong>Etiamsi</strong></span> <span class='ocrx_word' id='word_1_111' title='bbox 1660 2277 1694 2339; x_wconf 93' lang='lat' dir='ltr'><strong>in</strong></span> <span class='ocrx_word' id='word_1_112' title='bbox 1730 2274 1788 2339; x_wconf 85' lang='lat' dir='ltr'><strong>tali</strong></span> <span class='ocrx_word' id='word_1_113' title='bbox 1809 2295 1838 2338; x_wconf 94' lang='lat' dir='ltr'><strong>re</strong></span> 
     </span>
     <span class='ocr_line' id='line_1_16' title="bbox 654 2379 1838 2468; baseline 0.001 -23"><span class='ocrx_word' id='word_1_114' title='bbox 654 2379 829 2464; x_wconf 88' lang='lat' dir='ltr'><strong>quidquam</strong></span> <span class='ocrx_word' id='word_1_115' title='bbox 861 2379 1018 2446; x_wconf 89' lang='lat' dir='ltr'><strong>monendo</strong></span> <span class='ocrx_word' id='word_1_116' title='bbox 1043 2388 1075 2445; x_wconf 88' lang='lat' dir='ltr'><strong>st</strong></span> <span class='ocrx_word' id='word_1_117' title='bbox 1098 2381 1258 2445; x_wconf 90' lang='lat' dir='ltr'><strong>incitando</strong></span> <span class='ocrx_word' id='word_1_118' title='bbox 1282 2380 1496 2465; x_wconf 83' lang='lat' dir='ltr'><strong>proficeretur,</strong></span> <span class='ocrx_word' id='word_1_119' title='bbox 1520 2388 1626 2446; x_wconf 91' lang='lat' dir='ltr'><strong>tamen</strong></span> <span class='ocrx_word' id='word_1_120' title='bbox 1651 2388 1722 2446; x_wconf 91' lang='lat' dir='ltr'><strong>tam</strong></span> <span class='ocrx_word' id='word_1_121' title='bbox 1746 2402 1838 2468; x_wconf 81' lang='lat' dir='ltr'><strong>parvo</strong></span> 
     </span>
     <span class='ocr_line' id='line_1_17' title="bbox 653 2486 1838 2574; baseline 0.002 -24"><span class='ocrx_word' id='word_1_122' title='bbox 653 2489 756 2572; x_wconf 88' lang='lat' dir='ltr'><strong>spatio</strong></span> <span class='ocrx_word' id='word_1_123' title='bbox 788 2487 837 2550; x_wconf 93' lang='lat' dir='ltr'><strong>bis</strong></span> <span class='ocrx_word' id='word_1_124' title='bbox 867 2486 999 2551; x_wconf 90' lang='lat' dir='ltr'><strong>eandem</strong></span> <span class='ocrx_word' id='word_1_125' title='bbox 1032 2507 1100 2551; x_wconf 92' lang='lat' dir='ltr'><strong>rem</strong></span> <span class='ocrx_word' id='word_1_126' title='bbox 1123 2486 1303 2573; x_wconf 87' lang='lat' dir='ltr'><strong>significare</strong></span> <span class='ocrx_word' id='word_1_127' title='bbox 1326 2486 1467 2573; x_wconf 80' lang='lat' dir='ltr'><strong>eleganti</strong></span> <span class='ocrx_word' id='word_1_128' title='bbox 1490 2489 1644 2572; x_wconf 87' lang='lat' dir='ltr'><strong>scriptore</strong></span> <span class='ocrx_word' id='word_1_129' title='bbox 1667 2487 1838 2574; x_wconf 88' lang='lat' dir='ltr'><strong>indignum</strong></span> 
     </span>
     <span class='ocr_line' id='line_1_18' title="bbox 653 2591 1798 2680; baseline 0.003 -24"><span class='ocrx_word' id='word_1_130' title='bbox 653 2592 746 2658; x_wconf 88' lang='lat' dir='ltr'><strong>soret.</strong></span> <span class='ocrx_word' id='word_1_131' title='bbox 771 2591 918 2658; x_wconf 84' lang='lat' dir='ltr'><strong>Facessat</strong></span> <span class='ocrx_word' id='word_1_132' title='bbox 941 2615 1018 2680; x_wconf 90' lang='lat' dir='ltr'><strong>ergo</strong></span> <span class='ocrx_word' id='word_1_133' title='bbox 1042 2594 1221 2657; x_wconf 80' lang='lat' dir='ltr'><strong>adolesceret</strong></span> <span class='ocrx_word' id='word_1_134' title='bbox 1244 2615 1298 2670; x_wconf 90' lang='lat' dir='ltr'><strong>eo,</strong></span> <span class='ocrx_word' id='word_1_135' title='bbox 1322 2593 1405 2658; x_wconf 90' lang='lat' dir='ltr'><strong>unde</strong></span> <span class='ocrx_word' id='word_1_136' title='bbox 1427 2592 1512 2658; x_wconf 89' lang='lat' dir='ltr'><strong>male</strong></span> <span class='ocrx_word' id='word_1_137' title='bbox 1534 2593 1648 2678; x_wconf 90' lang='lat' dir='ltr'><strong>pedem</strong></span> <span class='ocrx_word' id='word_1_138' title='bbox 1672 2594 1798 2660; x_wconf 89' lang='lat' dir='ltr'><strong>intulit.</strong></span> 
     </span>
    </p>

    <p class='ocr_par' dir='ltr' id='par_1_5' title="bbox 700 2696 1838 2784">
     <span class='ocr_line' id='line_1_19' title="bbox 700 2696 1838 2784; baseline 0.003 -22"><span class='ocrx_word' id='word_1_139' title='bbox 700 2699 736 2763; x_wconf 84' lang='lat' dir='ltr'><strong>A.</strong></span> <span class='ocrx_word' id='word_1_140' title='bbox 761 2698 850 2776; x_wconf 89' lang='lat' dir='ltr'><strong>XIII,</strong></span> <span class='ocrx_word' id='word_1_141' title='bbox 877 2697 929 2764; x_wconf 80' lang='lat'><strong>31.</strong></span> <span class='ocrx_word' id='word_1_142' title='bbox 961 2696 1064 2765; x_wconf 77' lang='lat' dir='ltr'><strong>(lausa</strong></span> <span class='ocrx_word' id='word_1_143' title='bbox 1094 2699 1197 2764; x_wconf 91' lang='lat' dir='ltr'><strong>denuo</strong></span> <span class='ocrx_word' id='word_1_144' title='bbox 1226 2703 1311 2764; x_wconf 90' lang='lat' dir='ltr'><strong>inter</strong></span> <span class='ocrx_word' id='word_1_145' title='bbox 1333 2700 1493 2764; x_wconf 92' lang='lat' dir='ltr'><strong>Romanos</strong></span> <span class='ocrx_word' id='word_1_146' title='bbox 1516 2698 1718 2784; x_wconf 88' lang='lat' dir='ltr'><strong>Parthosque</strong></span> <span class='ocrx_word' id='word_1_147' title='bbox 1743 2702 1838 2765; x_wconf 82' lang='lat' dir='ltr'><strong>exorti</strong></span> 
     </span>
    </p>
   </div>
   <div class='ocr_carea' id='block_1_3' title="bbox 654 2803 1837 2999">
    <p class='ocr_par' dir='ltr' id='par_1_6' title="bbox 654 2803 1837 2999">
     <span class='ocr_line' id='line_1_20' title="bbox 654 2803 1837 2892; baseline 0.001 -23"><span class='ocrx_word' id='word_1_148' title='bbox 654 2805 730 2871; x_wconf 87' lang='lat' dir='ltr'><strong>belli</strong></span> <span class='ocrx_word' id='word_1_149' title='bbox 759 2806 836 2872; x_wconf 87' lang='lat' dir='ltr'><strong>baso</strong></span> <span class='ocrx_word' id='word_1_150' title='bbox 867 2813 951 2881; x_wconf 87' lang='lat' dir='ltr'><strong>erat,</strong></span> <span class='ocrx_word' id='word_1_151' title='bbox 984 2806 1068 2891; x_wconf 94' lang='lat' dir='ltr'><strong>quod</strong></span> <span class='ocrx_word' id='word_1_152' title='bbox 1099 2809 1168 2890; x_wconf 89' lang='lat' dir='ltr'><strong>ipse</strong></span> <span class='ocrx_word' id='word_1_153' title='bbox 1191 2803 1382 2892; x_wconf 77' lang='lat' dir='ltr'><strong>Vologaesus</strong></span> <span class='ocrx_word' id='word_1_154' title='bbox 1406 2808 1474 2870; x_wconf 92' lang='lat' dir='ltr'><strong>suis</strong></span> <span class='ocrx_word' id='word_1_155' title='bbox 1495 2807 1595 2890; x_wconf 90' lang='lat' dir='ltr'><strong>copiis</strong></span> <span class='ocrx_word' id='word_1_156' title='bbox 1620 2804 1786 2872; x_wconf 76' lang='lat' dir='ltr'><strong>Tiridaten</strong></span> <span class='ocrx_word' id='word_1_157' title='bbox 1807 2809 1837 2870; x_wconf 92' lang='lat' dir='ltr'><strong>in</strong></span> 
     </span>
     <span class='ocr_line' id='line_1_21' title="bbox 654 2910 1512 2999; baseline -0.003 -20"><span class='ocrx_word' id='word_1_158' title='bbox 654 2915 822 2979; x_wconf 82' lang='lat' dir='ltr'><strong>Armeniae</strong></span> <span class='ocrx_word' id='word_1_159' title='bbox 846 2933 982 2999; x_wconf 90' lang='lat' dir='ltr'><strong>regnum</strong></span> <span class='ocrx_word' id='word_1_160' title='bbox 1006 2912 1161 2978; x_wconf 88' lang='lat' dir='ltr'><strong>deducere</strong></span> <span class='ocrx_word' id='word_1_161' title='bbox 1184 2912 1332 2998; x_wconf 90' lang='lat' dir='ltr'><strong>cupiebat</strong></span> <span class='ocrx_word' id='word_1_162' title='bbox 1355 2922 1388 2978; x_wconf 92' lang='lat' dir='ltr'><strong>et</strong></span> <span class='ocrx_word' id='word_1_163' title='bbox 1411 2910 1512 2997; x_wconf 89' lang='lat' dir='ltr'><strong>quod:</strong></span> 
     </span>
    </p>
   </div>
   <div class='ocr_carea' id='block_1_4' title="bbox 652 3018 1838 4913">
    <p class='ocr_par' dir='ltr' id='par_1_7' title="bbox 652 3018 1838 3316">
     <span class='ocr_line' id='line_1_22' title="bbox 700 3018 1838 3104; baseline 0 -21"><span class='ocrx_word' id='word_1_164' title='bbox 700 3021 864 3095; x_wconf 86' lang='lat' dir='ltr'><strong>,Armenii</strong></span> <span class='ocrx_word' id='word_1_165' title='bbox 894 3019 1046 3104; x_wconf 89' lang='lat' dir='ltr'><strong>ambigua</strong></span> <span class='ocrx_word' id='word_1_166' title='bbox 1076 3018 1137 3084; x_wconf 89' lang='lat' dir='ltr'><strong>lide</strong></span> <span class='ocrx_word' id='word_1_167' title='bbox 1161 3025 1297 3103; x_wconf 89' lang='lat' dir='ltr'><strong>utraque</strong></span> <span class='ocrx_word' id='word_1_168' title='bbox 1321 3039 1410 3083; x_wconf 90' lang='lat' dir='ltr'><strong>arma</strong></span> <span class='ocrx_word' id='word_1_169' title='bbox 1432 3019 1630 3094; x_wconf 85' lang='lat' dir='ltr'><strong>invitabant,</strong></span> <span class='ocrx_word' id='word_1_170' title='bbox 1657 3020 1725 3083; x_wconf 93' lang='lat' dir='ltr'><strong>situ</strong></span> <span class='ocrx_word' id='word_1_171' title='bbox 1750 3027 1838 3084; x_wconf 81' lang='lat' dir='ltr'><strong>terra·</strong></span> 
     </span>
     <span class='ocr_line' id='line_1_23' title="bbox 652 3123 1838 3210; baseline -0.002 -21"><span class='ocrx_word' id='word_1_172' title='bbox 652 3146 742 3199; x_wconf 89' lang='lat' dir='ltr'><strong>rum,</strong></span> <span class='ocrx_word' id='word_1_173' title='bbox 775 3123 988 3189; x_wconf 88' lang='lat' dir='ltr'><strong>similitudine</strong></span> <span class='ocrx_word' id='word_1_174' title='bbox 1005 3146 1147 3189; x_wconf 82' lang='lat' dir='ltr'><strong>morum</strong></span> <span class='ocrx_word' id='word_1_175' title='bbox 1178 3124 1306 3189; x_wconf 88' lang='lat' dir='ltr'><strong>Parthis</strong></span> <span class='ocrx_word' id='word_1_176' title='bbox 1335 3126 1498 3209; x_wconf 87' lang='lat' dir='ltr'><strong>propiores</strong></span> <span class='ocrx_word' id='word_1_177' title='bbox 1521 3124 1755 3209; x_wconf 89' lang='lat' dir='ltr'><strong>connubiisqne</strong></span> <span class='ocrx_word' id='word_1_178' title='bbox 1778 3145 1838 3210; x_wconf 89' lang='lat' dir='ltr'><strong>per·</strong></span> 
     </span>
     <span class='ocr_line' id='line_1_24' title="bbox 654 3228 1836 3316; baseline 0.003 -23"><span class='ocrx_word' id='word_1_179' title='bbox 654 3232 749 3294; x_wconf 82' lang='lat' dir='ltr'><strong>mixti</strong></span> <span class='ocrx_word' id='word_1_180' title='bbox 773 3251 809 3295; x_wconf 91' lang='lat' dir='ltr'><strong>ao</strong></span> <span class='ocrx_word' id='word_1_181' title='bbox 832 3230 979 3295; x_wconf 91' lang='lat' dir='ltr'><strong>libertate</strong></span> <span class='ocrx_word' id='word_1_182' title='bbox 1002 3233 1113 3316; x_wconf 86' lang='lat' dir='ltr'><strong>ignota</strong></span> <span class='ocrx_word' id='word_1_183' title='bbox 1136 3231 1219 3294; x_wconf 79' lang='lat' dir='ltr'><strong>illud</strong></span> <span class='ocrx_word' id='word_1_184' title='bbox 1241 3232 1346 3315; x_wconf 90' lang='lat' dir='ltr'><strong>magis</strong></span> <span class='ocrx_word' id='word_1_185' title='bbox 1369 3230 1408 3294; x_wconf 92' lang='lat' dir='ltr'><strong>ad</strong></span> <span class='ocrx_word' id='word_1_186' title='bbox 1429 3231 1598 3294; x_wconf 88' lang='lat' dir='ltr'><strong>servitium</strong></span> <span class='ocrx_word' id='word_1_187' title='bbox 1616 3228 1836 3296; x_wconf 89' lang='lat' dir='ltr'><strong>inclinantes.”</strong></span> 
     </span>
    </p>

    <p class='ocr_par' dir='ltr' id='par_1_8' title="bbox 652 3317 1837 4913">
     <span class='ocr_line' id='line_1_25' title="bbox 696 3317 1836 3423; baseline -0.001 -21"><span class='ocrx_word' id='word_1_188' title='bbox 696 3336 749 3402; x_wconf 81' lang='lat' dir='ltr'><strong>Sic</strong></span> <span class='ocrx_word' id='word_1_189' title='bbox 772 3317 918 3423; x_wconf 87' lang='lat' dir='ltr'><strong>Lipsius,</strong></span> <span class='ocrx_word' id='word_1_190' title='bbox 941 3358 1036 3421; x_wconf 88' lang='lat' dir='ltr'><strong>quem</strong></span> <span class='ocrx_word' id='word_1_191' title='bbox 1055 3335 1198 3422; x_wconf 91' lang='lat' dir='ltr'><strong>plerique</strong></span> <span class='ocrx_word' id='word_1_192' title='bbox 1218 3342 1397 3421; x_wconf 91' lang='lat' dir='ltr'><strong>sequuntur</strong></span> <span class='ocrx_word' id='word_1_193' title='bbox 1415 3335 1567 3412; x_wconf 88' lang='lat' dir='ltr'><strong>editores,</strong></span> <span class='ocrx_word' id='word_1_194' title='bbox 1589 3338 1719 3400; x_wconf 89' lang='lat' dir='ltr'><strong>namin</strong></span> <span class='ocrx_word' id='word_1_195' title='bbox 1740 3336 1836 3401; x_wconf 84' lang='lat' dir='ltr'><strong>codice</strong></span> 
     </span>
     <span class='ocr_line' id='line_1_26' title="bbox 653 3441 1837 3529; baseline -0.004 -19"><span class='ocrx_word' id='word_1_196' title='bbox 653 3451 702 3510; x_wconf 92' lang='lat' dir='ltr'><strong>est</strong></span> <span class='ocrx_word' id='word_1_197' title='bbox 725 3444 809 3508; x_wconf 81' lang='lat' dir='ltr'><strong>illue.</strong></span> <span class='ocrx_word' id='word_1_198' title='bbox 834 3444 895 3509; x_wconf 83' lang='lat' dir='ltr'><strong>Sed</strong></span> <span class='ocrx_word' id='word_1_199' title='bbox 918 3444 1000 3506; x_wconf 80' lang='lat' dir='ltr'><strong>illud</strong></span> <span class='ocrx_word' id='word_1_200' title='bbox 1021 3446 1063 3507; x_wconf 82' lang='lat' dir='ltr'><strong>od</strong></span> <span class='ocrx_word' id='word_1_201' title='bbox 1080 3443 1234 3507; x_wconf 66' lang='lat' dir='ltr'><strong>sevitium</strong></span> <span class='ocrx_word' id='word_1_202' title='bbox 1253 3464 1353 3527; x_wconf 90' lang='lat' dir='ltr'><strong>neque</strong></span> <span class='ocrx_word' id='word_1_203' title='bbox 1373 3441 1534 3529; x_wconf 78' lang='lat' dir='ltr'><strong>eleganter</strong></span> <span class='ocrx_word' id='word_1_204' title='bbox 1553 3463 1654 3527; x_wconf 88' lang='lat' dir='ltr'><strong>neque</strong></span> <span class='ocrx_word' id='word_1_205' title='bbox 1674 3446 1837 3528; x_wconf 87' lang='lat' dir='ltr'><strong>perspicue</strong></span> 
     </span>
     <span class='ocr_line' id='line_1_27' title="bbox 653 3548 1835 3636; baseline -0.003 -21"><span class='ocrx_word' id='word_1_206' title='bbox 653 3561 772 3635; x_wconf 74' lang='lat' dir='ltr'><strong>neque,</strong></span> <span class='ocrx_word' id='word_1_207' title='bbox 804 3550 887 3635; x_wconf 95' lang='lat' dir='ltr'><strong>quod</strong></span> <span class='ocrx_word' id='word_1_208' title='bbox 919 3552 1149 3636; x_wconf 84' lang='lat' dir='ltr'><strong>gravissimum</strong></span> <span class='ocrx_word' id='word_1_209' title='bbox 1182 3558 1245 3626; x_wconf 91' lang='lat' dir='ltr'><strong>est,</strong></span> <span class='ocrx_word' id='word_1_210' title='bbox 1276 3557 1421 3613; x_wconf 88' lang='lat' dir='ltr'><strong>accurate</strong></span> <span class='ocrx_word' id='word_1_211' title='bbox 1452 3548 1573 3616; x_wconf 91' lang='lat' dir='ltr'><strong>dictum</strong></span> <span class='ocrx_word' id='word_1_212' title='bbox 1598 3549 1740 3615; x_wconf 85' lang='lat' dir='ltr'><strong>videtur.</strong></span> <span class='ocrx_word' id='word_1_213' title='bbox 1772 3549 1835 3615; x_wconf 89' lang='lat' dir='ltr'><strong>Non</strong></span> 
     </span>
     <span class='ocr_line' id='line_1_28' title="bbox 653 3656 1835 3744; baseline -0.001 -22"><span class='ocrx_word' id='word_1_214' title='bbox 653 3664 786 3744; x_wconf 88' lang='lat' dir='ltr'><strong>possunt</strong></span> <span class='ocrx_word' id='word_1_215' title='bbox 809 3660 895 3723; x_wconf 90' lang='lat' dir='ltr'><strong>enim</strong></span> <span class='ocrx_word' id='word_1_216' title='bbox 919 3656 1066 3722; x_wconf 91' lang='lat' dir='ltr'><strong>hocloco</strong></span> <span class='ocrx_word' id='word_1_217' title='bbox 1087 3657 1149 3722; x_wconf 91' lang='lat' dir='ltr'><strong>duo</strong></span> <span class='ocrx_word' id='word_1_218' title='bbox 1169 3659 1252 3721; x_wconf 92' lang='lat' dir='ltr'><strong>inter</strong></span> <span class='ocrx_word' id='word_1_219' title='bbox 1272 3678 1305 3721; x_wconf 91' lang='lat' dir='ltr'><strong>se</strong></span> <span class='ocrx_word' id='word_1_220' title='bbox 1325 3657 1442 3741; x_wconf 91' lang='lat' dir='ltr'><strong>opponi</strong></span> <span class='ocrx_word' id='word_1_221' title='bbox 1461 3658 1607 3733; x_wconf 87' lang='lat' dir='ltr'><strong>servitia,</strong></span> <span class='ocrx_word' id='word_1_222' title='bbox 1628 3657 1715 3742; x_wconf 90' lang='lat' dir='ltr'><strong>quod</strong></span> <span class='ocrx_word' id='word_1_223' title='bbox 1735 3665 1835 3722; x_wconf 85' lang='lat' dir='ltr'><strong>tamen</strong></span> 
     </span>
     <span class='ocr_line' id='line_1_29' title="bbox 652 3762 1836 3847; baseline -0.001 -19"><span class='ocrx_word' id='word_1_224' title='bbox 652 3763 759 3840; x_wconf 88' lang='lat' dir='ltr'><strong>fieret,</strong></span> <span class='ocrx_word' id='word_1_225' title='bbox 790 3766 817 3827; x_wconf 92' lang='lat' dir='ltr'><strong>si</strong></span> <span class='ocrx_word' id='word_1_226' title='bbox 848 3765 993 3828; x_wconf 88' lang='lat' dir='ltr'><strong>Armenii</strong></span> <span class='ocrx_word' id='word_1_227' title='bbox 1023 3762 1062 3827; x_wconf 89' lang='lat' dir='ltr'><strong>ad</strong></span> <span class='ocrx_word' id='word_1_228' title='bbox 1092 3771 1203 3826; x_wconf 64' lang='lat' dir='ltr'><strong>cotem</strong></span> <span class='ocrx_word' id='word_1_229' title='bbox 1230 3762 1355 3847; x_wconf 78' lang='lat' dir='ltr'><strong>aliquod</strong></span> <span class='ocrx_word' id='word_1_230' title='bbox 1378 3765 1546 3828; x_wconf 88' lang='lat' dir='ltr'><strong>servitium</strong></span> <span class='ocrx_word' id='word_1_231' title='bbox 1571 3763 1665 3842; x_wconf 74' lang='lat' dir='ltr'><strong>mepte</strong></span> <span class='ocrx_word' id='word_1_232' title='bbox 1688 3762 1836 3829; x_wconf 89' lang='lat' dir='ltr'><strong>inclinare</strong></span> 
     </span>
     <span class='ocr_line' id='line_1_30' title="bbox 653 3866 1836 3954; baseline -0.002 -21"><span class='ocrx_word' id='word_1_233' title='bbox 653 3869 849 3936; x_wconf 84' lang='lat' dir='ltr'><strong>dicerentur:</strong></span> <span class='ocrx_word' id='word_1_234' title='bbox 874 3872 959 3933; x_wconf 88' lang='lat' dir='ltr'><strong>servi</strong></span> <span class='ocrx_word' id='word_1_235' title='bbox 982 3871 1067 3934; x_wconf 91' lang='lat' dir='ltr'><strong>enim</strong></span> <span class='ocrx_word' id='word_1_236' title='bbox 1089 3869 1282 3934; x_wconf 84' lang='lat' dir='ltr'><strong>Parthorum</strong></span> <span class='ocrx_word' id='word_1_237' title='bbox 1302 3889 1397 3954; x_wconf 88' lang='lat' dir='ltr'><strong>quam</strong></span> <span class='ocrx_word' id='word_1_238' title='bbox 1418 3868 1631 3933; x_wconf 87' lang='lat' dir='ltr'><strong>Romanorum</strong></span> <span class='ocrx_word' id='word_1_239' title='bbox 1653 3868 1725 3934; x_wconf 89' lang='lat' dir='ltr'><strong>fieri</strong></span> <span class='ocrx_word' id='word_1_240' title='bbox 1745 3866 1836 3934; x_wconf 89' lang='lat' dir='ltr'><strong>malle</strong></span> 
     </span>
     <span class='ocr_line' id='line_1_31' title="bbox 653 3974 1836 4061; baseline -0.003 -21"><span class='ocrx_word' id='word_1_241' title='bbox 653 3976 841 4041; x_wconf 88' lang='lat' dir='ltr'><strong>dicerentur.</strong></span> <span class='ocrx_word' id='word_1_242' title='bbox 874 3977 916 4039; x_wconf 88' lang='lat' dir='ltr'><strong>At</strong></span> <span class='ocrx_word' id='word_1_243' title='bbox 947 3977 1092 4040; x_wconf 86' lang='lat' dir='ltr'><strong>Armenii</strong></span> <span class='ocrx_word' id='word_1_244' title='bbox 1122 3997 1195 4041; x_wconf 92' lang='lat' dir='ltr'><strong>cum</strong></span> <span class='ocrx_word' id='word_1_245' title='bbox 1219 3976 1339 4040; x_wconf 86' lang='lat' dir='ltr'><strong>faciunt</strong></span> <span class='ocrx_word' id='word_1_246' title='bbox 1363 3975 1446 4059; x_wconf 93' lang='lat' dir='ltr'><strong>quod</strong></span> <span class='ocrx_word' id='word_1_247' title='bbox 1470 3974 1605 4040; x_wconf 87' lang='lat' dir='ltr'><strong>Romani</strong></span> <span class='ocrx_word' id='word_1_248' title='bbox 1629 3979 1782 4061; x_wconf 90' lang='lat' dir='ltr'><strong>cupiunt,</strong></span> <span class='ocrx_word' id='word_1_249' title='bbox 1804 3983 1836 4038; x_wconf 91' lang='lat' dir='ltr'><strong>ut</strong></span> 
     </span>
     <span class='ocr_line' id='line_1_32' title="bbox 652 4080 1835 4167; baseline -0.003 -19"><span class='ocrx_word' id='word_1_250' title='bbox 652 4104 762 4167; x_wconf 88' lang='lat' dir='ltr'><strong>regem</strong></span> <span class='ocrx_word' id='word_1_251' title='bbox 794 4103 812 4146; x_wconf 94' lang='lat' dir='ltr'><strong>a</strong></span> <span class='ocrx_word' id='word_1_252' title='bbox 843 4087 954 4146; x_wconf 90' lang='lat' dir='ltr'><strong>senatu</strong></span> <span class='ocrx_word' id='word_1_253' title='bbox 986 4081 1127 4146; x_wconf 85' lang='lat' dir='ltr'><strong>Romano</strong></span> <span class='ocrx_word' id='word_1_254' title='bbox 1159 4087 1285 4167; x_wconf 86' lang='lat' dir='ltr'><strong>petant,</strong></span> <span class='ocrx_word' id='word_1_255' title='bbox 1318 4083 1464 4166; x_wconf 90' lang='lat' dir='ltr'><strong>scriptori</strong></span> <span class='ocrx_word' id='word_1_256' title='bbox 1495 4080 1638 4146; x_wconf 88' lang='lat' dir='ltr'><strong>Romano</strong></span> <span class='ocrx_word' id='word_1_257' title='bbox 1669 4104 1734 4147; x_wconf 91' lang='lat' dir='ltr'><strong>non</strong></span> <span class='ocrx_word' id='word_1_258' title='bbox 1758 4083 1835 4146; x_wconf 86' lang='lat' dir='ltr'><strong>sarri</strong></span> 
     </span>
     <span class='ocr_line' id='line_1_33' title="bbox 653 4187 1835 4273; baseline -0.003 -19"><span class='ocrx_word' id='word_1_259' title='bbox 653 4189 721 4255; x_wconf 90' lang='lat' dir='ltr'><strong>fieri</strong></span> <span class='ocrx_word' id='word_1_260' title='bbox 763 4189 817 4253; x_wconf 90' lang='lat' dir='ltr'><strong>sed</strong></span> <span class='ocrx_word' id='word_1_261' title='bbox 851 4188 980 4273; x_wconf 88' lang='lat' dir='ltr'><strong>plenam</strong></span> <span class='ocrx_word' id='word_1_262' title='bbox 1015 4188 1251 4272; x_wconf 81' lang='lat' dir='ltr'><strong>perfectamque</strong></span> <span class='ocrx_word' id='word_1_263' title='bbox 1287 4190 1426 4272; x_wconf 88' lang='lat' dir='ltr'><strong>accipere</strong></span> <span class='ocrx_word' id='word_1_264' title='bbox 1460 4187 1642 4253; x_wconf 86' lang='lat' dir='ltr'><strong>libertatern</strong></span> <span class='ocrx_word' id='word_1_265' title='bbox 1680 4188 1835 4255; x_wconf 85' lang='lat' dir='ltr'><strong>videntur.</strong></span> 
     </span>
     <span class='ocr_line' id='line_1_34' title="bbox 655 4293 1836 4380; baseline -0.004 -21"><span class='ocrx_word' id='word_1_266' title='bbox 655 4296 845 4360; x_wconf 86' lang='lat' dir='ltr'><strong>Parthorum</strong></span> <span class='ocrx_word' id='word_1_267' title='bbox 869 4293 925 4358; x_wconf 91' lang='lat' dir='ltr'><strong>ille</strong></span> <span class='ocrx_word' id='word_1_268' title='bbox 949 4316 1001 4359; x_wconf 92' lang='lat' dir='ltr'><strong>eos</strong></span> <span class='ocrx_word' id='word_1_269' title='bbox 1022 4316 1129 4366; x_wconf 81' lang='lat' dir='ltr'><strong>cervos.</strong></span> <span class='ocrx_word' id='word_1_270' title='bbox 1155 4301 1188 4359; x_wconf 89' lang='lat' dir='ltr'><strong>at</strong></span> <span class='ocrx_word' id='word_1_271' title='bbox 1211 4293 1427 4359; x_wconf 91' lang='lat' dir='ltr'><strong>Romanorum</strong></span> <span class='ocrx_word' id='word_1_272' title='bbox 1450 4294 1543 4358; x_wconf 82' lang='lat' dir='ltr'><strong>socios</strong></span> <span class='ocrx_word' id='word_1_273' title='bbox 1565 4295 1733 4380; x_wconf 77' lang='lat' dir='ltr'><strong>amicosque</strong></span> <span class='ocrx_word' id='word_1_274' title='bbox 1755 4295 1836 4359; x_wconf 92' lang='lat' dir='ltr'><strong>dicit.</strong></span> 
     </span>
     <span class='ocr_line' id='line_1_35' title="bbox 654 4400 1836 4487; baseline -0.003 -20"><span class='ocrx_word' id='word_1_275' title='bbox 654 4403 740 4487; x_wconf 81' lang='lat' dir='ltr'><strong>Ergo</strong></span> <span class='ocrx_word' id='word_1_276' title='bbox 763 4402 854 4478; x_wconf 77' lang='lat' dir='ltr'><strong>illuc,</strong></span> <span class='ocrx_word' id='word_1_277' title='bbox 880 4401 963 4485; x_wconf 92' lang='lat' dir='ltr'><strong>quod</strong></span> <span class='ocrx_word' id='word_1_278' title='bbox 984 4400 1140 4465; x_wconf 89' lang='lat' dir='ltr'><strong>traditum</strong></span> <span class='ocrx_word' id='word_1_279' title='bbox 1159 4407 1223 4478; x_wconf 91' lang='lat' dir='ltr'><strong>est,</strong></span> <span class='ocrx_word' id='word_1_280' title='bbox 1244 4400 1436 4466; x_wconf 87' lang='lat' dir='ltr'><strong>servandum</strong></span> <span class='ocrx_word' id='word_1_281' title='bbox 1455 4422 1516 4486; x_wconf 87' lang='lat' dir='ltr'><strong>ego</strong></span> <span class='ocrx_word' id='word_1_282' title='bbox 1537 4422 1665 4479; x_wconf 91' lang='lat' dir='ltr'><strong>censeo,</strong></span> <span class='ocrx_word' id='word_1_283' title='bbox 1687 4409 1722 4466; x_wconf 89' lang='lat' dir='ltr'><strong>at</strong></span> <span class='ocrx_word' id='word_1_284' title='bbox 1742 4400 1836 4466; x_wconf 88' lang='lat' dir='ltr'><strong>delen·</strong></span> 
     </span>
     <span class='ocr_line' id='line_1_36' title="bbox 655 4505 1836 4597; baseline -0.003 -25"><span class='ocrx_word' id='word_1_285' title='bbox 655 4509 732 4573; x_wconf 93' lang='lat' dir='ltr'><strong>dum</strong></span> <span class='ocrx_word' id='word_1_286' title='bbox 764 4510 805 4571; x_wconf 85' lang='lat' dir='ltr'><strong>ad</strong></span> <span class='ocrx_word' id='word_1_287' title='bbox 833 4507 995 4571; x_wconf 60' lang='lat' dir='ltr'><strong>‹seroitc&#39;m</strong></span> <span class='ocrx_word' id='word_1_288' title='bbox 1028 4506 1079 4571; x_wconf 82' lang='lat' dir='ltr'><strong>Sic</strong></span> <span class='ocrx_word' id='word_1_289' title='bbox 1111 4509 1218 4571; x_wconf 88' lang='lat' dir='ltr'><strong>omnia</strong></span> <span class='ocrx_word' id='word_1_290' title='bbox 1240 4505 1366 4571; x_wconf 77' lang='lat' dir='ltr'><strong>Tacitae</strong></span> <span class='ocrx_word' id='word_1_291' title='bbox 1390 4516 1484 4597; x_wconf 87' lang='lat' dir='ltr'><strong>eruut</strong></span> <span class='ocrx_word' id='word_1_292' title='bbox 1507 4508 1674 4572; x_wconf 87' lang='lat' dir='ltr'><strong>enuntiata</strong></span> <span class='ocrx_word' id='word_1_293' title='bbox 1698 4525 1836 4573; x_wconf 86' lang='lat' dir='ltr'><strong>sermone</strong></span> 
     </span>
     <span class='ocr_line' id='line_1_37' title="bbox 654 4611 1836 4680; baseline -0.003 -1"><span class='ocrx_word' id='word_1_294' title='bbox 654 4621 686 4679; x_wconf 89' lang='lat' dir='ltr'><strong>et</strong></span> <span class='ocrx_word' id='word_1_295' title='bbox 710 4614 852 4680; x_wconf 86' lang='lat' dir='ltr'><strong>Romani</strong></span> <span class='ocrx_word' id='word_1_296' title='bbox 882 4613 1026 4677; x_wconf 89' lang='lat' dir='ltr'><strong>homines</strong></span> <span class='ocrx_word' id='word_1_297' title='bbox 1056 4613 1193 4679; x_wconf 87' lang='lat' dir='ltr'><strong>referent</strong></span> <span class='ocrx_word' id='word_1_298' title='bbox 1220 4613 1388 4678; x_wconf 91' lang='lat' dir='ltr'><strong>iudicium.</strong></span> <span class='ocrx_word' id='word_1_299' title='bbox 1420 4612 1537 4678; x_wconf 89' lang='lat' dir='ltr'><strong>Multis</strong></span> <span class='ocrx_word' id='word_1_300' title='bbox 1567 4613 1662 4678; x_wconf 92' lang='lat' dir='ltr'><strong>rebus</strong></span> <span class='ocrx_word' id='word_1_301' title='bbox 1694 4611 1836 4678; x_wconf 82' lang='lat' dir='ltr'><strong>Armenii</strong></span> 
     </span>
     <span class='ocr_line' id='line_1_38' title="bbox 654 4718 1836 4806; baseline -0.003 -22"><span class='ocrx_word' id='word_1_302' title='bbox 654 4724 813 4806; x_wconf 89' lang='lat' dir='ltr'><strong>propiores</strong></span> <span class='ocrx_word' id='word_1_303' title='bbox 844 4719 972 4784; x_wconf 90' lang='lat' dir='ltr'><strong>Parthis</strong></span> <span class='ocrx_word' id='word_1_304' title='bbox 996 4739 1093 4803; x_wconf 91' lang='lat' dir='ltr'><strong>quam</strong></span> <span class='ocrx_word' id='word_1_305' title='bbox 1117 4718 1268 4784; x_wconf 90' lang='lat' dir='ltr'><strong>Romanis</strong></span> <span class='ocrx_word' id='word_1_306' title='bbox 1292 4727 1397 4795; x_wconf 87' lang='lat' dir='ltr'><strong>erant,</strong></span> <span class='ocrx_word' id='word_1_307' title='bbox 1423 4731 1455 4784; x_wconf 91' lang='lat' dir='ltr'><strong>et</strong></span> <span class='ocrx_word' id='word_1_308' title='bbox 1479 4720 1617 4782; x_wconf 78' lang='lat' dir='ltr'><strong>libertate</strong></span> <span class='ocrx_word' id='word_1_309' title='bbox 1639 4719 1744 4800; x_wconf 63' lang='grc' dir='ltr'><em>ἱρηοια</em></span> <span class='ocrx_word' id='word_1_310' title='bbox 1768 4719 1836 4782; x_wconf 78' lang='lat' dir='ltr'><strong>illac</strong></span> 
     </span>
     <span class='ocr_line' id='line_1_39' title="bbox 654 4824 1835 4913; baseline -0.002 -22"><span class='ocrx_word' id='word_1_311' title='bbox 654 4831 760 4913; x_wconf 89' lang='lat' dir='ltr'><strong>magis</strong></span> <span class='ocrx_word' id='word_1_312' title='bbox 780 4824 986 4890; x_wconf 91' lang='lat' dir='ltr'><strong>inclinabant.</strong></span> <span class='ocrx_word' id='word_1_313' title='bbox 1015 4825 1107 4889; x_wconf 92' lang='lat' dir='ltr'><strong>Nunc</strong></span> <span class='ocrx_word' id='word_1_314' title='bbox 1129 4848 1191 4891; x_wconf 91' lang='lat' dir='ltr'><strong>non</strong></span> <span class='ocrx_word' id='word_1_315' title='bbox 1214 4824 1277 4889; x_wconf 94' lang='lat' dir='ltr'><strong>duo</strong></span> <span class='ocrx_word' id='word_1_316' title='bbox 1300 4828 1386 4889; x_wconf 89' lang='lat' dir='ltr'><strong>inter</strong></span> <span class='ocrx_word' id='word_1_317' title='bbox 1407 4845 1440 4890; x_wconf 88' lang='lat' dir='ltr'><strong>so</strong></span> <span class='ocrx_word' id='word_1_318' title='bbox 1462 4833 1670 4909; x_wconf 87' lang='lat' dir='ltr'><strong>opponuntur</strong></span> <span class='ocrx_word' id='word_1_319' title='bbox 1693 4827 1835 4897; x_wconf 79' lang='lat' dir='ltr'><strong>servitia,</strong></span> 
     </span>
    </p>
   </div>
   <div class='ocr_carea' id='block_1_5' title="bbox 0 0 2268 5940">
    <p class='ocr_par' dir='ltr' id='par_1_9' title="bbox 0 0 2268 5940">
     <span class='ocr_line' id='line_1_40' title="bbox 0 0 2268 5940; baseline 0 0"><span class='ocrx_word' id='word_1_320' title='bbox 0 0 2268 5940; x_wconf 95' lang='lat' dir='ltr'><strong> </strong></span> 
     </span>
    </p>
   </div>
  </div>
 </body>
</html>
