4525 5950
1050 697 1224 746 someron.
1686 677 1729 747 27

534 866 718 944 Natorum,
751 864 836 950 quod
865 862 955 930 locus
976 864 1169 948 requiratur,
1194 861 1279 927 unde
1302 883 1429 948 quoquo
1452 883 1565 928 versus
1587 865 1733 948 aspectus

534 978 661 1058 pateat,
694 974 915 1037 conficientem
940 971 1084 1051 θροΦίιν
1107 972 1179 1035 iure
1202 968 1353 1035 refellunt
1376 970 1513 1036 editores
1537 969 1735 1037 animadver-

534 1077 633 1144 tendo
660 1077 786 1143 obstare
809 1076 958 1142 additum
981 1074 1098 1156 θύραζε.
1124 1075 1261 1161 Siquid
1284 1075 1498 1153 mutandum,
1521 1075 1639 1141 melius
1662 1097 1731 1142 eon·

534 1186 648 1251 iecoris
671 1181 834 1264 οθγροὺς.

583 1402 677 1484 Φ86.
709 1403 871 1468 Antinous
902 1401 943 1467 ad
973 1400 1154 1467 Eumaeum
1185 1406 1218 1466 et
1249 1397 1446 1477 bubulcum,
1479 1401 1535 1485 qui
1564 1405 1731 1486 conspecto

532 1510 605 1575 heri
628 1511 697 1586 sui,
720 1529 818 1594 quem
840 1510 973 1594 periisse
995 1513 1130 1593 putant,
1155 1527 1230 1572 arcu
1252 1504 1404 1571 lacrimas
1427 1505 1653 1590 profuderant:

718 1607 882 1690 οἶδεειλιθ,
906 1611 940 1677 τί
962 1635 994 1675 νυ
1018 1610 1113 1690 δάκρυ
1139 1610 1323 1687 κοοτείβετον
1346 1610 1397 1687 ἠδὲ
1421 1609 1544 1687 γννιοικί

718 1720 809 1796 θνμίν
834 1719 875 1783 ίνί
911 1720 1070 1792 στήθεσσιν
1092 1718 1237 1796 θρίνετον;
1263 1713 1282 1798 ὅ
1305 1739 1340 1779 τε
1364 1716 1417 1780 κσί
1442 1713 1547 1787 ἄλλοις

719 1832 819 1889 κεῖται
844 1824 874 1887 ίν
897 1822 1013 1902 θλγεσι
1038 1821 1150 1901 θνμίς,
1175 1823 1240 1887 ἕτεί
1265 1823 1358 1902 φίλον
1383 1821 1472 1887 ὤλετ’
1497 1824 1631 1896 οίκοίτνν.

719 1929 793 1995 ἀλλ’
816 1930 914 1995 θκὲοιν
937 1929 1131 1994 δαίνυσθε
1155 1928 1338 2006 καθήμενοι,
1363 1931 1395 2005 ὴὲ
1420 1927 1528 2008 θιίριιζε

718 2038 861 2100 κλαίετον
885 2032 1041 2110 ε’ξελθίντε
1064 2035 1137 2101 κοτ’
1162 2035 1267 2100 οὖσθθι
1291 2034 1369 2112 τθξοι
1392 2034 1529 2099 λιτθντε.

531 2143 572 2208 Iu
602 2147 745 2209 extremo
775 2141 859 2208 libro
890 2141 1092 2228 praecedenti
1120 2146 1371 2207 commemorata
1400 2147 1449 2206 est
1480 2161 1574 2207 cenae
1602 2163 1729 2228 praepa-

530 2252 634 2326 ratio,
657 2248 713 2314 sed
735 2251 925 2334 priusquam
948 2254 1079 2326 cenant,
1108 2251 1196 2335 proci
1220 2253 1348 2314 auctore
1374 2246 1529 2332 Penelope
1552 2248 1728 2332 sagittandi

532 2376 592 2440 per
614 2375 740 2420 secures
759 2361 918 2421 certamen
937 2353 1182 2440 aggrediuntur,
1202 2357 1312 2440 itaque
1331 2355 1468 2440 permira
1486 2355 1518 2418 h.
1531 2351 1554 2418 l.
1567 2353 1730 2419 Eumaeus

535 2464 569 2525 et
592 2458 773 2525 Philoetius
796 2454 968 2545 tranquille
992 2479 1102 2525 cenare
1125 2460 1288 2526 iubentur.

582 2566 672 2631 Num
706 2566 787 2631 forte
822 2566 876 2630 hio
909 2563 999 2631 locus
1028 2564 1135 2630 labem
1165 2567 1310 2650 concepit
1341 2586 1380 2630 ex
1411 2564 1574 2630 similibus
1603 2564 1725 2643 cell,

536 2669 636 2748 5195
660 2671 713 2749 (cf.
740 2670 819 2752 110)
842 2675 873 2735 et
899 2671 1050 2755 primitus
1072 2671 1153 2736 fuit:

722 2776 796 2842 ἄλλ’
821 2775 918 2839 οἰκέων
944 2800 983 2840 νυ
1007 2773 1177 2853 γίνεσθε
1201 2774 1363 2853 κοοθνμίνοι
1387 2775 1463 2853 xri„

535 2881 651 2948 collata
674 2887 750 2947 nota
771 2879 911 2947 formula
934 2879 1011 2954 οὶκίιν
1037 2879 1175 2959 ἐγίνοντο
1184 2881 1203 2944 ί

579 3085 673 3166 χ21.
696 3084 866 3150 interiecto
889 3085 1030 3150 Antinoo

1243 3190 1287 3254 τοί
1313 3189 1338 3254 θ’
1363 3189 1524 3269 ὃμοίθκσοον

717 3302 886 3375 μνηστῆρες
912 3296 1021 3359 κοινοὶ
1045 3294 1173 3372 δῶμα,
1198 3295 1263 3360 ἒτεί
1289 3296 1362 3360 τίδον
1387 3295 1481 3375 ἄνδρα
1507 3293 1658 3372 τεσίντοι,

718 3401 754 3464 ἐκ
777 3400 809 3464 δὲ
832 3401 935 3480 θρόνων
959 3397 1123 3478 ιίνίρονσοιν
1147 3400 1307 3479 ὀρινθέντες
1333 3401 1440 3466 κοντοὶ
1464 3400 1574 3477 δῶμα

717 3506 852 3570 πάντοσε
876 3505 1103 3575 τοττοιίνοντες
1129 3504 1162 3570 ἐὺ
1186 3505 1318 3583 δμκτοὺς
1343 3507 1414 3572 τοτί
1439 3507 1573 3586 τοίχους.

533 3613 707 3679 Manifesta
737 3611 945 3678 librariorum
975 3633 1080 3678 errore
1103 3633 1167 3678 vor
1191 3612 1279 3690 δῶμεν
1303 3615 1440 3700 repetita
1464 3619 1522 3679 est.
1554 3612 1670 3691 Paeto,
1695 3616 1730 3678 ni

533 3719 639 3799 fallor,
664 3719 793 3785 dederat

1147 3825 1306 3904 θρινθίντες
1330 3826 1437 3890 κοιτίο
1461 3825 1584 3902 ίνμίν
1607 3827 1672 3890 xri.

531 3938 571 3997 ut
605 3932 727 4016 passim
761 3927 883 4016 legitur
919 3929 1011 4006 θυμὸν
1045 3923 1142 4008 (ἦτορ,
1179 3938 1246 4011 κῆρ)
1282 3931 1393 4011 θρίνειν.
1430 3931 1619 3996 Rectissime
1650 3952 1726 3998 vero

529 4035 640 4118 2360
663 4034 786 4121 legitur
809 4033 962 4116 ὀρινομένῳ
986 4035 1071 4099 κοινοὶ
1095 4034 1198 4113 θῶμα,
1223 4039 1279 4121 qui
1301 4035 1390 4102 loeus
1414 4036 1546 4102 fortasse
1568 4038 1644 4102 huic
1662 4038 1726 4102 fuit

530 4144 740 4228 perniciosus.
776 4140 1082 4226 Frequentissimam
1114 4162 1182 4206 esse
1214 4142 1299 4227 apud
1333 4141 1516 4207 Homerum
1550 4142 1724 4208 formulam

530 4248 618 4314 κιττοὶ
639 4245 731 4323 θυμίν
753 4266 848 4312 nemo
870 4248 1009 4332 ignorat.

576 4463 672 4544 255.
762 4464 844 4544 οίτίιρ
867 4461 941 4539 ἦμες
966 4462 1087 4528 θτισθεν
1112 4464 1388 4541 οίκεσσοίμενοι
1414 4467 1499 4531 κοντοὶ
1523 4468 1616 4544 δῆμον

714 4566 792 4633 icoo
816 4593 860 4634 τοι
887 4569 1057 4635 ε’κτίτοτσι
1081 4571 1134 4634 κοιί
1159 4569 1298 4645 ἐδήδετοοι
1323 4572 1353 4635 ε’ν
1376 4572 1559 4653 μεγάροισι,

715 4678 807 4752 τιμίςν
829 4676 933 4755 ἀμφίς
959 4673 1089 4753 ἄγοντες
1114 4677 1313 4754 ἐνεικοσίβοιοι
1337 4677 1499 4758 τίκοοστος,

715 4780 838 4861 χολκίν
860 4807 895 4847 τε
919 4780 1033 4862 χρυσίν
1056 4788 1086 4845 τ’
1111 4779 1319 4863 ἀποδώσομεν,
1346 4785 1410 4849 nri.
