4525 5950
915 695 1155 746 uuuosuums.
1563 678 1627 744 441

483 861 590 946 §180
622 883 653 948 p.
680 858 763 928 756:
797 862 955 943 σκέψαισθε
984 867 1021 934 ὡς
1054 865 1140 928 καλοὶ
1174 864 1225 927 καὶ
1259 862 1371 944 ζηλώτ’
1396 861 1628 942 ἐπιγράμματα

438 976 494 1042 τῆς
527 968 643 1041 πόλεως
676 972 802 1048 α’νελών,
833 971 871 1042 ὥς
904 971 1006 1048 ἀσεβῆ
1031 971 1082 1035 καὶ
1107 971 1190 1035 δεινοὶ
1215 971 1543 1049 ἀντεπέγραψεν,
1567 969 1629 1033 An·

437 1074 521 1140 drot.
545 1073 619 1159 §72
642 1098 673 1161 p.
699 1075 764 1142 616
789 1076 928 1164 legitur:
961 1076 1348 1155 ἀντεπιγέγραφεν,
1371 1075 1457 1163 quod
1481 1074 1629 1162 equidem

437 1181 538 1268 longe
561 1183 719 1267 praefero,
744 1187 871 1250 etiamsi
896 1183 1038 1249 Blessius
1061 1182 1155 1249 aliter
1176 1185 1301 1248 sentiet.

485 1405 503 1488 ᾖ
526 1402 588 1468 161
615 1425 647 1488 p.
669 1399 734 1469 756
756 1430 797 1456 =
819 1403 951 1471 Androt.
976 1402 1054 1488 §73
1078 1424 1109 1489 p.
1136 1400 1218 1468 616:
1244 1399 1277 1467 οὖ
1299 1401 1334 1466 τὸ
1358 1402 1449 1477 σῶμα
1475 1401 1628 1480 ἧταιρνιιό·

436 1534 491 1583 τος
521 1513 576 1576 οὐκ
608 1511 691 1574 ἐῶσιν
722 1512 748 1575 οἱ
780 1511 863 1585 νόμοι
898 1513 941 1583 εἷς
963 1512 1005 1576 τοὶ
1031 1512 1098 1590 ιἐριὶ
1122 1511 1267 1588 εἰσιέναι,
1289 1509 1395 1574 τούτου
1418 1506 1552 1585 τοῦνομα
1576 1509 1628 1592 [ἐν

436 1627 525 1688 τοῖς
558 1614 698 1704 ἱεροῖς]
729 1618 778 1681 ἐπὶ
803 1624 861 1681 τῶν
884 1620 1006 1695 Φιαλῶν
1029 1618 1250 1696 γεγραμμένον
1274 1617 1347 1684 triv.
1372 1613 1463 1695 Quod
1486 1614 1630 1680 Blessius

436 1726 554 1789 eiicere
585 1722 689 1788 voluit
715 1722 872 1789 voeabula
902 1726 945 1797 εἷς
970 1727 1011 1789 τὰ
1036 1726 1101 1802 epe
1126 1725 1269 1800 εῖσιέναι,
1292 1722 1326 1787 id
1349 1724 1537 1807 neutiquam
1561 1742 1629 1807 pos-

437 1850 512 1893 sum
544 1829 693 1914 probere;
727 1829 833 1896 multo
864 1830 1045 1917 simplicius
1078 1837 1126 1896 est
1156 1832 1285 1895 eiicere:
1320 1830 1356 1893 ἐν
1385 1838 1471 1900 τοῖς
1494 1830 1627 1907 ἱεροῖς,

438 1933 644 2000 Similist
595 1942 644 2000 est
675 1942 869 2022 argumenta
871 1939 915 2003 tio
871 1937 1036 2002 tArist
1022 1943 1091 2024 tog.
1115 1934 1288 2022 leesp.
1313 1934 1389 2013 800,
1414 1934 1452 2001 de
1476 1956 1538 2022 que
1560 1933 1628 2001 loeo

435 2039 579 2107 Oobetus
602 2044 670 2129 egit
695 2042 873 2128 Miseritp
876 2041 983 2110 ..573

483 2243 588 2328 §182
618 2266 649 2331 p.
676 2243 758 2311 757.
791 2248 835 2318 εἷς
866 2252 940 2313 τοῖιτ
942 2247 1249 2321 ἀναισθνσίας
1282 2246 1335 2311 καὶ
1359 2245 1478 2322 τόλμαν
1503 2260 1629 2325 προελη-

435 2349 577 2416 λύθασιν.
611 2350 721 2437 Longe
746 2359 888 2437 praestat
910 2353 995 2440 quod
1017 2352 1140 2440 legitur
1163 2352 1294 2418 Androt.
1318 2353 1336 2437 §
1356 2350 1398 2418 74
1421 2373 1453 2439 p.
1477 2350 1560 2417 616:
1585 2353 1628 2425 εῖτ

437 2459 521 2522 τοῦθ’
546 2455 611 2534 οἶμ’
635 2459 848 2531 ἀναισθησίας,

487 2679 589 2763 §191
623 2701 653 2765 p.
681 2676 765 2746 759:
796 2673 870 2743 ὅταν
901 2679 957 2754 μὲν
989 2680 1051 2760 γὰρ
1083 2679 1184 2761 λέγῃ
1212 2675 1291 2751 ὅπως
1326 2679 1430 2754 μηδεὶς
1468 2677 1627 2752 δεθήσεται

435 2787 615 2859 Ἀθηναίων.
646 2784 932 2871 simplicissimum
964 2789 1026 2850 erit
1054 2785 1217 2872 supplere:
1242 2786 1429 2868 (γράψαι)
1452 2787 1541 2865 stirs.
1572 2784 1629 2850 Le-

436 2891 552 2979 pidum
576 2898 624 2958 est
649 2895 838 2980 interpretes
862 2891 970 2957 videre
992 2892 1122 2958 Reiskio
1146 2890 1361 2978 obloquentes.

482 3111 637 3197 §l9lp
661 3107 743 3177 760:
768 3107 836 3176 ὅλον
856 3112 997 3178 δεικνύτω
1019 3111 1070 3176 τὸν
1089 3111 1179 3188 νόμον
1199 3110 1267 3188 ἑξῆς
1290 3113 1399 3176 καὶ
1362 3137 1404 3177 τα
1424 3111 1627 3190 συμβαίνοντ

436 3216 471 3293 ἐξ
503 3220 599 3282 αὐτοῦ
629 3227 752 3282 σκοπεῖν
784 3217 897 3283 ἐάτω,
931 3218 1077 3285 Praestat
1107 3219 1239 3285 fortasse
1269 3220 1390 3297 ἐάσω,
1414 3218 1469 3284 sed
1492 3217 1628 3283 nihilfi·

437 3323 514 3389 dent
500 3330 550 3389 ter
573 3323 706 3390 affirmo,

481 3535 499 3617 ᾖ
524 3531 586 3598 196
619 3554 650 3618 p.
677 3530 759 3608 760;
791 3532 895 3605 τούςδε
924 3533 995 3604 τοὺς
1024 3534 1091 3613 περὶ
1116 3539 1175 3597 τῶν
1198 3534 1270 3611 πρὸς
1294 3533 1329 3598 τὸ
1351 3535 1492 3610 δημόσιον
1516 3558 1626 3614 προσ·

435 3642 574 3702 ιδντοιν
606 3641 788 3703 τούναντίον.
822 3637 860 3703 In
891 3639 957 3705 solo
988 3640 1052 3705 fere
1083 3639 1247 3705 Marcione
1273 3639 1379 3705 codiee
1409 3639 1556 3706 additum
1579 3663 1626 3707 re·

438 3748 542 3831 peries
573 3747 782 3831 participium
813 3748 992 3825 προσιόντων
1023 3755 1056 3812 et
1086 3746 1180 3832 plane
1202 3769 1265 3812 non
1289 3746 1383 3812 video
1407 3747 1565 3833 quomodo
1588 3769 1625 3815 eo

438 3854 599 3938 possimus
629 3872 744 3918 cerere.
777 3851 944 3918 Bekkerus
974 3859 1082 3918 temen
1106 3859 1137 3918 et
1162 3859 1235 3938 post
1257 3874 1334 3918 eum
1357 3875 1467 3920 omnes
1490 3853 1626 3921 editores

436 3962 625 4024 omiserunt.

481 4164 499 4246 §
522 4162 586 4229 196
610 4185 641 4248 p.
668 4161 750 4228 761:
774 4162 843 4227 οὔτε
869 4164 932 4241 γὰρ
1059 4165 1140 4228 τοῦθ’
1165 4166 1270 4240 ἡγήσω
1295 4164 1376 4228 δεινοὶ
1402 4167 1509 4229 παθεῖν
1529 4161 1624 4231 εἶναι·

434 4277 530 4334 ποιεῖν
562 4270 626 4348 γοὶρ
657 4269 747 4333 τοῦτό
771 4294 827 4345 γε.
861 4270 949 4335 Haec
972 4290 1046 4336 veru
1068 4270 1164 4336 lectio
1186 4270 1303 4336 codicis
1325 4271 1481 4336 Marciani
1503 4279 1566 4349 est;
1590 4276 1623 4338 in

433 4376 507 4442 eliis
540 4396 705 4461 perperam
735 4374 859 4463 legitur
890 4378 980 4441 τοῦτο’
1011 4401 1049 4454 γε
1075 4376 1209 4455 δεινοὶ,
1233 4380 1285 4442 eui
1308 4375 1464 4443 vocabulo
1487 4378 1625 4445 editores

432 4480 584 4547 mirabile
607 4480 695 4546 dictu
719 4487 938 4567 pepercerunt.
962 4482 1063 4547 Aliud
1086 4485 1206 4548 vitium
1231 4480 1368 4549 Oobetus
1391 4482 1526 4548 sustulit
1549 4485 1626 4549 Μία

435 4589 504 4653 cell.
531 4610 561 4673 p.
587 4585 653 4652 556
678 4594 711 4652 et
731 4593 804 4653 onte
828 4586 983 4655 Oobetum
1008 4588 1129 4654 Bekius
1152 4590 1264 4653 Μαρια,
1290 4587 1376 4655 1856
1400 4612 1431 4675 p.
1456 4588 1532 4654 231.

481 4804 500 4887 ἓ
523 4800 589 4867 202
622 4823 652 4888 p.
678 4800 761 4868 763:
794 4804 882 4867 ἀλλὰ
907 4805 939 4877 νῖν
965 4805 1027 4867 Δία
1052 4804 1108 4876 τῖρν
1131 4804 1272 4884 ἀδελφὺν
1295 4810 1398 4876 καλῶς
1421 4803 1623 4888 διῴκηκεν,
