4525 5950
967 693 1108 743 riorus.
1311 694 1319 714 ·
1583 670 1626 740 57

442 858 641 924 Habebimus
671 859 747 934 hoc,
780 861 807 922 si
834 856 998 923 lenissima
1019 857 1239 924 emendatione
1263 879 1321 943 pro
1336 860 1433 943 feroc
1454 858 1630 945 legerimus

433 968 551 1051 seruc:
587 964 745 1031 scelerum
778 964 865 1030 ferax
901 972 968 1030 erat
1003 963 1154 1043 Seianus,
1191 968 1368 1051 comparari
1399 970 1525 1051 poterat
1554 986 1630 1031 oum

440 1093 536 1158 agro,
556 1075 670 1157 inquo
691 1092 784 1136 omne
804 1071 975 1137 herbarum
994 1074 1178 1157 nocentium
1198 1093 1300 1158 genus
1318 1078 1430 1158 sponte
1450 1075 1628 1158 proveniat.

487 1294 524 1356 A.
550 1290 604 1368 IV,
629 1289 681 1356 35.
714 1289 898 1357 Cremutius
929 1288 1068 1370 Gordus,
1095 1298 1262 1358 aecusatus
1285 1292 1369 1378 quod
1391 1296 1425 1358 in
1448 1292 1540 1358 libris
1563 1295 1630 1357 suis

441 1398 581 1463 Brutum
605 1395 814 1483 Cassiumque
835 1396 1014 1476 laudasset,
1038 1403 1141 1464 vitam
1164 1400 1357 1465 abstinentia
1380 1399 1496 1465 finivit.
1520 1399 1631 1465 Libros

438 1509 509 1570 eius
540 1505 723 1570 cremandos
757 1510 964 1571 censuerunt:
1000 1506 1136 1583 frustra,
1173 1528 1248 1571 nam
1283 1508 1382 1571 etiam
1414 1527 1497 1572 nuno
1528 1505 1630 1592 vulgo

440 1610 613 1697 leguntur:
1043 1620 1048 1631 ’
1082 1611 1088 1630 ’

487 1718 577 1798 „Quo
609 1720 713 1804 magis
743 1717 921 1784 socordiam
952 1739 1063 1784 eorum
1093 1718 1225 1783 irridere
1258 1719 1355 1798 libet,
1387 1721 1444 1805 qui
1474 1721 1632 1805 praesenti

438 1827 583 1910 potentia
606 1823 738 1889 credunt
761 1827 909 1912 extingui
933 1846 1022 1910 posse
1042 1829 1141 1890 etiam
1161 1829 1322 1912 sequentis
1341 1829 1413 1893 aeri
1432 1829 1631 1892 memoriam.

438 1930 525 1995 Nam
555 1938 664 1996 contra
692 1934 814 2016 punitis
838 1934 976 2018 ingeniis
999 1931 1109 2017 gliscit
1132 1935 1319 2013 auctoritas;
1344 1954 1445 2019 neque
1470 1932 1558 1999 aliud
1581 1954 1635 1999 ex·

438 2039 525 2102 terni
550 2057 657 2123 reges,
683 2044 739 2101 aut
762 2039 818 2122 qui
841 2036 952 2102 eadem
975 2040 1110 2102 saevitia
1134 2040 1185 2104 usi
1208 2054 1301 2116 sunt,
1325 2041 1387 2103 nisi
1411 2038 1547 2104 dedecus
1569 2040 1631 2104 sibi

437 2150 537 2229 atque
559 2142 626 2207 illis
648 2142 786 2228 gloriam
810 2144 990 2229 peperere.''

487 2248 653 2336 „Intelligi
676 2250 752 2315 haec
775 2255 953 2335 nequeunt,
975 2252 1037 2313 nisi
1057 2249 1164 2335 aliquo
1183 2249 1278 2315 modo
1297 2249 1433 2315 efficitur
1452 2255 1489 2315 ut
1508 2251 1630 2315 externi

437 2376 533 2443 reges
551 2356 797 2440 imperatoribus
817 2356 1032 2422 Romanorum
1052 2355 1234 2421 crudelibus
1247 2363 1444 2438 opponantur.
1465 2355 1536 2421 Fiet
1547 2354 1629 2421 illud

438 2466 468 2527 si
502 2470 555 2525 cat
589 2461 762 2527 delebitur:
794 2465 917 2527 externi
947 2482 1039 2547 reges
1069 2465 1125 2546 qui
1157 2461 1267 2527 eadem
1298 2465 1434 2529 saevitia
1463 2465 1514 2528 usi
1538 2469 1630 2541 sunt,

438 2568 555 2636 eadem
579 2568 700 2633 sufficet
722 2571 875 2645 saevitia,
900 2570 991 2633 cuius
1014 2589 1097 2633 nune
1120 2567 1349 2635 documentum
1373 2568 1462 2634 dedit
1484 2568 1631 2635 'liberius

437 2685 473 2742 et
496 2683 605 2761 postea
627 2674 733 2740 daturi
756 2682 844 2741 erant
867 2682 899 2740 et
922 2675 978 2739 alii
1003 2677 1209 2760 imperatores
1232 2684 1265 2740 et
1288 2695 1363 2760 prae
1386 2678 1498 2741 ceteris
1522 2675 1630 2741 Domi-

436 2786 565 2849 tianus:
601 2803 675 2846 nam
706 2782 744 2848 de
775 2783 835 2848 hoc
866 2784 1054 2869 praesertim
1084 2784 1206 2868 cogitat
1235 2780 1379 2861 Tacitus,
1413 2803 1486 2848 cum
1517 2804 1629 2849 eorum

436 2889 552 2954 irridet
580 2888 772 2966 socordiam,
805 2891 860 2974 qui
884 2890 1041 2974 praesenti
1064 2891 1208 2975 potentia
1230 2891 1392 2974 sequentis
1414 2892 1485 2955 aevi
1507 2911 1629 2956 memo·

436 3001 521 3063 riam
542 3000 689 3083 extingui
710 3017 800 3082 posse
820 2995 1032 3061 crediderunt.
1054 2996 1130 3061 Post
1149 2998 1381 3081 imperatorum
1400 2996 1628 3074 Romanorum,

436 3125 577 3191 quorum
609 3124 724 3189 agmen
757 3102 878 3168 claudit
910 3103 1128 3180 Domitianus,
1153 3105 1506 3181 commemorationem,
1531 3109 1630 3169 trans

436 3209 582 3277 eundum
611 3217 658 3274 est
688 3209 728 3274 ad
758 3217 910 3296 tyrannos
934 3216 1115 3286 extraneos,
1140 3230 1203 3273 non
1225 3210 1344 3274 iterum
1368 3208 1566 3273 redeundum
1589 3209 1629 3273 ad

435 3319 630 3383 domesticos
653 3337 761 3403 reges;
787 3316 871 3402 quod
894 3315 948 3392 tit,
975 3317 1003 3379 si
1027 3323 1079 3378 aut
1101 3317 1266 3380 retinetur.

487 3532 524 3595 A.
550 3528 602 3608 IV,
628 3527 681 3594 39.
712 3527 868 3594 Lirillam
899 3528 959 3592 sibi
992 3548 1123 3593 uxorem
1147 3548 1166 3593 a
1188 3526 1313 3618 'liberio
1338 3531 1420 3613 petit
1442 3527 1576 3595 Seianus
1599 3535 1631 3595 et

438 3636 513 3703 aliis
536 3638 736 3721 argumentis
759 3656 837 3700 usus
859 3641 893 3700 et
916 3636 993 3699 hoc:

488 3741 665 3821 „Quoniam
697 3741 856 3806 audiverit
886 3742 1075 3827 Augustum
1106 3742 1141 3804 in
1164 3739 1354 3806 conlocanda
1376 3740 1442 3805 filia
1466 3763 1527 3806 non
1551 3741 1632 3806 nihil

436 3852 538 3916 etiam
559 3848 596 3913 de
616 3849 779 3933 equitibus
800 3847 952 3912 Romanis
972 3845 1220 3924 consultarisse,
1240 3850 1301 3925 ita,
1321 3851 1349 3912 si
1368 3850 1505 3912 maritus
1522 3847 1632 3913 Liviae

436 3961 655 4042 quaereretur,
680 3954 811 4021 haberet
833 3956 865 4018 in
890 3956 997 4019 animo
1020 3956 1160 4019 amicum
1180 3952 1247 4019 sola
1265 3953 1508 4019 necessitudinis
1526 3953 1632 4041 glorie

437 4061 612 4129 usurum.”

486 4168 564 4248 Quis
587 4187 729 4253 unquam
753 4166 835 4231 vidit
857 4169 941 4232 inter
965 4187 998 4231 se
1022 4165 1209 4253 respondere
1233 4169 1470 4232 coniunctiones
1492 4168 1629 4252 quoniam

436 4284 473 4343 et
503 4272 569 4339 ita?
600 4272 680 4339 'Pam
711 4272 896 4339 incredibile
927 4274 1010 4338 mihi
1042 4271 1123 4338 illud
1149 4272 1277 4338 videtur
1302 4280 1338 4338 ut
1361 4276 1439 4360 quin
1462 4278 1631 4357 corruptus

437 4386 484 4449 sit
514 4380 604 4447 locus
634 4402 697 4446 non
729 4381 882 4445 dubitem.
914 4380 957 4443 Et
987 4379 1140 4445 facillime
1171 4383 1334 4467 corrumpi
1357 4383 1472 4466 potuit.
1497 4378 1634 4466 Scripsit

438 4491 529 4555 enim
552 4510 605 4553 me
627 4487 732 4552 iudice
756 4485 886 4551 Tacitus
909 4508 969 4553 non
992 4487 1129 4572 quoniam
1153 4508 1268 4553 verum
1292 4489 1449 4572 quomodo,
1470 4492 1503 4551 et
1521 4485 1632 4551 nullus

438 4603 489 4661 est
522 4616 608 4659 error
638 4592 808 4678 proclivior
831 4613 929 4678 quam
953 4615 1015 4679 quo
1038 4596 1072 4657 in
1097 4605 1152 4679 q‘m
1176 4596 1353 4679 (quoniam)
1377 4594 1444 4659 abit
1466 4581 1521 4680 (im
1544 4600 1633 4678 (quo

440 4701 561 4781 modo).
586 4698 776 4768 Conferatur
797 4702 834 4766 A.
858 4699 911 4777 VI,
938 4700 968 4777 6,
993 4700 1048 4764 ubi
1072 4721 1156 4765 nunc
1177 4709 1263 4765 recte
1288 4699 1410 4766 editur:
1435 4699 1534 4785 „quid
1557 4702 1630 4764 seri-

440 4812 517 4876 bam
549 4808 656 4885 robis,
688 4812 793 4893 patres
824 4808 1010 4891 conscripti,
1042 4813 1098 4870 aut
1130 4809 1271 4892 morundo
1295 4807 1449 4885 scribam,
1474 4815 1530 4872 aut
1555 4806 1633 4891 quid
