4525 5950
924 674 1175 723 ameroemreas.
1574 652 1640 719 269

451 840 586 904 beentur
619 839 696 903 haec
732 836 886 904 voeabula
917 859 974 922 pro
1002 836 1153 902 laconicis
1175 862 1216 888 =
1238 834 1509 917 νεῶ(ο’1)ἐομοι
1547 842 1579 902 61
1601 862 1641 888 --

452 942 489 1024 ἕο
498 971 553 1022 μοι
582 953 614 1024 (a
637 945 735 1010 verbo
759 941 873 1024 ἕρδειν),
906 964 962 1009 166
994 946 1102 1008 minus
1124 949 1310 1024 χμεῦμοι·
1334 946 1433 1022 ρἐῡμοι
1458 943 1543 1029 apud
1566 964 1642 1008 eun·

452 1050 525 1116 dem
547 1077 586 1102 =
609 1056 720 1128 ρεῡμοι,
745 1072 801 1135 pro
825 1070 888 1135 qua
911 1050 1019 1137 glossa
1038 1056 1147 1115 contra
1165 1048 1347 1115 litterarum
1367 1049 1510 1115 ordinem
1530 1054 1641 1128 χιῡμοι

450 1158 630 1243 corrigebat
653 1155 879 1234 Ruhnkenius,
905 1163 937 1221 et
959 1160 994 1221 in
1014 1156 1130 1221 Russia
1150 1178 1207 1240 pro
1228 1159 1317 1221 omni
1334 1158 1355 1219 Ιι
1373 1154 1491 1220 initiali
1510 1159 1642 1241 ponitur

445 1290 478 1347 μ.
513 1262 671 1328 Similiter
706 1261 872 1348 plebecula
906 1261 1089 1327 Florentina
1123 1284 1179 1347 pro
1213 1262 1329 1326 cavallo
1365 1262 1457 1327 modo
1492 1261 1639 1339 odonello,

450 1370 545 1435 modo
568 1369 690 1432 lavello
714 1371 919 1454 pronuntiare
943 1371 1120 1434 cousuevit.

497 1587 549 1653 Vs.
577 1586 675 1651 1013.
699 1587 928 1665 πιοτοὶδμιοι.
953 1587 1005 1652 sie
1029 1586 1111 1668 (scil.
1137 1586 1367 1667 ποτάομαι)
1389 1587 1480 1665 Rev„
1505 1586 1560 1652 sed
1583 1587 1642 1651 for·

449 1700 533 1759 tasse
564 1693 768 1778 praeferenda
792 1691 929 1759 aliorum
952 1694 1099 1759 codicum
1122 1691 1218 1759 lectio
1241 1693 1451 1771 ποτάομαι
1476 1696 1510 1772 (i.
1531 1713 1558 1758 e.
1582 1686 1643 1756 nc'

448 1799 627 1879 τοὶόμοιι).
661 1798 857 1866 selenen
881 1821 992 1865 meum
1015 1799 1250 1885 suppletorium
1274 1806 1307 1865 61
1330 1799 1535 1866 dialecticum
1559 1820 1583 1863 s.
1608 1821 1641 1864 v.
1760 1850 1765 1858 .

449 1916 627 1978 ποτῆται
652 1904 935 1981 61πωτο11μοοι.

495 2108 547 2174 Vs.
572 2107 669 2173 1031.
696 2104 819 2185 ἦμέν,
841 2104 861 2171 ὦ
884 2114 954 2184 Ζεῦ,
975 2108 1074 2189 χρῆμ’
1096 2109 1167 2173 ἰδεῖν
1188 2116 1258 2182 τῆς
1279 2107 1407 2185 ἐμπίδος
1429 2107 1528 2172 ἔνεστί
1547 2131 1602 2173 σοι.

445 2214 589 2278 Tantum
609 2236 670 2279 non
689 2221 776 2278 certa
792 2213 875 2278 mihi
892 2214 1021 2280 videtur
1037 2213 1202 2300 Blaydesii
1213 2214 1394 2279 emendatio
1406 2216 1489 2278 τοῦτ’
1502 2235 1559 2299 pro
1570 2219 1637 2285 τῆς.

495 2431 547 2495 Vs.
576 2429 673 2495 1056.
765 2428 849 2502 ὅστις
874 2431 912 2495 ἂν
936 2431 994 2494 νυνὶ
1020 2430 1155 2505 lucelen-

880 2561 933 2601 πιοι
957 2542 1029 2618 παρ’
1054 2539 1148 2614 ἡμῶν,

811 2640 856 2707 δν
881 2644 990 2722 λάβῃ
1012 2642 1154 2717 μηκέτ’
1177 2643 1367 2708 extinto.

445 2748 533 2812 Mihi
564 2748 695 2833 quidem
725 2769 856 2832 prorsus
887 2748 1518 2815 6111616611Μ6οο111616111661111661111111
1542 2756 1574 2815 61
1596 2751 1640 2816 fa-

445 2858 609 2919 cetissima
631 2853 831 2919 emendatio:

765 2952 810 3025 δν
834 2960 946 3041 λάβῃ
970 2964 1003 3039 γ’
1028 2963 1067 3025 οὐ
1092 2964 1143 3037 μὴ
1167 2962 1314 3042 ἀποδῷ,

445 3089 527 3153 quae
559 3089 616 3132 cur
645 3070 754 3132 minus
787 3072 953 3154 perspicua
984 3068 1132 3133 videatur
1163 3067 1352 3134 Leeuwenio
1383 3090 1447 3134 non
1470 3068 1635 3156 intellege.

442 3174 537 3239 Hanc
561 3174 666 3239 multo
689 3176 798 3259 potius
820 3176 855 3238 in
879 3180 1007 3239 textum
1030 3177 1203 3260 receperim
1227 3195 1325 3260 quam
1347 3178 1513 3262 ingentem
1538 3179 1638 3262 ipsius

443 3279 578 3345 editoris
601 3282 814 3344 mutationem

763 3383 885 3461 μηδὲν
909 3385 1093 3450 οὶποδδτοι
1118 3386 1244 3450 πάλιν

444 3511 526 3576 quae
550 3499 618 3556 tam
639 3493 755 3557 misere
774 3494 939 3576 corrumpi
958 3495 1099 3577 potuisse
1119 3494 1191 3577 quis
1210 3513 1326 3576 quaeso
1347 3494 1409 3558 sibi
1430 3489 1637 3578 persuadeat?

496 3708 545 3773 Vs.
574 3707 671 3774 1078.
696 3708 806 3785 βοιβοοί
820 3759 827 3774 .
854 3708 1030 3787 νενεύρωται
1055 3711 1110 3785 μὲν
1135 3707 1185 3784 ι’ίδε
1200 3758 1207 3775 .
1222 3758 1252 3775 ..
1276 3711 1423 3789 σνμΦομοὶ

695 3814 793 3886 δεινῶς
818 3817 1021 3893 τεθερμῶοθοιι
1045 3840 1079 3879 τε
1103 3824 1205 3895 χεῖρον
1227 3817 1388 3896 φαίνεται.

442 3920 584 4007 Egregie
609 3920 762 3985 traditam
785 3919 954 3986 lectionem
979 3927 1089 3986 tuetur
1112 3929 1144 3986 61
1166 3923 1395 4007 interpretatur
1418 3922 1611 3989 vheeuweu.

491 4136 543 4203 Vs.
572 4137 668 4203 1154.
701 4139 753 4201 καὶ
786 4138 1028 4220 ξυμμαχοῦντες
1059 4163 1117 4226 pro
1148 4140 1418 4224 ξυνεκμαχοῦντες
1442 4147 1564 4230 optime
1587 4152 1636 4211 est

443 4243 575 4309 editoris
599 4244 790 4309 emendatio.

489 4445 542 4510 Vs.
569 4442 667 4509 1175.
700 4447 714 4507 ε’
723 4448 796 4520 πῖον
829 4446 1037 4525 διαλλαγῆτε.
1064 4451 1161 4522 'Eriza
1184 4472 1241 4536 pro
1265 4451 1389 4515 ἐπειδάν
1413 4473 1572 4538 nusquam
1594 4453 1637 4519 le·

443 4554 537 4636 gitur
559 4553 592 4614 in
617 4551 795 4638 tragoedia,
824 4558 872 4617 ter
894 4556 929 4617 in
949 4554 1129 4631 comoedia,
1152 4555 1206 4620 sed
1226 4557 1309 4641 apud
1329 4556 1433 4622 solum
1454 4558 1638 4644 Aristopha-

443 4677 519 4720 nem
543 4662 682 4741 (praeter
704 4655 778 4721 11.1.
799 4659 859 4723 Av.
881 4657 947 4724 984
967 4667 999 4724 61
1021 4658 1134 4738 1355),
1155 4681 1315 4745 nusquam
1333 4665 1368 4726 in
1388 4661 1494 4728 titulis
1514 4666 1637 4741 atticis,
1693 4668 1695 4671 ’

445 4763 502 4827 ubi
520 4763 598 4826 ἐπάν
619 4786 680 4827 non
702 4767 840 4828 occurrit
857 4770 930 4829 ante
949 4785 977 4829 a.
998 4763 1063 4829 265
1085 4786 1112 4831 6.
1134 4763 1169 4831 0.
1191 4768 1244 4847 (61.
1258 4767 1486 4834 Meisterhens³
1498 4791 1529 4854 p.
1544 4768 1634 4849 252).
