4525 5950
804 690 845 737 nn
867 693 1013 740 unomen
1039 691 1121 736 runa
1145 689 1313 737 nounuore.
1588 668 1650 732 181

460 859 569 932 κυνέην
602 859 743 923 εἰέπυκπον
775 856 877 936 ἔθηκε,
916 854 1014 922 εἵλετο
1046 858 1071 921 δ’
1096 857 1219 935 ὄβριμον
1251 856 1347 935 ἔγχος
1379 857 1559 934 οὶκαχμένον
1591 853 1654 929 ὀξέϊ

459 968 597 1047 χαλκῷ,
627 987 689 1030 uon
719 986 795 1031 vero
827 966 988 1030 thoracem
1020 970 1154 1029 aeneum
1184 963 1315 1029 induere
1336 970 1491 1039 narratur,
1515 983 1652 1048 quooum

457 1072 531 1137 loeo
555 1071 762 1136 conferendus
785 1079 833 1136 est
856 1082 880 1137 E
902 1071 968 1137 238
986 1093 1052 1158 sqq.
1077 1072 1134 1136 ubi
1158 1070 1321 1135 Pandarus
1344 1090 1470 1145 areum,
1495 1091 1557 1154 quo
1580 1076 1652 1135 ante

458 1182 495 1242 in
515 1179 645 1264 proeliis
666 1200 742 1243 usus
762 1179 846 1243 haud
867 1180 962 1244 dubie
984 1179 1111 1243 thorace
1130 1183 1226 1242 adnuo
1238 1177 1378 1252 carebat,
1392 1176 1483 1241 hasta
1496 1182 1602 1240 mutat
1618 1175 1652 1256 ¹),

460 1293 567 1349 cetero
599 1285 712 1350 habitu
743 1289 915 1350 immutato
940 1289 1063 1350 Aeneae
1086 1306 1216 1349 ourrum
1241 1303 1426 1348 ascensurus
1450 1289 1487 1346 ut
1508 1284 1653 1346 eominus

462 1391 654 1457 Diomedem
690 1398 778 1479 petat
786 1414 794 1472 ;
833 1414 971 1478 quocum
1008 1395 1158 1479 congruit
1188 1390 1271 1477 quod
1302 1411 1349 1454 vs.
1379 1387 1442 1454 291
1475 1409 1590 1453 nasum
1622 1391 1652 1455 ei

463 1497 634 1563 Diomedes
665 1520 762 1583 prope
786 1498 916 1564 ooulum
941 1500 1032 1564 hasta
1055 1498 1217 1585 perfodere
1240 1504 1387 1561 narratur
1410 1494 1500 1560 nulla
1522 1494 1653 1560 cassidis

461 1607 623 1670 mentione
653 1605 753 1682 faota,
785 1607 868 1671 unde
900 1628 1025 1671 sumere
1054 1605 1131 1671 lieet
1162 1625 1263 1688 neque
1286 1604 1344 1668 hao
1367 1610 1527 1667 armatum
1550 1621 1652 1687 neque

460 1710 664 1776 thoracatum
689 1733 762 1776 eum
788 1712 907 1799 lingere
930 1723 1057 1798 poetam
1078 1712 1131 1792 (of.
1152 1731 1248 1795 supra
1267 1732 1298 1796 p.
1322 1706 1408 1787 175).
1433 1709 1599 1773 Postremo
1617 1710 1651 1772 in

462 1815 604 1902 Odyssea
635 1824 759 1903 praeter
789 1817 876 1883 looos
907 1839 1002 1904 supra
1032 1824 1240 1904 pertractatos
1270 1813 1374 1894 5479
1389 1815 1425 1896 ²),
1456 1813 1523 1880 482
1537 1812 1562 1895 ³)
1595 1813 1652 1879 alii

459 1921 609 1987 nonnulli
633 1924 685 1988 hio
704 1925 833 1989 notandi
852 1932 937 1990 sunt.
961 1924 1044 1989 Nam
1065 1949 1085 1986 α
1099 1922 1165 1988 255
1179 1946 1224 2009 sq.
1248 1922 1385 1999 Montes,
1405 1926 1474 1988 sive
1492 1922 1650 2000 Minerva,

459 2027 568 2094 Ulixis
600 2029 794 2095 desiderium
821 2034 867 2096 ita
890 2035 1054 2096 enuntiat:
1080 2032 1105 2094 εἰ
1130 2031 1193 2108 yde
1217 2035 1266 2094 νῦν
1290 2031 1380 2094 ἐλθὼν
1404 2031 1495 2105 δόμου
1520 2031 1549 2091 ἑν
1574 2031 1651 2106 πρώ-

459 2160 529 2214 πησι
554 2136 653 2216 έύρησι
678 2140 769 2211 σπαίη
796 2135 875 2218 έχων
896 2141 1023 2211 πηληκα
1046 2139 1096 2202 καὶ
1122 2137 1240 2202 ἀσπίδα
1266 2138 1317 2199 καὶ
1341 2136 1391 2201 δύο
1417 2137 1514 2214 δοῦρε,
1536 2137 1650 2221 quain

460 2265 495 2307 re
517 2249 609 2308 acute
633 2243 862 2310 animadvertit
884 2244 1014 2310 Reiohel
1027 2242 1063 2326 ⁴),
1084 2248 1192 2330 ipsum
1212 2243 1294 2308 illud
1315 2243 1365 2308 δύο
1384 2244 1466 2320 δοῦρε
1487 2242 1651 2307 ostendere

459 2349 554 2435 plene
585 2358 764 2430 armatum,
800 2373 901 2437 neque
940 2361 1046 2417 tamen
1078 2353 1217 2416 thoracis
1248 2353 1445 2415 mentionem
1465 2349 1553 2413 theri.
1590 2346 1652 2414 oni

459 2457 581 2521 frustra
615 2455 800 2542 obloquitur
836 2457 993 2538 Robert⁵)
1024 2479 1157 2523 monens
1192 2459 1292 2521 etiam
1326 2476 1434 2520 ensem
1470 2454 1649 2520 desiderari.

456 2563 579 2627 Ensem
612 2571 721 2627 autem
750 2572 868 2650 gerunt
898 2568 997 2629 etiam
1030 2567 1084 2648 qui
1116 2585 1178 2628 uon
1208 2562 1301 2648 plene
1331 2564 1447 2626 armati
1470 2571 1561 2638 sunt,
1586 2582 1650 2627 non

456 2673 563 2755 igitur
586 2691 666 2756 opus
686 2678 753 2735 erat
773 2692 847 2736 eum
867 2672 918 2735 hio
938 2691 1199 2736 commemorare.
1223 2669 1377 2734 Eiusdem
1397 2675 1505 2735 autem
1525 2672 1650 2756 generis

457 2782 510 2840 est
539 2801 557 2838 σ
579 2774 643 2841 637
667 2798 733 2861 sqq.
766 2778 821 2842 ubi
847 2776 974 2854 Ulixes,
1000 2798 1062 2862 quo
1086 2776 1245 2863 significet
1268 2797 1363 2860 quarn
1388 2797 1450 2841 non
1473 2778 1515 2840 sit
1537 2773 1651 2840 invali-

457 2882 537 2959 dhb,
563 2882 640 2947 haee
664 2883 845 2968 profitetur:
870 2886 896 2948 εἰ
921 2884 946 2948 δ’
968 2879 1008 2948 αὖ
1032 2885 1082 2947 καὶ
1104 2883 1241 2960 πόλεμόν
1260 2885 1347 2949 ποθεν
1367 2883 1506 2961 ὃρμιὶσειε
1525 2887 1649 2959 Κρονίων

456 2991 598 3068 σήμερον,
623 2991 724 3067 αὐτὰρ
749 2990 815 3065 ἐμοὶ
841 2990 934 3063 σοι’κος
959 2991 1003 3065 εἴη
1028 2993 1079 3054 καὶ
1100 2991 1152 3055 δύο
1171 2992 1253 3065 δοῦρε
1274 2990 1325 3052 καὶ
1347 2991 1434 3060 κυνέη
1454 2991 1647 3067 πάγχαλκος

456 3098 510 3161 ἐπὶ
532 3102 710 3177 κροπαφοῖσ’
735 3101 884 3177 ἀραρυῖα,
910 3101 951 3179 τῷ
976 3123 1008 3162 κε
1032 3098 1115 3169 rtem
1142 3101 1296 3174 πρώτοισιν
1323 3095 1362 3160 ε’νὶ
1388 3097 1577 3175 προμάχοισι
1602 3120 1648 3170 μι-

455 3205 576 3282 γέντα,
601 3205 657 3268 ubi
682 3226 792 3269 rursus
818 3206 932 3270 thorax
956 3204 1171 3280 desideratur,
1196 3224 1289 3288 porro
1313 3200 1539 3280 π284-298,
1562 3202 1648 3281 π32,

456 3310 515 3388 33,
548 3332 686 3396 quorum
717 3311 862 3376 locorum
895 3311 994 3377 altero
1026 3309 1138 3376 Ulixes
1166 3310 1231 3375 filio
1254 3309 1383 3375 mandat
1406 3323 1442 3374 ut
1466 3313 1579 3375 ueteris
1603 3332 1648 3375 re-

456 3420 559 3481 motis
590 3420 687 3481 armis
719 3419 835 3502 quihus
867 3417 1016 3482 oonolave
1047 3418 1155 3503 regiae
1185 3417 1298 3482 domus
1329 3423 1477 3481 ornatum
1502 3419 1562 3495 eit,
1586 3419 1649 3502 ipsi

452 3524 585 3608 sibique
619 3533 761 3589 reservet
796 3524 875 3589 duos
907 3544 1013 3602 enses,
1043 3523 1121 3588 duas
1153 3524 1277 3601 hastas,
1310 3522 1372 3587 duo
1402 3531 1509 3600 scuta,
1542 3522 1648 3589 nullos

459 3710 658 3719 arn——

494 3833 519 3894 l)
542 3830 596 3879 Sive
617 3830 699 3896 potius
720 3830 779 3880 dicit
796 3846 820 3878 se
837 3834 997 3888 mutaturum
1019 3834 1043 3880 et
1061 3846 1128 3890 mox,
1148 3848 1182 3881 ss.
1200 3832 1249 3880 280
1267 3832 1394 3882 mutavisse
1410 3835 1516 3896 apparet.
1533 3831 1578 3879 Sed
1595 3828 1648 3880 snb·

451 3914 570 3963 obscurus
593 3913 658 3962 loous
679 3920 722 3962 est.
750 3913 817 3962 Unde
840 3914 903 3963 enim
928 3914 1050 3963 Pandarus
1073 3915 1137 3979 oepit
1161 3915 1253 3963 hastam
1270 3930 1318 3979 qus
1334 3915 1420 3980 petivit
1436 3914 1592 3965 Diomedem?
1619 3917 1648 3966 Et

451 4000 562 4053 mutum,
578 3996 640 4059 quod
653 3995 802 4059 significatur
816 4011 849 4044 vs.
860 3997 917 4054 224,
934 3994 972 4045 ubi
988 3995 1102 4060 legimus:
1121 3995 1246 4057 ,ἀράβησε
1260 3994 1287 4044 δέ
1305 3995 1394 4059 τεύχε’
1412 3992 1452 4044 ἐπ’
1469 3995 1648 4060 adabarim,

452 4077 675 4140 παμφαιάονπαἻ
698 4078 823 4142 Sagittarii
847 4079 910 4128 enim
932 4079 989 4127 haee
1013 4095 1060 4128 non
1079 4095 1157 4128 seeum
1176 4081 1263 4128 ierunt.
1281 4078 1318 4128 ab
1335 4079 1411 4128 slters
1428 4091 1495 4144 parte
1513 4080 1647 4141 Meriones,

450 4177 525 4226 quern
547 4162 684 4225 ceteroquin
708 4160 804 4210 nonnisi
828 4160 896 4209 hasta
919 4165 1066 4225 pugnantem
1090 4162 1240 4220 offendimus,
1262 4168 1286 4209 N
1302 4163 1351 4210 050
1365 4177 1414 4225 sqq.
1433 4161 1521 4225 sagitta
1538 4163 1648 4212 vulnerat

451 4242 625 4307 Harpalionem
650 4243 712 4306 regis
737 4243 888 4307 Pylaemenis
912 4243 996 4292 tilium.
1023 4243 1058 4292 le
1082 4243 1119 4291 his
1136 4243 1222 4292 efficies
1237 4244 1416 4307 sagittariorum
1434 4252 1458 4293 et
1474 4244 1554 4308 gravis
1570 4261 1647 4295 arms·

451 4332 524 4376 turae
541 4325 645 4375 militum
663 4334 703 4375 sut
722 4341 769 4374 non
787 4325 922 4374 distinxisse
940 4325 1049 4374 habitum
1067 4325 1138 4375 huius
1156 4322 1293 4373 tarraelios
1311 4332 1445 4386 auctorem,
1463 4331 1505 4375 sut
1521 4327 1647 4378 discrimen

453 4425 503 4457 non
527 4424 626 4457 cumae.
651 4409 734 4473 Neque
759 4413 888 4472 repugnat,
906 4407 969 4471 quod
992 4407 1064 4455 Paris
1082 4407 1124 4471 qui
1142 4408 1201 4456 rld
1218 4405 1311 4468 Τροισῖν
1329 4407 1374 4468 μέν
1396 4406 1555 4473 προμάχιζεν
1574 4444 1646 4458 .....

454 4487 605 4550 παρδαλέην
618 4488 721 4551 δέμοισιν
736 4488 803 4552 έχων
820 4487 863 4538 καὶ
879 4488 1003 4550 καμπύλα
1016 4489 1088 4553 τόξα,
1103 4494 1220 4538 conamen
1230 4488 1350 4553 singulare
1359 4505 1412 4539 enm
1423 4490 1533 4544 Menelao
1542 4490 1647 4541 initurus

447 4573 574 4621 thoracem
597 4572 696 4621 iuduere
718 4577 832 4621 narratur
850 4578 868 4620 Γ
884 4572 1026 4630 320-338,
1044 4571 1088 4620 hos
1104 4572 1167 4620 enim
1186 4587 1266 4620 versus
1282 4572 1394 4637 apparuit
1411 4572 1567 4637 interpolatos
1584 4589 1646 4634 σιω,

447 4656 480 4704 oi.
499 4670 571 4719 supra
589 4671 613 4719 p.
633 4655 679 4703 las
693 4669 725 4718 sq.

487 4736 514 4795 2)
531 4738 609 4800 Supra
626 4753 649 4800 p.
668 4735 722 4785 lta.
1185 4737 1212 4797 δ)
1230 4752 1251 4801 p.
1272 4737 1328 4789 178.

487 4823 514 4880 4)
533 4817 564 4868 Η.
585 4818 636 4867 W.¹
659 4835 680 4885 p.
698 4819 737 4870 62.
1182 4819 1302 4884 s)1.1.p.
1321 4821 1361 4870 32.
