4525 5950
548 721 613 787 312
1020 739 1261 788 onnosrnnnue.

591 905 608 987 ξ
628 902 693 967 241
718 925 749 989 p.
775 902 859 967 416:
886 903 1017 975 ἐκείνους
1036 905 1107 976 τοὺς
1128 904 1238 980 λόγους
1261 900 1346 968 είπεν
1366 896 1393 967 oi
1412 905 1484 968 κατ’
1505 906 1601 968 αὑτοῦ
1624 905 1738 982 ὑπὲρ

468 1057 474 1067 .
546 1031 700 1088 χονσιν.
736 1007 845 1072 Placet
876 1015 969 1073 vetus
1001 1008 1096 1075 lectio
1131 1008 1392 1085 ὑποίρξοοσιν.
1427 1009 1548 1075 liudem
1579 1010 1738 1076 medicina

545 1135 622 1178 usus
654 1118 701 1177 est
731 1112 963 1178 Herwerdenus
997 1116 1109 1178 Marem.
1145 1114 1230 1180 1875
1264 1137 1294 1199 p.
1323 1114 1386 1179 134
1419 1114 1501 1180 Fals.
1527 1114 1608 1201 Leg.
1634 1114 1737 1201 §324

543 1240 574 1304 p.
607 1217 672 1282 445
703 1226 735 1284 et
766 1219 838 1283 vide
870 1220 947 1304 quid
976 1223 1128 1306 suspicati
1160 1224 1262 1285 simus
1293 1220 1456 1307 Symmor.
1489 1220 1570 1305 §24
1603 1244 1635 1305 p.
1663 1221 1738 1285 184.

543 1324 661 1389 Itidem
684 1327 723 1389 cf.
747 1324 843 1390 Dobr.
869 1346 900 1410 p.
927 1324 1003 1390 435.

589 1543 693 1627 §244
718 1565 748 1628 p.
775 1540 859 1609 417:
892 1545 942 1608 τδν
974 1545 1030 1619 μὲν
1053 1545 1219 1623 Τίμαρχον
1245 1544 1305 1608 οὐδ’
1329 1546 1354 1608 σί
1379 1544 1549 1625 πρόσχωροι
1582 1546 1738 1618 ποίντες

543 1649 739 1736 ἐγίγνωσκον.
771 1649 910 1714 Laborat
933 1652 1105 1728 sententia;
1130 1653 1277 1734 requiro:
1303 1651 1364 1714 οὐδ’
1389 1652 1413 1714 οί
1438 1653 1608 1730 πρόσχωροι
1632 1652 1739 1715 ποίνο

543 1777 580 1816 τι
613 1757 809 1830 ἐγίγνωσκον.
842 1754 895 1819 Sic
926 1754 1008 1818 ποίου
1039 1779 1069 1817 τι
1100 1776 1174 1819 cum
1205 1758 1374 1842 negatione
1397 1758 1618 1842 coniungitur,
1642 1757 1685 1822 cf.
1712 1761 1739 1822 si

542 1862 624 1924 tanti
647 1864 695 1924 est
719 1858 828 1926 Cobet.
854 1861 966 1925 Maean.
996 1860 1082 1925 1858
1106 1883 1137 1945 p.
1165 1861 1240 1926 146.

586 2060 689 2145 §248
721 2084 752 2146 p.
780 2061 864 2126 419:
897 2064 952 2135 τὴν
983 2061 1008 2125 δ’
1034 2060 1111 2135 οίτκν
1143 2064 1213 2140 ὁρῶν
1245 2065 1411 2143 τείχονοοιν
1444 2065 1518 2139 δμοῡ
1551 2065 1636 2146 [τὴν
1671 2065 1736 2128 ἐπί

544 2168 704 2236 Φωκέως
739 2171 949 2251 ςροοτείοιν]
973 2171 1004 2232 οὐ
1030 2176 1171 2248 προεῖπεν
1196 2168 1261 2232 οὐδὲ
1285 2168 1535 2249 προεξήγγειλεν.
1559 2169 1681 2255 Spuria
1704 2175 1737 2235 in

539 2275 721 2358 marginem
752 2272 939 2358 relegenda;
972 2274 1111 2339 mirabor
1141 2277 1168 2338 si
1200 2275 1282 2338 rnihi
1313 2296 1347 2340 re
1377 2276 1455 2340 bene
1478 2278 1638 2361 pensitato
1665 2298 1737 2342 con-

540 2378 719 2444 tredixeris.

585 2597 688 2682 §249
720 2620 750 2682 p.
776 2596 859 2662 419:
892 2597 1040 2661 διδιίσκων
1071 2598 1084 2662 ί
1117 2600 1219 2676 ποιτίιρ
1251 2599 1433 2676 γροίμμοοτσο
1561 2596 1641 2672 ὅπως
1668 2603 1735 2678 ἦδιί·

541 2727 633 2781 νοιτο,
658 2705 733 2767 ἀλλ’
758 2700 805 2766 οὖν
830 2706 859 2765 ἐν
885 2705 1014 2780 τούτῳ
1037 2708 1071 2778 γ’
1095 2703 1157 2784 ίζκ.
1181 2703 1343 2768 Scribam:
1371 2705 1445 2768 ἀλλ’
1470 2699 1517 2768 οὖν
1545 2707 1733 2772 ἐντεῦθέν

539 2812 572 2883 γ’
596 2805 656 2886 ἕζν.
689 2807 822 2872 Prorsus
852 2807 939 2871 idem
969 2811 1088 2873 vitium
1121 2829 1171 2892 ap.
1203 2807 1379 2873 Diodorum
1402 2808 1548 2874 Siculum
1571 2810 1638 2874 XX
1669 2811 1731 2877 103

538 2913 649 2980 eodem
672 2913 767 2979 modo
792 2913 980 3001 Madvigius
1004 2916 1129 2980 sanavit
1152 2915 1277 2979 Adsere.
1302 2937 1332 3000 p.
1359 2912 1435 2982 517.

584 3132 688 3217 §252
721 3155 751 3217 p.
778 3132 861 3197 42οε
896 3137 984 3196 τοῦτο
1015 3134 1071 3207 μὲν
1103 3134 1200 3197 τοίνυν
1223 3129 1292 3198 είπε
1315 3142 1377 3206 τοῖς
1404 3137 1546 3206 δικωςσῒς
1572 3139 1641 3201 καί
1670 3140 1733 3214 ἐμι-

537 3242 673 3314 μήσατο.
698 3238 783 3303 Leve
807 3246 856 3302 est
879 3241 1055 3324 corrigere:
1083 3231 1095 3301 ί
1121 3241 1187 3302 κοιί
1213 3241 1401 3316 ἐμιμήσατο.

581 3440 684 3526 §253
719 3463 749 3525 p.
775 3440 858 3504 420:
890 3437 975 3511 οὗτος
1008 3439 1032 3503 δ’
1058 3439 1092 3515 ἣν
1124 3441 1278 3517 βασιλεὺς
1312 3444 1362 3505 καί
1388 3442 1504 3511 ποίντεο
1528 3444 1553 3508 οἱ
1575 3441 1730 3517 Ἕλληνες

537 3546 687 3624 ὑμετέραν
720 3544 855 3622 ίγνωσοιν
889 3547 1162 3625 Ἀμφίπολιν,
1193 3547 1310 3620 ταύτην
1335 3546 1458 3624 ἐξέδωκε
1484 3550 1647 3614 κάπέδοτο.
1673 3550 1728 3616 Ia:

536 3653 667 3716 adara·
692 3654 859 3737 proprium
882 3673 997 3717 nomen
1021 3651 1128 3717 redeat
1151 3655 1184 3715 in
1210 3655 1399 3737 marginem.

580 3871 598 3954 ξ
618 3865 683 3934 257
708 3890 738 3952 p.
764 3867 841 3932 423.
867 3868 1038 3934 Aeschines
1064 3871 1214 3945 ἠτίμωσεν
1239 3870 1532 3934 ὑποικούσοιντοκ
1555 3876 1613 3934 τιν’
1631 3875 1728 3937 αὐτοῦ

534 3976 712 4051 κοιτίγορον.
749 3975 920 4052 Quaeritur
953 3973 1031 4058 quid
1065 3975 1124 4039 hoc
1159 3975 1336 4060 significet,
1367 3975 1451 4059 quod
1483 3997 1584 4060 quum
1617 3981 1727 4042 minus

534 4085 699 4165 appareat,
731 4076 771 4144 G.
798 4078 838 4143 H.
865 4077 1034 4143 Schiierus
1066 4088 1137 4164 post
1161 4078 1314 4144 Wolfium
1342 4085 1375 4144 et
1398 4080 1564 4145 Reislrium
1590 4089 1623 4146 et
1646 4082 1727 4149 alios

533 4189 579 4252 ita
609 4184 792 4270 respondet:
826 4182 960 4260 „Orator
992 4184 1070 4248 dicit
1100 4185 1309 4250 Timarchum
1340 4206 1404 4249 non
1427 4192 1537 4270 sponte
1561 4207 1636 4263 sua,
1662 4211 1725 4254 non

535 4292 563 4354 ἐν
595 4292 734 4368 ἐπηρείας
765 4288 853 4363 τοίξει
880 4291 929 4351 κοί
953 4291 1079 4368 φθίνον,
1103 4314 1166 4355 non
1190 4297 1227 4356 ut
1250 4290 1446 4376 petulantem
1473 4292 1725 4377 sycophantam,

534 4397 587 4460 sed
618 4404 768 4482 rogatum
800 4397 839 4460 ab
869 4397 981 4460 amicis
1004 4397 1245 4481 invitatumque
1268 4418 1286 4461 a
1310 4398 1399 4461 bonis
1422 4397 1548 4461 civibus
1572 4397 1612 4461 ad
1636 4419 1727 4464 accu-

533 4502 667 4566 sandum
694 4503 883 4566 Aeschinem
906 4501 1092 4588 prodiisse.'’
1129 4501 1293 4567 Dobraeus
1316 4524 1347 4587 p.
1373 4500 1439 4566 438
1462 4502 1556 4567 aliter
1579 4525 1637 4568 nec
1661 4525 1727 4571 me·

531 4607 612 4671 lius:
654 4606 823 4690 „Malim”,
859 4611 981 4691 inquii,
1021 4609 1265 4684 »ὑπακούσαντά
1302 4606 1359 4671 τιν’
1397 4609 1492 4672 οιιίτοῦ
1529 4619 1724 4685 κκτκγορεῖν.

532 4711 706 4787 Hominem,
736 4712 788 4794 qui
818 4712 891 4774 aliie
921 4713 1071 4774 obsecutus
1093 4713 1267 4775 Aeschinem
1290 4719 1483 4776 comitaturus
1506 4712 1605 4775 erat.'’
1630 4713 1725 4779 Nihil

531 4819 647 4882 horum
667 4814 788 4880 Blassio
808 4818 933 4901 probari
954 4820 1060 4901 potuit
1079 4819 1166 4902 Eloq.
1182 4816 1479 4902 Att.1112p.168:
1495 4817 1575 4895 ,Die
1588 4818 1725 4897 Stelle'',
