4525 5950
544 674 610 739 254
1032 691 1074 737 nn
1098 690 1242 739 creuere.

540 853 615 940 lego
637 854 731 918 hacc:
765 853 865 930 iodea
888 854 952 929 γάρ
979 855 1082 924 αὐτοῖς
1109 853 1331 933 (Doriensibus
1355 856 1463 919 sinum
1487 857 1737 936 traiicientibus)

541 960 651 1035 μάντις
674 961 832 1037 χρησμοὺς
853 958 953 1035 λέγων
979 961 1029 1022 καὶ
1056 957 1208 1037 ἐνθεάζων,
1234 956 1264 1024 ὃν
1289 959 1432 1035 ἐνόμισαν
1456 962 1561 1037 μάγον
1586 958 1665 1024 εἶναι
1688 962 1734 1025 ἐπὶ

540 1069 625 1146 λύμῃ
650 1070 703 1128 τοῦ
727 1071 860 1142 στρατοῦ
885 1065 978 1141 πρὸς
1003 1067 1336 1139 Πελοποννησίων
1361 1070 1693 1144 ἀπεσταλμένον.

585 1171 722 1236 Videsne
745 1177 783 1234 ut
807 1169 929 1237 Carnus
953 1193 1069 1257 magus
1092 1172 1127 1255 (i.
1142 1192 1169 1236 e.
1195 1193 1304 1237 revera
1327 1171 1468 1238 (lerneus
1493 1172 1584 1252 deus)
1607 1194 1626 1238 e
1650 1172 1737 1237 Pelo

539 1299 678 1363 ponneso
712 1276 920 1342 Doriensibus
951 1285 1002 1341 eat
1034 1274 1184 1341 obviam?
1219 1276 1428 1364 Intellegisne
1459 1300 1516 1343 cnr
1549 1278 1735 1364 Apollodori

539 1387 679 1449 narratio
710 1382 859 1468 procedat
891 1382 949 1447 hoc
980 1382 1093 1446 modo:
1127 1388 1231 1446 τοῦτον
1264 1384 1372 1457 βαλὼν
1395 1385 1523 1464 άιωντιζῳ
1548 1384 1733 1454 'irrisuri

540 1490 698 1557 Φύλαντος
731 1492 784 1551 τοῦ
813 1489 977 1566 Ἀντιόχου
1009 1495 1061 1552 τοῦ
1095 1489 1278 1565 Ἡρακλέους
1312 1489 1415 1567 τυχὼν
1446 1487 1650 1553 άσένιτεινενέ
1681 1511 1734 1553 cur

539 1594 718 1659 Antiochus
738 1593 955 1680 transfigatur,
976 1616 1093 1680 magus
1113 1601 1222 1660 autem
1242 1594 1350 1660 salvus
1370 1593 1482 1660 abeat?
1502 1595 1628 1681 Nempe
1641 1596 1733 1661 deum

540 1722 677 1785 quocum
713 1721 786 1764 mox
818 1698 936 1786 Apollo
969 1721 1001 1765 se
1033 1706 1100 1765 erat
1132 1703 1377 1778 coniuncturus,
1410 1703 1502 1766 cuius
1533 1723 1652 1766 nomen
1675 1703 1733 1766 sibi

538 1810 697 1871 asciturus
727 1810 812 1882 erat,
843 1804 939 1870 illum
963 1805 1130 1888 interficere
1155 1828 1216 1872 non
1239 1805 1356 1871 licebat
1380 1805 1561 1871 Heraclidis
1585 1806 1733 1892 Apolline

538 1914 617 1977 duce
641 1912 880 1998 navigantibus.

582 2018 694 2104 Pergit
707 2017 896 2082 Pausanias:
920 2018 969 2081 τὸν
984 2019 1039 2092 μέν
1053 2017 1198 2091 'lenires
1213 2018 1446 2096 ἐφυγάδευσαν,
1460 2040 1533 2084 cum
1549 2018 1729 2104 Apollinem

535 2122 678 2189 laesisset
700 2124 866 2207 factusque
887 2129 970 2188 esset
989 2125 1160 2201 άλιιθμων,
1184 2122 1305 2199 άσιμος.
1326 2124 1432 2189 Facile
1450 2127 1554 2210 igitur
1573 2124 1730 2190 credimus

537 2232 570 2293 in
602 2229 791 2305 ’λγντορίοις
823 2230 884 2293 hoc
908 2250 1034 2314 quoque
1058 2229 1221 2315 episodion
1245 2233 1278 2293 in
1303 2251 1396 2296 scena
1419 2252 1486 2296 esse
1509 2236 1678 2315 peractum
1701 2238 1731 2295 et

537 2336 635 2400 fuisse
655 2334 797 2419 aliquem
817 2337 872 2418 qui
893 2335 1036 2399 Ἰπσότον
1051 2374 1093 2383 -
1109 2339 1131 2399 i.
1145 2358 1171 2401 e.
1193 2341 1245 2399 σοῦ
1268 2337 1417 2413 ἡγεμόνος
1433 2344 1597 2423 ——ageret
1618 2342 1729 2422 partes.

581 2440 702 2526 Operae
738 2461 821 2505 nunc
857 2446 905 2505 est
940 2444 1080 2525 pretium
1112 2445 1298 2506 meminisse
1330 2441 1456 2528 glossae
1489 2442 1728 2529 Hesychianae,

536 2567 616 2631 quae
648 2567 812 2632 perperam
844 2551 881 2610 ut
904 2549 1015 2631 opinor
1039 2547 1204 2633 hucusque
1228 2569 1246 2612 a
1270 2569 1301 2612 v.
1327 2548 1356 2612 d.
1381 2556 1429 2612 est
1452 2548 1628 2634 explicata:
1654 2550 1729 2626 άγν-

535 2655 608 2724 σάς·
643 2653 655 2715 ό
688 2652 860 2730 όερωμένος·
892 2651 1014 2728 άσιμος.
1048 2653 1077 2714 ἐν
1108 2654 1139 2716 δέ
1172 2661 1235 2725 τοῖς
1269 2656 1423 2729 Καρνείοιο
1455 2653 1650 2730 όέερωμένος
1675 2661 1729 2725 σῆς

535 2761 611 2822 θεοῦ.
644 2758 695 2818 καὶ
729 2758 745 2828 ἦ
777 2758 861 2832 ἑορτὴ
894 2757 1074 2836 ’λγνσθρια
1107 2756 1208 2824 Cuius
1239 2758 1364 2844 glossae
1393 2757 1511 2823 ultima
1535 2758 1633 2823 verba
1657 2784 1684 2821 ιι.
1712 2760 1728 2830 ἡ

535 2864 558 2927 ἓ.
581 2865 628 2927 Ἀ.
654 2865 717 2926 viri
740 2861 826 2926 docti
846 2862 885 2927 ad
906 2884 1005 2926 unum
1026 2884 1135 2928 omnes
1156 2864 1391 2929 transtulerunt
1410 2865 1448 2929 ad
1467 2864 1630 2950 glossam:
1651 2865 1729 2941 άγνί·

535 2996 593 3047 τωρ
619 2971 632 3034 ὃ
658 2976 715 3033 τῶν
740 2969 924 3049 ’ΛΦοοθότνις
950 2971 1063 3043 θυηλῶν
1088 2971 1253 3047 ἡγούμενος
1279 2972 1373 3047 ἱερεὺς
1399 2972 1429 3035 ἐν
1453 2971 1579 3049 Κάσοῳ;
1609 2992 1728 3036 necnon

532 3081 711 3161 sequuntur
741 3075 921 3141 Meursium
955 3085 1008 3151 σῦς
1041 3081 1106 3140 θεοῦ
1134 3084 1315 3143 mutantem
1338 3081 1372 3142 in
1396 3084 1449 3141 σοῦ
1474 3081 1557 3153 θεοῦ;
1581 3083 1655 3141 tum
1680 3099 1728 3142 ex-

532 3181 672 3267 plicent:
700 3183 733 3258 „l
760 3183 915 3260 ιἐρωμένος
941 3188 993 3246 τοῦ
1018 3186 1082 3247 θεοῦ
1108 3191 1157 3248 est
1181 3184 1342 3269 Apollinis
1366 3183 1544 3249 sacerdos.'’

578 3290 621 3352 At
645 3309 720 3352 cum
744 3310 761 3352 e
784 3287 911 3353 Scholio
934 3289 972 3353 ad
997 3287 1127 3354 Theocr.
1154 3289 1181 3352 V
1205 3288 1248 3353 83
1273 3296 1422 3375 appareat
1446 3289 1617 3353 Dorienses
1641 3288 1727 3354 Pelo·

533 3416 710 3481 ponnesum
742 3415 809 3459 esse
841 3398 1002 3481 ingressos
1026 3395 1161 3460 ducibus
1184 3394 1336 3482 Apolline
1360 3403 1393 3461 et
1416 3396 1492 3461 love
1517 3397 1735 3474 ’λγάσοιιῃ7

531 3504 665 3578 iniuria,
691 3506 785 3585 puto,
811 3522 926 3565 nomon
952 3503 1025 3567 festi
1050 3505 1219 3580 ’λγνσθρια
1249 3540 1288 3550 -
1313 3524 1411 3587 quem
1434 3503 1535 3580 ἑορτάν
1556 3500 1728 3565 Dorienses

533 3608 767 3693 coniungebant
805 3628 879 3672 cum
920 3605 1050 3673 (lemeis
1087 3648 1128 3658 —
1165 3608 1234 3674 loco
1270 3631 1327 3674 suo
1362 3614 1537 3673 moverunt
1570 3608 1727 3673 hodierni.

532 3712 653 3778 Deinde
689 3711 788 3777 velim
824 3712 982 3799 explicent
1016 3717 1072 3798 qul
1107 3714 1250 3780 sacerdos
1285 3718 1391 3780 vocari
1427 3717 1528 3799 possit
1563 3714 1677 3789 άσιμος
1694 3714 1727 3792 ¹).

532 3819 705 3884 Videamus
729 3822 802 3904 ipsi.

577 3924 661 4003 Quid
695 3933 743 3988 est
778 3923 935 4003 ἱερῦσθιιιέ
972 3923 1120 4009 Explicat
1153 3924 1259 3991 Schol.
1293 3926 1342 3990 ad.
1375 3924 1474 3990 Thuc.
1508 3924 1547 4001 V,
1583 3926 1621 3989 1:
1654 3926 1730 4003 ἱερὸν

532 4031 713 4094 άνακεέσθαι
739 4032 779 4107 τῷ
805 4032 871 4107 θεῷ;
898 4030 981 4095 unde
1007 4030 1086 4095 effici
1111 4029 1189 4096 licet
1212 4034 1262 4094 τὸν
1287 4031 1441 4109 ἐερωμένον
1465 4052 1533 4095 esse
1558 4032 1635 4109 ἱερὸν
1655 4031 1730 4094 α’νά-

532 4140 614 4211 θνμιι
640 4140 693 4200 σοῦ
718 4136 793 4210 θεοῦ,
816 4134 913 4199 illum
936 4139 1039 4223 igitur
1063 4140 1156 4201 cuius
1181 4140 1248 4201 rita
1271 4141 1398 4202 numini
1419 4138 1599 4202 habebatur
1623 4157 1728 4214 sacra,

532 4243 697 4306 hominem
721 4240 933 4326 piacularem,
958 4242 1068 4328 quales
1092 4244 1223 4307 fuerunt
1247 4244 1409 4322 Φαρμακοέ
1431 4245 1456 4308 οἱ
1477 4244 1506 4307 ἐν
1527 4244 1727 4321 Θαργηλίοις.

532 4348 594 4412 Sed
605 4348 691 4412 idern
705 4354 753 4411 est
766 4346 893 4424 άσιμοι,
911 4355 1022 4432 utpote
1035 4351 1163 4414 crimini
1178 4371 1254 4415 vero
1269 4350 1320 4414 vel
1332 4349 1405 4414 ficto
1418 4349 1546 4415 cuidam
1560 4351 1727 4416 obnoxius.

532 4453 634 4532 Quare
659 4455 802 4538 suspicor
827 4452 941 4530 illum,
967 4457 1023 4538 qui
1045 4458 1078 4518 in
1104 4456 1266 4541 Agetoriis
1294 4457 1471 4521 sustinebat
1498 4461 1551 4520 σοῦ
1578 4457 1727 4521 Ἱπσθσοο

532 4566 584 4624 σοῦ
617 4566 675 4623 σῶν
708 4560 843 4637 Δωριέων
875 4559 1023 4635 ἡγεμόνος
1049 4568 1172 4646 paries,
1199 4565 1253 4647 qui
1277 4563 1316 4627 ob
1340 4560 1437 4628 Carni
1460 4562 1590 4627 caedem
1615 4565 1727 4642 φυγάς

566 4806 590 4865 l)
607 4802 755 4852 corneorum
773 4803 880 4851 sacerdos
897 4803 922 4852 in
941 4803 1001 4853 Insa.
1020 4820 1113 4871 semper
1130 4805 1251 4855 indicatur
1269 4807 1364 4856 nominc
1380 4804 1463 4869 ἱερεύς.
