4525 5950
971 679 1114 727 sumnus.
1569 659 1633 725 199

435 848 561 911 vitiam
582 823 821 927 movendasque
840 839 950 927 populi
970 840 1155 906 offensiones
1174 861 1355 906 concessam
1372 840 1437 905 filio
1449 842 1627 906 materiem'

437 949 542 1017 bilem
563 970 689 1030 moves,
709 947 786 1013 licet
804 948 881 1012 haec
901 950 1103 1032 praemiseris
1123 945 1294 1012 vocabula:
1318 969 1402 1024 „non
1415 946 1636 1012 crediderim”.

436 1057 582 1123 Subiicis
614 1059 718 1120 enim:
752 1074 969 1139 „quamquam
999 1052 1032 1118 id
1064 1074 1190 1138 quoque
1213 1053 1335 1118 dictum
1359 1052 1446 1132 est’';
1471 1054 1522 1117 his
1546 1074 1636 1118 voca-

438 1163 527 1229 bulis
560 1167 665 1228 totum
697 1159 819 1226 claudis
848 1159 974 1237 locum,
1007 1166 1103 1244 atque
1127 1162 1172 1223 sic
1196 1162 1230 1223 in
1253 1158 1434 1245 legentium
1457 1161 1574 1224 animis
1599 1159 1633 1222 τὸ

438 1269 560 1348 κέντρον
585 1267 839 1344 tractantiam.
865 1265 948 1332 (lum
972 1285 1084 1330 causae
1103 1265 1248 1349 idoneae,
1273 1267 1453 1350 simplices,
1480 1268 1637 1331 verisimi-

436 1374 486 1440 les
519 1373 599 1438 aliae
630 1372 788 1458 prolatae,
820 1372 901 1436 aliae
923 1371 1081 1436 indicatae
1106 1378 1198 1448 sunt,
1222 1371 1379 1435 eiusmodi
1402 1374 1500 1436 etiarn
1524 1371 1637 1436 addere

437 1482 656 1565 suspiciones,
688 1477 783 1565 longe
814 1479 996 1553 arcessitae,
1021 1484 1130 1562 aperta
1154 1497 1228 1540 cum
1252 1477 1511 1561 praecedentibus
1534 1477 1637 1542 fronte

437 1592 641 1672 pugnantes,
673 1584 713 1648 ab
736 1585 806 1669 ipsa
829 1583 1035 1648 abhorrentes
1060 1583 1202 1646 humana
1224 1581 1348 1659 indole,
1373 1603 1435 1647 non
1458 1585 1568 1668 gravis
1592 1590 1637 1648 at·

438 1713 504 1777 qus
535 1692 656 1755 veracis
686 1695 735 1754 est
758 1689 902 1754 historici
926 1688 980 1753 sed
1005 1687 1178 1753 maledicae
1202 1686 1419 1753 mulierculae.
1444 1688 1492 1751 En
1516 1708 1578 1773 quo
1602 1695 1633 1754 te

437 1797 539 1862 ducat
568 1795 656 1860 istud
686 1793 805 1860 Tiberii
829 1816 903 1859 oum
928 1793 1113 1859 Domitiano
1138 1793 1333 1869 conferendi,
1359 1792 1410 1858 vel
1434 1796 1541 1879 potius
1566 1816 1637 1859 con-

438 1902 614 1979 fundendi,
639 1899 803 1966 studium!

487 2012 570 2072 Ann.
590 2006 631 2085 II,
654 2005 707 2072 38.
733 2006 862 2071 Marcus
881 2004 1052 2080 Hortalus,
1073 2006 1205 2069 oratoris
1225 2003 1389 2069 Hortensii
1409 2025 1519 2090 nepos,
1540 2012 1634 2091 atque

437 2117 573 2181 omnino
603 2135 701 2197 nepos
732 2115 948 2198 (agnoscimus
980 2114 1066 2176 snim
1097 2130 1136 2175 ex
1167 2115 1235 2175 tota
1265 2113 1443 2175 narratione
1469 2110 1632 2176 hominem

437 2241 595 2305 nequam,
614 2221 669 2304 qui
689 2221 798 2303 inepta
816 2217 944 2282 luxuria
963 2218 1195 2302 patrimonium
1214 2215 1419 2301 dilapidarit),
1437 2238 1633 2303 quamquam

437 2324 543 2390 semel
572 2327 638 2389 iam
668 2326 789 2409 insigni
819 2321 1011 2388 liberalitate
1042 2323 1185 2407 Augusti
1216 2321 1346 2385 adiutus
1376 2330 1440 2399 est,
1465 2330 1634 2408 postquam

437 2435 607 2515 ingentem
638 2449 764 2513 quoque
794 2426 885 2492 illam
908 2429 1076 2512 pecuniam
1101 2427 1218 2504 (decies
1241 2427 1344 2491 fuerat
1367 2431 1565 2507 sestertium)
1588 2431 1636 2492 iu·

438 2538 526 2601 sanis
549 2534 691 2620 profudit
714 2535 913 2620 sumptibus,
937 2535 1057 2597 iterum
1081 2538 1188 2616 petere
1212 2538 1248 2594 ut
1273 2533 1335 2596 sibi
1358 2554 1396 2596 ex
1420 2536 1540 2597 aerario
1564 2535 1636 2598 snb·

437 2644 590 2706 veniatur
621 2662 685 2705 non
712 2646 856 2716 veretum
881 2638 1083 2704 lacrimosam
1107 2638 1146 2702 ad
1171 2645 1317 2702 senatum
1340 2639 1436 2702 habet
1459 2643 1634 2704 orationem

436 2758 470 2813 et
491 2748 532 2809 τὰ
555 2746 702 2821 παιδάρια
722 2745 854 2809 ἀνέλκει.
876 2743 1059 2828 Respondet
1078 2744 1203 2808 homini
1224 2742 1370 2808 Tiberius
1388 2747 1529 2809 oratione
1541 2744 1635 2830 plena

436 2853 645 2939 prudentiae,
677 2849 769 2936 plena
800 2850 986 2935 dignitatis,
1011 2851 1044 2913 in
1070 2870 1132 2934 qua
1155 2850 1262 2914 omnia
1285 2855 1361 2912 sunt
1385 2853 1532 2936 egregia,
1557 2851 1634 2916 haec

438 2967 548 3024 tamen
574 2955 625 3022 vel
649 2957 937 3041 praestantissima:

487 3063 579 3141 „Non
603 3083 710 3148 preces
733 3068 809 3127 sunt
830 3061 937 3137 istud,
958 3060 1013 3124 sed
1032 3059 1238 3146 efflagitatio,
1258 3062 1484 3146 intempestiva
1501 3063 1631 3146 quidem

438 3178 470 3236 et
494 3172 687 3255 improvisa,
712 3190 786 3233 cum
810 3166 881 3232 aliis
906 3167 1053 3233 derebus
1074 3170 1278 3232 convenerint
1297 3176 1420 3252 patres,
1441 3190 1632 3255 consurgere

437 3283 470 3341 et
502 3296 636 3339 numero
666 3281 761 3359 atque
792 3280 895 3338 aetate
919 3272 1056 3338 liberum
1081 3294 1213 3337 suorum
1237 3295 1351 3359 urgere
1375 3274 1566 3339 modestiam
1590 3297 1635 3340 se·

437 3389 552 3457 natus,
587 3378 721 3445 eandem
756 3382 826 3445 vim
860 3381 893 3442 in
929 3399 981 3442 me
1013 3380 1232 3443 transmittere
1265 3400 1300 3444 ac
1323 3379 1415 3444 velut
1438 3380 1634 3467 perfringere

436 3488 617 3560 aerarium,
651 3485 734 3569 quod
765 3487 793 3549 si
817 3485 992 3549 ambitione
1015 3484 1276 3562 exhauserimus,
1300 3507 1356 3569 per
1379 3484 1481 3550 scelus
1506 3487 1634 3572 explen-

438 3593 519 3656 dum
550 3594 621 3656 erit.
651 3590 849 3675 languescet
873 3590 995 3674 alioqui
1018 3589 1193 3664 industria;
1218 3591 1401 3655 intendetur
1423 3592 1581 3669 socordia,
1606 3596 1634 3657 si

437 3697 550 3762 nullus
576 3704 629 3775 (an
652 3720 693 3759 aa
708 3692 768 3776 al)
791 3717 829 3760 ex
854 3716 887 3760 se
910 3701 1016 3759 metus
1042 3701 1098 3759 aut
1117 3715 1204 3778 spes;
1226 3702 1258 3760 et
1277 3699 1380 3761 securi
1400 3718 1510 3762 omnes
1531 3696 1633 3763 aliena

436 3802 582 3868 subsidia
604 3803 833 3888 expectabunt,
858 3802 920 3865 sibi
943 3804 1072 3887 ignavi,
1098 3802 1189 3865 nobis
1212 3802 1358 3887 graves.''

481 3908 562 3987 Quis
593 3927 736 3991 unquam
769 3909 916 3992 princeps
947 3904 1065 3971 melius
1095 3907 1223 3971 obstitit
1253 3907 1460 3993 indignorum
1484 3910 1629 3993 precibus

432 4012 694 4098 impudentibus,
728 4015 800 4098 quis
831 4032 884 4076 eos
914 4011 1080 4097 redarguit
1112 4015 1254 4076 oratione
1286 4034 1343 4097 pro
1376 4035 1409 4077 se
1432 4014 1627 4091 honestiore,

433 4140 493 4204 pro
524 4117 688 4202 republica
711 4114 860 4182 utiliore?
884 4115 966 4197 Quid
989 4138 1065 4204 ergo
1088 4119 1247 4182 attinebat
1269 4120 1415 4183 acerbam
1440 4121 1520 4184 hanc
1543 4141 1630 4205 prae·

434 4227 568 4287 mittere
591 4226 908 4308 interpretationem:

483 4326 673 4404 „Inclinatio
697 4334 824 4393 senatus
845 4330 1092 4394 incitamentum
1113 4328 1240 4393 Tiberio
1262 4330 1342 4409 fuit,
1364 4353 1426 4416 quo
1448 4335 1628 4418 promptius

432 4435 667 4509 adversaretur,
690 4434 741 4497 his
764 4434 872 4498 verbis
895 4431 1019 4498 usns'’l
1042 4434 1149 4499 Habet
1171 4436 1311 4520 profecto
1333 4439 1402 4523 ipsa
1424 4442 1542 4514 oratio,
1564 4460 1628 4521 quo

431 4564 465 4607 se
500 4539 649 4605 defendat
680 4539 960 4624 commendetqne3
997 4539 1052 4605 sed
1083 4544 1109 4604 si
1141 4562 1254 4606 verum
1286 4551 1367 4607 esset
1397 4544 1482 4627 quod
1514 4545 1628 4608 infesto

430 4647 566 4713 Tacitus
598 4646 693 4729 fingit
722 4648 847 4723 animo,
880 4648 907 4710 si
933 4643 1079 4711 Tiberius
1104 4647 1175 4712 ideo
1198 4648 1327 4712 Hortali
1352 4650 1497 4733 precibus
1521 4650 1630 4713 adver·

430 4761 523 4818 satus
557 4757 656 4828 esset,
690 4751 763 4836 qaia
793 4750 996 4838 intelligebat
1025 4753 1133 4819 favere
1165 4756 1194 4816 ei
1225 4761 1389 4832 senatum,
1422 4778 1524 4820 nonne
1549 4756 1625 4820 haec
