<?xml version="1.0" encoding="UTF-8"?>
<!DOCTYPE html PUBLIC "-//W3C//DTD XHTML 1.0 Transitional//EN"
    "http://www.w3.org/TR/xhtml1/DTD/xhtml1-transitional.dtd">
<html xmlns="http://www.w3.org/1999/xhtml" xml:lang="en" lang="en">
 <head>
  <title>
</title>
<meta http-equiv="Content-Type" content="text/html;charset=utf-8" />
  <meta name='ocr-system' content='tesseract 3.04.00' />
  <meta name='ocr-capabilities' content='ocr_page ocr_carea ocr_par ocr_line ocrx_word'/>
</head>
<body>
  <div class='ocr_page' id='page_1' title='image "./mnemosyne07verdgoog_0344.png"; bbox 0 0 4525 5950; ppageno 0'>
   <div class='ocr_carea' id='block_1_1' title="bbox 532 697 1199 763">
    <p class='ocr_par' dir='ltr' id='par_1_1' title="bbox 532 697 1199 763">
     <span class='ocr_line' id='line_1_1' title="bbox 532 697 1199 763; baseline -0.004 -1"><span class='ocrx_word' id='word_1_1' title='bbox 532 697 598 763; x_wconf 80' lang='lat'>322</span> <span class='ocrx_word' id='word_1_2' title='bbox 1057 710 1199 760; x_wconf 78' lang='grc'><strong>3331333.</strong></span> 
     </span>
    </p>
   </div>
   <div class='ocr_carea' id='block_1_2' title="bbox 531 861 1755 4862">
    <p class='ocr_par' dir='ltr' id='par_1_2' title="bbox 531 861 1712 1066">
     <span class='ocr_line' id='line_1_2' title="bbox 531 861 1712 965; baseline -0.003 -21"><span class='ocrx_word' id='word_1_3' title='bbox 531 880 674 965; x_wconf 77' lang='lat' dir='ltr'>legiones</span> <span class='ocrx_word' id='word_1_4' title='bbox 697 877 823 941; x_wconf 87' lang='lat' dir='ltr'>fuerant</span> <span class='ocrx_word' id='word_1_5' title='bbox 847 875 1034 961; x_wconf 87' lang='lat' dir='ltr'>profligatae</span> <span class='ocrx_word' id='word_1_6' title='bbox 1058 881 1090 940; x_wconf 94' lang='lat' dir='ltr'>et</span> <span class='ocrx_word' id='word_1_7' title='bbox 1113 875 1267 960; x_wconf 83' lang='lat' dir='ltr'><strong>reliquiae</strong></span> <span class='ocrx_word' id='word_1_8' title='bbox 1290 897 1400 940; x_wconf 85' lang='lat' dir='ltr'>esrum</span> <span class='ocrx_word' id='word_1_9' title='bbox 1423 861 1606 961; x_wconf 77' lang='lat' dir='ltr'>insepultae</span> <span class='ocrx_word' id='word_1_10' title='bbox 1624 879 1712 941; x_wconf 84' lang='lat' dir='ltr'>iacere</span> 
     </span>
     <span class='ocr_line' id='line_1_3' title="bbox 532 980 1512 1066; baseline -0.004 -16"><span class='ocrx_word' id='word_1_11' title='bbox 532 986 727 1057; x_wconf 80' lang='lat' dir='ltr'>dicebantur,</span> <span class='ocrx_word' id='word_1_12' title='bbox 752 981 911 1046; x_wconf 82' lang='lat' dir='ltr'><strong>militibus</strong></span> <span class='ocrx_word' id='word_1_13' title='bbox 935 982 1070 1065; x_wconf 89' lang='lat' dir='ltr'>ducique</span> <span class='ocrx_word' id='word_1_14' title='bbox 1094 980 1215 1046; x_wconf 84' lang='lat' dir='ltr'>solvere</span> <span class='ocrx_word' id='word_1_15' title='bbox 1239 984 1325 1046; x_wconf 88' lang='lat' dir='ltr'>iusta</span> <span class='ocrx_word' id='word_1_16' title='bbox 1348 982 1512 1066; x_wconf 87' lang='lat' dir='ltr'>cupiebat:</span> 
     </span>
    </p>

    <p class='ocr_par' dir='ltr' id='par_1_3' title="bbox 531 1086 1715 1580">
     <span class='ocr_line' id='line_1_4' title="bbox 580 1086 1713 1173; baseline -0.001 -19"><span class='ocrx_word' id='word_1_17' title='bbox 580 1092 779 1168; x_wconf 87' lang='lat' dir='ltr'>„Praemisso</span> <span class='ocrx_word' id='word_1_18' title='bbox 799 1086 945 1164; x_wconf 79' lang='lat' dir='ltr'>Caecina,</span> <span class='ocrx_word' id='word_1_19' title='bbox 967 1095 1005 1152; x_wconf 91' lang='lat' dir='ltr'>ut</span> <span class='ocrx_word' id='word_1_20' title='bbox 1024 1088 1149 1153; x_wconf 87' lang='lat' dir='ltr'>occulta</span> <span class='ocrx_word' id='word_1_21' title='bbox 1169 1086 1312 1152; x_wconf 89' lang='lat' dir='ltr'>saltuum</span> <span class='ocrx_word' id='word_1_22' title='bbox 1331 1095 1529 1154; x_wconf 80' lang='lat' dir='ltr'>scrutaretur</span> <span class='ocrx_word' id='word_1_23' title='bbox 1550 1094 1713 1173; x_wconf 77' lang='lat' dir='ltr'>pontesque</span> 
     </span>
     <span class='ocr_line' id='line_1_5' title="bbox 533 1193 1715 1282; baseline -0.006 -18"><span class='ocrx_word' id='word_1_24' title='bbox 533 1206 565 1264; x_wconf 90' lang='lat' dir='ltr'>et</span> <span class='ocrx_word' id='word_1_25' title='bbox 595 1217 729 1282; x_wconf 81' lang='lat' dir='ltr'>aggeres</span> <span class='ocrx_word' id='word_1_26' title='bbox 752 1195 862 1259; x_wconf 94' lang='lat' dir='ltr'>umido</span> <span class='ocrx_word' id='word_1_27' title='bbox 886 1194 1042 1279; x_wconf 90' lang='lat' dir='ltr'>paludum</span> <span class='ocrx_word' id='word_1_28' title='bbox 1066 1201 1098 1259; x_wconf 90' lang='lat' dir='ltr'>et</span> <span class='ocrx_word' id='word_1_29' title='bbox 1121 1193 1289 1259; x_wconf 87' lang='lat' dir='ltr'>fallacibus</span> <span class='ocrx_word' id='word_1_30' title='bbox 1312 1197 1434 1279; x_wconf 85' lang='lat' dir='ltr'>campis</span> <span class='ocrx_word' id='word_1_31' title='bbox 1456 1197 1655 1279; x_wconf 90' lang='lat' dir='ltr'>imponeret,</span> <span class='ocrx_word' id='word_1_32' title='bbox 1676 1196 1715 1257; x_wconf 91' lang='lat' dir='ltr'>in·</span> 
     </span>
     <span class='ocr_line' id='line_1_6' title="bbox 532 1299 1714 1384; baseline -0.004 -16"><span class='ocrx_word' id='word_1_33' title='bbox 532 1303 649 1369; x_wconf 92' lang='lat' dir='ltr'>cedunt</span> <span class='ocrx_word' id='word_1_34' title='bbox 672 1309 809 1365; x_wconf 88' lang='lat' dir='ltr'>maestos</span> <span class='ocrx_word' id='word_1_35' title='bbox 831 1299 915 1364; x_wconf 89' lang='lat' dir='ltr'>locos</span> <span class='ocrx_word' id='word_1_36' title='bbox 937 1302 1073 1384; x_wconf 85' lang='lat' dir='ltr'>visuque</span> <span class='ocrx_word' id='word_1_37' title='bbox 1097 1320 1132 1364; x_wconf 91' lang='lat' dir='ltr'>ao</span> <span class='ocrx_word' id='word_1_38' title='bbox 1155 1303 1310 1365; x_wconf 88' lang='lat' dir='ltr'>memoria</span> <span class='ocrx_word' id='word_1_39' title='bbox 1333 1300 1494 1364; x_wconf 80' lang='lat' dir='ltr'>deformis.</span> <span class='ocrx_word' id='word_1_40' title='bbox 1519 1300 1633 1364; x_wconf 81' lang='lat' dir='ltr'>Primo</span> <span class='ocrx_word' id='word_1_41' title='bbox 1650 1299 1714 1364; x_wconf 78' lang='lat' dir='ltr'>Vari</span> 
     </span>
     <span class='ocr_line' id='line_1_7' title="bbox 531 1406 1714 1492; baseline -0.003 -19"><span class='ocrx_word' id='word_1_42' title='bbox 531 1415 634 1474; x_wconf 89' lang='grc'><strong>333133</strong></span> <span class='ocrx_word' id='word_1_43' title='bbox 655 1406 722 1471; x_wconf 89' lang='grc'><strong>1313</strong></span> <span class='ocrx_word' id='word_1_44' title='bbox 746 1406 871 1471; x_wconf 91' lang='lat' dir='ltr'>ambitu</span> <span class='ocrx_word' id='word_1_45' title='bbox 890 1412 923 1470; x_wconf 90' lang='lat' dir='ltr'>et</span> <span class='ocrx_word' id='word_1_46' title='bbox 942 1406 1094 1470; x_wconf 88' lang='lat' dir='ltr'>dimensis</span> <span class='ocrx_word' id='word_1_47' title='bbox 1114 1408 1280 1491; x_wconf 88' lang='lat' dir='ltr'>principiis</span> <span class='ocrx_word' id='word_1_48' title='bbox 1300 1409 1401 1471; x_wconf 91' lang='lat' dir='ltr'>trium</span> <span class='ocrx_word' id='word_1_49' title='bbox 1420 1406 1592 1492; x_wconf 91' lang='lat' dir='ltr'>legionum</span> <span class='ocrx_word' id='word_1_50' title='bbox 1612 1427 1714 1472; x_wconf 86' lang='lat' dir='ltr'>manus</span> 
     </span>
     <span class='ocr_line' id='line_1_8' title="bbox 532 1512 763 1580; baseline -0.026 0"><span class='ocrx_word' id='word_1_51' title='bbox 532 1512 763 1580; x_wconf 85' lang='lat' dir='ltr'>ostentabant.&#39;&#39;</span> 
     </span>
    </p>

    <p class='ocr_par' dir='ltr' id='par_1_4' title="bbox 532 1615 1755 2760">
     <span class='ocr_line' id='line_1_9' title="bbox 578 1615 1755 1703; baseline -0.001 -20"><span class='ocrx_word' id='word_1_52' title='bbox 578 1621 607 1684; x_wconf 91' lang='lat' dir='ltr'>A</span> <span class='ocrx_word' id='word_1_53' title='bbox 635 1619 739 1682; x_wconf 88' lang='lat' dir='ltr'>tribue</span> <span class='ocrx_word' id='word_1_54' title='bbox 770 1619 905 1702; x_wconf 89' lang='lat' dir='ltr'>integris</span> <span class='ocrx_word' id='word_1_55' title='bbox 936 1615 1118 1702; x_wconf 87' lang='lat' dir='ltr'>legionibus</span> <span class='ocrx_word' id='word_1_56' title='bbox 1148 1638 1184 1681; x_wconf 87' lang='lat' dir='ltr'>ea</span> <span class='ocrx_word' id='word_1_57' title='bbox 1215 1624 1318 1682; x_wconf 87' lang='grc'><strong>333133</strong></span> <span class='ocrx_word' id='word_1_58' title='bbox 1347 1623 1469 1682; x_wconf 84' lang='grc'><strong>3133313</strong></span> <span class='ocrx_word' id='word_1_59' title='bbox 1492 1639 1563 1682; x_wconf 88' lang='lat' dir='ltr'>esse</span> <span class='ocrx_word' id='word_1_60' title='bbox 1587 1617 1713 1693; x_wconf 85' lang='lat' dir='ltr'>milites,</span> <span class='ocrx_word' id='word_1_61' title='bbox 1754 1688 1755 1703; x_wconf 49' lang='lat'>,</span> 
     </span>
     <span class='ocr_line' id='line_1_10' title="bbox 532 1720 1755 1808; baseline -0.003 -20"><span class='ocrx_word' id='word_1_62' title='bbox 532 1745 606 1788; x_wconf 91' lang='lat' dir='ltr'>cum</span> <span class='ocrx_word' id='word_1_63' title='bbox 638 1729 848 1798; x_wconf 85' lang='lat' dir='ltr'>accesserant,</span> <span class='ocrx_word' id='word_1_64' title='bbox 881 1724 992 1785; x_wconf 87' lang='lat' dir='ltr'>statim</span> <span class='ocrx_word' id='word_1_65' title='bbox 1015 1722 1224 1801; x_wconf 70' lang='lat' dir='ltr'>intelligebant</span> <span class='ocrx_word' id='word_1_66' title='bbox 1247 1721 1357 1807; x_wconf 90' lang='lat' dir='ltr'>(paulo</span> <span class='ocrx_word' id='word_1_67' title='bbox 1381 1728 1453 1808; x_wconf 94' lang='lat' dir='ltr'>post</span> <span class='ocrx_word' id='word_1_68' title='bbox 1474 1725 1625 1807; x_wconf 91' lang='lat' dir='ltr'>sequitur</span> <span class='ocrx_word' id='word_1_69' title='bbox 1645 1720 1715 1786; x_wconf 90' lang='lat' dir='ltr'>illud</span> <span class='ocrx_word' id='word_1_70' title='bbox 1754 1744 1755 1797; x_wconf 63' lang='lat'><strong><em>;</em></strong></span> 
     </span>
     <span class='ocr_line' id='line_1_11' title="bbox 533 1826 1755 1914; baseline -0.005 -18"><span class='ocrx_word' id='word_1_71' title='bbox 533 1832 686 1906; x_wconf 85' lang='lat' dir='ltr'>verbum,</span> <span class='ocrx_word' id='word_1_72' title='bbox 718 1829 756 1893; x_wconf 94' lang='lat' dir='ltr'>de</span> <span class='ocrx_word' id='word_1_73' title='bbox 786 1850 847 1914; x_wconf 92' lang='lat' dir='ltr'>quo</span> <span class='ocrx_word' id='word_1_74' title='bbox 878 1828 916 1892; x_wconf 89' lang='lat' dir='ltr'>cf.</span> <span class='ocrx_word' id='word_1_75' title='bbox 949 1826 1019 1892; x_wconf 87' lang='lat' dir='ltr'>Vol.</span> <span class='ocrx_word' id='word_1_76' title='bbox 1044 1827 1140 1891; x_wconf 85' lang='lat' dir='ltr'>XXX</span> <span class='ocrx_word' id='word_1_77' title='bbox 1165 1849 1239 1914; x_wconf 87' lang='lat' dir='ltr'>pag.</span> <span class='ocrx_word' id='word_1_78' title='bbox 1266 1828 1354 1908; x_wconf 82' lang='lat'>103),</span> <span class='ocrx_word' id='word_1_79' title='bbox 1385 1835 1495 1893; x_wconf 88' lang='lat' dir='ltr'>tantus</span> <span class='ocrx_word' id='word_1_80' title='bbox 1519 1836 1591 1893; x_wconf 86' lang='lat' dir='ltr'>erat</span> <span class='ocrx_word' id='word_1_81' title='bbox 1614 1848 1714 1893; x_wconf 89' lang='lat' dir='ltr'>eornm</span> <span class='ocrx_word' id='word_1_82' title='bbox 1754 1840 1755 1853; x_wconf 64' lang='lat'>¹</span> 
     </span>
     <span class='ocr_line' id='line_1_12' title="bbox 533 1931 1715 2018; baseline -0.003 -17"><span class='ocrx_word' id='word_1_83' title='bbox 533 1936 675 2001; x_wconf 87' lang='lat' dir='ltr'>ambitus</span> <span class='ocrx_word' id='word_1_84' title='bbox 706 1942 738 1999; x_wconf 90' lang='lat' dir='ltr'>et</span> <span class='ocrx_word' id='word_1_85' title='bbox 770 1940 877 1998; x_wconf 87' lang='lat' dir='ltr'>tentas</span> <span class='ocrx_word' id='word_1_86' title='bbox 907 1953 1018 1997; x_wconf 91' lang='lat' dir='ltr'>omnes</span> <span class='ocrx_word' id='word_1_87' title='bbox 1049 1954 1161 1997; x_wconf 90' lang='lat' dir='ltr'>eorum</span> <span class='ocrx_word' id='word_1_88' title='bbox 1185 1940 1300 2018; x_wconf 87' lang='lat' dir='ltr'>partes.</span> <span class='ocrx_word' id='word_1_89' title='bbox 1326 1933 1388 1998; x_wconf 81' lang='lat' dir='ltr'>Sed</span> <span class='ocrx_word' id='word_1_90' title='bbox 1411 1935 1590 1999; x_wconf 85' lang='lat' dir='ltr'>absurdum</span> <span class='ocrx_word' id='word_1_91' title='bbox 1615 1941 1662 1998; x_wconf 91' lang='lat' dir='ltr'>est</span> <span class='ocrx_word' id='word_1_92' title='bbox 1682 1931 1715 1997; x_wconf 89' lang='lat' dir='ltr'>ad</span> 
     </span>
     <span class='ocr_line' id='line_1_13' title="bbox 532 2037 1716 2125; baseline -0.003 -19"><span class='ocrx_word' id='word_1_93' title='bbox 532 2040 690 2106; x_wconf 93' lang='lat' dir='ltr'>eiusmodi</span> <span class='ocrx_word' id='word_1_94' title='bbox 710 2061 774 2116; x_wconf 90' lang='lat' dir='ltr'>res,</span> <span class='ocrx_word' id='word_1_95' title='bbox 795 2040 833 2103; x_wconf 91' lang='lat' dir='ltr'>de</span> <span class='ocrx_word' id='word_1_96' title='bbox 852 2039 968 2122; x_wconf 91' lang='lat' dir='ltr'>quibus</span> <span class='ocrx_word' id='word_1_97' title='bbox 987 2037 1046 2102; x_wconf 89' lang='lat' dir='ltr'>soli</span> <span class='ocrx_word' id='word_1_98' title='bbox 1067 2037 1152 2103; x_wconf 93' lang='lat' dir='ltr'>oculi</span> <span class='ocrx_word' id='word_1_99' title='bbox 1175 2039 1280 2103; x_wconf 91' lang='lat' dir='ltr'>idonei</span> <span class='ocrx_word' id='word_1_100' title='bbox 1304 2046 1379 2104; x_wconf 89' lang='lat' dir='ltr'>sunt</span> <span class='ocrx_word' id='word_1_101' title='bbox 1401 2045 1517 2116; x_wconf 86' lang='lat' dir='ltr'>testes,</span> <span class='ocrx_word' id='word_1_102' title='bbox 1542 2038 1716 2125; x_wconf 87' lang='lat' dir='ltr'>intelligen-</span> 
     </span>
     <span class='ocr_line' id='line_1_14' title="bbox 533 2143 1716 2231; baseline -0.004 -20"><span class='ocrx_word' id='word_1_103' title='bbox 533 2149 588 2212; x_wconf 88' lang='lat' dir='ltr'>das</span> <span class='ocrx_word' id='word_1_104' title='bbox 619 2166 763 2231; x_wconf 88' lang='lat' dir='ltr'>promere</span> <span class='ocrx_word' id='word_1_105' title='bbox 794 2147 929 2230; x_wconf 88' lang='lat' dir='ltr'>perticas</span> <span class='ocrx_word' id='word_1_106' title='bbox 961 2149 993 2208; x_wconf 90' lang='lat' dir='ltr'>et</span> <span class='ocrx_word' id='word_1_107' title='bbox 1015 2145 1228 2209; x_wconf 85' lang='lat' dir='ltr'>metatoribus</span> <span class='ocrx_word' id='word_1_108' title='bbox 1252 2145 1401 2210; x_wconf 82' lang='lat' dir='ltr'>exhibere</span> <span class='ocrx_word' id='word_1_109' title='bbox 1425 2147 1570 2230; x_wconf 87' lang='lat' dir='ltr'>negotia.</span> <span class='ocrx_word' id='word_1_110' title='bbox 1596 2143 1716 2209; x_wconf 74' lang='lat' dir='ltr'>Accedit</span> 
     </span>
     <span class='ocr_line' id='line_1_15' title="bbox 533 2249 1715 2337; baseline -0.003 -21"><span class='ocrx_word' id='word_1_111' title='bbox 533 2251 620 2337; x_wconf 93' lang='lat' dir='ltr'>quod</span> <span class='ocrx_word' id='word_1_112' title='bbox 662 2251 725 2313; x_wconf 88' lang='lat' dir='ltr'>loto</span> <span class='ocrx_word' id='word_1_113' title='bbox 760 2249 871 2312; x_wconf 80' lang='lat' dir='ltr'>ambito</span> <span class='ocrx_word' id='word_1_114' title='bbox 905 2257 934 2311; x_wconf 86' lang='lat' dir='ltr'>et</span> <span class='ocrx_word' id='word_1_115' title='bbox 968 2249 1109 2312; x_wconf 77' lang='lat' dir='ltr'>dimensio</span> <span class='ocrx_word' id='word_1_116' title='bbox 1137 2249 1303 2331; x_wconf 76' lang='lat' dir='ltr'>principiis</span> <span class='ocrx_word' id='word_1_117' title='bbox 1337 2250 1510 2315; x_wconf 86' lang='lat' dir='ltr'>admodum</span> <span class='ocrx_word' id='word_1_118' title='bbox 1546 2253 1715 2336; x_wconf 88' lang='lat' dir='ltr'>incongme</span> 
     </span>
     <span class='ocr_line' id='line_1_16' title="bbox 534 2355 1717 2440; baseline -0.004 -17"><span class='ocrx_word' id='word_1_119' title='bbox 534 2359 658 2423; x_wconf 92' lang='lat' dir='ltr'>dictum</span> <span class='ocrx_word' id='word_1_120' title='bbox 678 2362 735 2421; x_wconf 91' lang='lat' dir='ltr'>est.</span> <span class='ocrx_word' id='word_1_121' title='bbox 756 2356 878 2420; x_wconf 85' lang='lat' dir='ltr'>Locum</span> <span class='ocrx_word' id='word_1_122' title='bbox 898 2355 1095 2419; x_wconf 89' lang='lat' dir='ltr'>hauddubie</span> <span class='ocrx_word' id='word_1_123' title='bbox 1115 2361 1301 2440; x_wconf 90' lang='lat' dir='ltr'>corruptum</span> <span class='ocrx_word' id='word_1_124' title='bbox 1321 2356 1486 2421; x_wconf 87' lang='lat' dir='ltr'>lenissima</span> <span class='ocrx_word' id='word_1_125' title='bbox 1501 2357 1717 2421; x_wconf 89' lang='lat' dir='ltr'>emendatione</span> 
     </span>
     <span class='ocr_line' id='line_1_17' title="bbox 533 2461 1717 2548; baseline -0.004 -20"><span class='ocrx_word' id='word_1_126' title='bbox 533 2467 566 2528; x_wconf 92' lang='lat' dir='ltr'>in</span> <span class='ocrx_word' id='word_1_127' title='bbox 589 2467 753 2548; x_wconf 88' lang='lat' dir='ltr'>integrum</span> <span class='ocrx_word' id='word_1_128' title='bbox 778 2464 945 2525; x_wconf 89' lang='lat' dir='ltr'>restituere</span> <span class='ocrx_word' id='word_1_129' title='bbox 966 2468 1065 2544; x_wconf 90' lang='lat' dir='ltr'>potes.</span> <span class='ocrx_word' id='word_1_130' title='bbox 1090 2461 1278 2546; x_wconf 86' lang='lat' dir='ltr'>Legendnm</span> <span class='ocrx_word' id='word_1_131' title='bbox 1298 2465 1385 2526; x_wconf 89' lang='lat' dir='ltr'>enim</span> <span class='ocrx_word' id='word_1_132' title='bbox 1405 2468 1454 2526; x_wconf 90' lang='lat' dir='ltr'>est</span> <span class='ocrx_word' id='word_1_133' title='bbox 1472 2463 1625 2525; x_wconf 73' lang='lat' dir='ltr'>immensis</span> <span class='ocrx_word' id='word_1_134' title='bbox 1639 2461 1717 2544; x_wconf 81' lang='lat' dir='ltr'>pris·</span> 
     </span>
     <span class='ocr_line' id='line_1_18' title="bbox 533 2566 1716 2654; baseline -0.003 -22"><span class='ocrx_word' id='word_1_135' title='bbox 533 2569 633 2652; x_wconf 83' lang='lat' dir='ltr'>cipiis.</span> <span class='ocrx_word' id='word_1_136' title='bbox 666 2567 713 2632; x_wconf 93' lang='lat' dir='ltr'>De</span> <span class='ocrx_word' id='word_1_137' title='bbox 744 2567 894 2632; x_wconf 86' lang='lat' dir='ltr'>adiectiui</span> <span class='ocrx_word' id='word_1_138' title='bbox 923 2567 1079 2630; x_wconf 78' lang='grc'><strong>1333333333</strong></span> <span class='ocrx_word' id='word_1_139' title='bbox 1102 2589 1163 2632; x_wconf 89' lang='grc'>333</span> <span class='ocrx_word' id='word_1_140' title='bbox 1187 2566 1313 2632; x_wconf 74' lang='grc'><strong>’1331133</strong></span> <span class='ocrx_word' id='word_1_141' title='bbox 1337 2569 1376 2632; x_wconf 88' lang='lat' dir='ltr'>cf.</span> <span class='ocrx_word' id='word_1_142' title='bbox 1401 2589 1482 2653; x_wconf 89' lang='lat' dir='ltr'>quse</span> <span class='ocrx_word' id='word_1_143' title='bbox 1506 2570 1628 2654; x_wconf 89' lang='lat' dir='ltr'>scripta</span> <span class='ocrx_word' id='word_1_144' title='bbox 1650 2573 1716 2632; x_wconf 92' lang='lat' dir='ltr'>sunt</span> 
     </span>
     <span class='ocr_line' id='line_1_19' title="bbox 535 2673 710 2760; baseline -0.011 -21"><span class='ocrx_word' id='word_1_145' title='bbox 535 2695 609 2760; x_wconf 86' lang='lat' dir='ltr'>pag.</span> <span class='ocrx_word' id='word_1_146' title='bbox 633 2673 710 2738; x_wconf 80' lang='lat'>206.</span> 
     </span>
    </p>

    <p class='ocr_par' dir='ltr' id='par_1_5' title="bbox 532 2776 1716 3078">
     <span class='ocr_line' id='line_1_20' title="bbox 577 2776 1716 2856; baseline -0.002 -12"><span class='ocrx_word' id='word_1_147' title='bbox 577 2781 603 2856; x_wconf 95' lang='lat' dir='ltr'>I,</span> <span class='ocrx_word' id='word_1_148' title='bbox 630 2777 683 2843; x_wconf 82' lang='lat'>74.</span> <span class='ocrx_word' id='word_1_149' title='bbox 718 2779 756 2842; x_wconf 93' lang='lat' dir='ltr'>ln</span> <span class='ocrx_word' id='word_1_150' title='bbox 791 2776 950 2843; x_wconf 86' lang='lat' dir='ltr'>Granium</span> <span class='ocrx_word' id='word_1_151' title='bbox 984 2777 1175 2843; x_wconf 89' lang='lat' dir='ltr'>Marcellum</span> <span class='ocrx_word' id='word_1_152' title='bbox 1211 2800 1312 2843; x_wconf 93' lang='lat' dir='ltr'>unum</span> <span class='ocrx_word' id='word_1_153' title='bbox 1346 2780 1504 2845; x_wconf 91' lang='lat' dir='ltr'>eiusmodi</span> <span class='ocrx_word' id='word_1_154' title='bbox 1538 2783 1660 2845; x_wconf 91' lang='lat' dir='ltr'>crimen</span> <span class='ocrx_word' id='word_1_155' title='bbox 1687 2781 1716 2842; x_wconf 92' lang='lat' dir='ltr'>in</span> 
     </span>
     <span class='ocr_line' id='line_1_21' title="bbox 533 2882 1716 2971; baseline 0.001 -22"><span class='ocrx_word' id='word_1_156' title='bbox 533 2890 645 2949; x_wconf 85' lang='lat' dir='ltr'>senatu</span> <span class='ocrx_word' id='word_1_157' title='bbox 668 2884 828 2971; x_wconf 88' lang='lat' dir='ltr'>profertur</span> <span class='ocrx_word' id='word_1_158' title='bbox 850 2889 888 2948; x_wconf 91' lang='lat' dir='ltr'>ut</span> <span class='ocrx_word' id='word_1_159' title='bbox 910 2886 976 2947; x_wconf 88' lang='lat' dir='ltr'>irae</span> <span class='ocrx_word' id='word_1_160' title='bbox 999 2904 1073 2947; x_wconf 88' lang='lat' dir='ltr'>suae</span> <span class='ocrx_word' id='word_1_161' title='bbox 1097 2886 1255 2968; x_wconf 84' lang='lat' dir='ltr'>imperare</span> <span class='ocrx_word' id='word_1_162' title='bbox 1277 2906 1339 2949; x_wconf 92' lang='lat' dir='ltr'>non</span> <span class='ocrx_word' id='word_1_163' title='bbox 1360 2888 1460 2969; x_wconf 93' lang='lat' dir='ltr'>possit</span> <span class='ocrx_word' id='word_1_164' title='bbox 1478 2884 1639 2951; x_wconf 79' lang='lat' dir='ltr'>Tiberius.</span> <span class='ocrx_word' id='word_1_165' title='bbox 1662 2882 1716 2949; x_wconf 85' lang='lat' dir='ltr'>Sed</span> 
     </span>
     <span class='ocr_line' id='line_1_22' title="bbox 532 2989 1364 3078; baseline -0.001 -22"><span class='ocrx_word' id='word_1_166' title='bbox 532 2991 638 3078; x_wconf 89' lang='lat' dir='ltr'>lepida</span> <span class='ocrx_word' id='word_1_167' title='bbox 661 2989 718 3057; x_wconf 84' lang='lat' dir='ltr'>On.</span> <span class='ocrx_word' id='word_1_168' title='bbox 743 2991 869 3055; x_wconf 90' lang='lat' dir='ltr'>Pisonis</span> <span class='ocrx_word' id='word_1_169' title='bbox 891 2993 1141 3076; x_wconf 88' lang='lat' dir='ltr'>interrogatione</span> <span class='ocrx_word' id='word_1_170' title='bbox 1164 2992 1364 3056; x_wconf 86' lang='lat' dir='ltr'>confutatur:</span> 
     </span>
    </p>

    <p class='ocr_par' dir='ltr' id='par_1_6' title="bbox 533 3096 1716 3268">
     <span class='ocr_line' id='line_1_23' title="bbox 579 3096 1716 3183; baseline 0 -23"><span class='ocrx_word' id='word_1_171' title='bbox 579 3103 783 3182; x_wconf 87' lang='lat' dir='ltr'>„quantoque</span> <span class='ocrx_word' id='word_1_172' title='bbox 813 3099 973 3160; x_wconf 90' lang='lat' dir='ltr'>incautius</span> <span class='ocrx_word' id='word_1_173' title='bbox 997 3096 1179 3174; x_wconf 84' lang='lat' dir='ltr'>efferverat,</span> <span class='ocrx_word' id='word_1_174' title='bbox 1204 3100 1399 3181; x_wconf 85' lang='lat' dir='ltr'>paenitentia</span> <span class='ocrx_word' id='word_1_175' title='bbox 1422 3100 1549 3183; x_wconf 89' lang='lat' dir='ltr'>patiens</span> <span class='ocrx_word' id='word_1_176' title='bbox 1573 3097 1651 3163; x_wconf 91' lang='lat' dir='ltr'>tulit</span> <span class='ocrx_word' id='word_1_177' title='bbox 1672 3097 1716 3162; x_wconf 87' lang='lat' dir='ltr'>sb</span> 
     </span>
     <span class='ocr_line' id='line_1_24' title="bbox 533 3202 1177 3268; baseline -0.003 0"><span class='ocrx_word' id='word_1_178' title='bbox 533 3202 615 3268; x_wconf 85' lang='lat' dir='ltr'>solvi</span> <span class='ocrx_word' id='word_1_179' title='bbox 638 3224 730 3267; x_wconf 89' lang='lat' dir='ltr'>reum</span> <span class='ocrx_word' id='word_1_180' title='bbox 754 3202 943 3266; x_wconf 90' lang='lat' dir='ltr'>criminibus</span> <span class='ocrx_word' id='word_1_181' title='bbox 965 3202 1177 3266; x_wconf 90' lang='lat' dir='ltr'>maiestatis.&#39;&#39;</span> 
     </span>
    </p>

    <p class='ocr_par' dir='ltr' id='par_1_7' title="bbox 531 3307 1725 4862">
     <span class='ocr_line' id='line_1_25' title="bbox 578 3307 1716 3392; baseline -0.003 -19"><span class='ocrx_word' id='word_1_182' title='bbox 578 3308 625 3373; x_wconf 85' lang='lat' dir='ltr'>De</span> <span class='ocrx_word' id='word_1_183' title='bbox 647 3314 799 3370; x_wconf 79' lang='lat' dir='ltr'>structura</span> <span class='ocrx_word' id='word_1_184' title='bbox 822 3328 885 3371; x_wconf 92' lang='lat' dir='ltr'>non</span> <span class='ocrx_word' id='word_1_185' title='bbox 909 3309 1055 3392; x_wconf 90' lang='lat' dir='ltr'>ambigo,</span> <span class='ocrx_word' id='word_1_186' title='bbox 1081 3328 1277 3392; x_wconf 85' lang='lat' dir='ltr'>quamquam</span> <span class='ocrx_word' id='word_1_187' title='bbox 1296 3308 1406 3373; x_wconf 90' lang='lat' dir='ltr'>nullus</span> <span class='ocrx_word' id='word_1_188' title='bbox 1425 3329 1443 3373; x_wconf 93' lang='lat' dir='ltr'>e</span> <span class='ocrx_word' id='word_1_189' title='bbox 1462 3307 1575 3374; x_wconf 79' lang='lat' dir='ltr'>Tacito</span> <span class='ocrx_word' id='word_1_190' title='bbox 1595 3310 1716 3374; x_wconf 85' lang='lat' dir='ltr'>affertur</span> 
     </span>
     <span class='ocr_line' id='line_1_26' title="bbox 532 3411 1718 3500; baseline 0.003 -22"><span class='ocrx_word' id='word_1_191' title='bbox 532 3411 622 3478; x_wconf 91' lang='lat' dir='ltr'>locus</span> <span class='ocrx_word' id='word_1_192' title='bbox 652 3414 707 3476; x_wconf 94' lang='lat' dir='ltr'>ubi</span> <span class='ocrx_word' id='word_1_193' title='bbox 738 3434 770 3475; x_wconf 88' lang='grc'>33</span> <span class='ocrx_word' id='word_1_194' title='bbox 801 3415 883 3475; x_wconf 85' lang='lat' dir='ltr'>modo</span> <span class='ocrx_word' id='word_1_195' title='bbox 914 3435 970 3497; x_wconf 78' lang='lat' dir='ltr'>quo</span> <span class='ocrx_word' id='word_1_196' title='bbox 994 3413 1042 3474; x_wconf 84' lang='lat' dir='ltr'>iio</span> <span class='ocrx_word' id='word_1_197' title='bbox 1065 3415 1225 3497; x_wconf 86' lang='lat' dir='ltr'>positivus</span> <span class='ocrx_word' id='word_1_198' title='bbox 1248 3413 1364 3498; x_wconf 87' lang='lat' dir='ltr'>aliquis</span> <span class='ocrx_word' id='word_1_199' title='bbox 1387 3418 1608 3499; x_wconf 85' lang='lat' dir='ltr'>comparativo</span> <span class='ocrx_word' id='word_1_200' title='bbox 1632 3435 1718 3500; x_wconf 80' lang='lat' dir='ltr'>eppo</span> 
     </span>
     <span class='ocr_line' id='line_1_27' title="bbox 532 3517 1718 3604; baseline 0.002 -22"><span class='ocrx_word' id='word_1_201' title='bbox 532 3521 631 3583; x_wconf 89' lang='lat' dir='ltr'>nitur.</span> <span class='ocrx_word' id='word_1_202' title='bbox 664 3517 726 3582; x_wconf 84' lang='lat' dir='ltr'>Sed</span> <span class='ocrx_word' id='word_1_203' title='bbox 756 3520 861 3602; x_wconf 90' lang='lat' dir='ltr'>ipsum</span> <span class='ocrx_word' id='word_1_204' title='bbox 894 3518 977 3581; x_wconf 94' lang='lat' dir='ltr'>illud</span> <span class='ocrx_word' id='word_1_205' title='bbox 1001 3519 1193 3599; x_wconf 78' lang='lat' dir='ltr'>poenitentia</span> <span class='ocrx_word' id='word_1_206' title='bbox 1219 3520 1341 3604; x_wconf 82' lang='lat' dir='ltr'>potiens</span> <span class='ocrx_word' id='word_1_207' title='bbox 1371 3541 1464 3585; x_wconf 89' lang='grc'><strong>33333</strong></span> <span class='ocrx_word' id='word_1_208' title='bbox 1496 3542 1626 3586; x_wconf 89' lang='lat' dir='ltr'>cassum</span> <span class='ocrx_word' id='word_1_209' title='bbox 1657 3540 1718 3585; x_wconf 87' lang='lat' dir='ltr'>esse</span> 
     </span>
     <span class='ocr_line' id='line_1_28' title="bbox 534 3623 1718 3711; baseline 0.002 -24"><span class='ocrx_word' id='word_1_210' title='bbox 534 3624 615 3688; x_wconf 93' lang='lat' dir='ltr'>mihi</span> <span class='ocrx_word' id='word_1_211' title='bbox 657 3644 713 3708; x_wconf 92' lang='lat' dir='ltr'>pro</span> <span class='ocrx_word' id='word_1_212' title='bbox 748 3630 833 3688; x_wconf 89' lang='grc'><strong>33313</strong></span> <span class='ocrx_word' id='word_1_213' title='bbox 867 3629 1001 3688; x_wconf 86' lang='lat' dir='ltr'>constat.</span> <span class='ocrx_word' id='word_1_214' title='bbox 1047 3623 1156 3708; x_wconf 91' lang='lat' dir='ltr'>Neque</span> <span class='ocrx_word' id='word_1_215' title='bbox 1191 3627 1238 3688; x_wconf 85' lang='lat' dir='ltr'>ita</span> <span class='ocrx_word' id='word_1_216' title='bbox 1272 3627 1435 3709; x_wconf 89' lang='lat' dir='ltr'>scripsisse</span> <span class='ocrx_word' id='word_1_217' title='bbox 1467 3625 1619 3691; x_wconf 80' lang='lat' dir='ltr'>Tacitum</span> <span class='ocrx_word' id='word_1_218' title='bbox 1657 3630 1718 3711; x_wconf 87' lang='lat' dir='ltr'>ipse</span> 
     </span>
     <span class='ocr_line' id='line_1_29' title="bbox 533 3728 1720 3818; baseline 0.001 -25"><span class='ocrx_word' id='word_1_219' title='bbox 533 3729 630 3793; x_wconf 87' lang='lat' dir='ltr'>codex</span> <span class='ocrx_word' id='word_1_220' title='bbox 655 3730 818 3814; x_wconf 89' lang='lat' dir='ltr'>perspicue</span> <span class='ocrx_word' id='word_1_221' title='bbox 843 3728 1049 3792; x_wconf 87' lang='lat' dir='ltr'>demonstrat.</span> <span class='ocrx_word' id='word_1_222' title='bbox 1082 3728 1118 3791; x_wconf 92' lang='lat' dir='ltr'>ln</span> <span class='ocrx_word' id='word_1_223' title='bbox 1142 3729 1279 3794; x_wconf 90' lang='lat' dir='ltr'>Medicei</span> <span class='ocrx_word' id='word_1_224' title='bbox 1303 3733 1387 3794; x_wconf 90' lang='lat' dir='ltr'>enim</span> <span class='ocrx_word' id='word_1_225' title='bbox 1408 3733 1552 3816; x_wconf 88' lang='lat' dir='ltr'>imagine</span> <span class='ocrx_word' id='word_1_226' title='bbox 1577 3735 1720 3818; x_wconf 87' lang='lat' dir='ltr'>phototy·</span> 
     </span>
     <span class='ocr_line' id='line_1_30' title="bbox 532 3833 1719 3921; baseline 0.001 -24"><span class='ocrx_word' id='word_1_227' title='bbox 532 3837 617 3919; x_wconf 88' lang='grc'><strong>3133,</strong></span> <span class='ocrx_word' id='word_1_228' title='bbox 638 3853 735 3917; x_wconf 92' lang='lat' dir='ltr'>quam</span> <span class='ocrx_word' id='word_1_229' title='bbox 754 3836 883 3918; x_wconf 91' lang='lat' dir='ltr'>egregie</span> <span class='ocrx_word' id='word_1_230' title='bbox 903 3833 1128 3898; x_wconf 88' lang='lat' dir='ltr'>conficiendam</span> <span class='ocrx_word' id='word_1_231' title='bbox 1149 3838 1276 3897; x_wconf 87' lang='lat' dir='ltr'>curavit</span> <span class='ocrx_word' id='word_1_232' title='bbox 1294 3834 1485 3921; x_wconf 82' lang='lat' dir='ltr'>Sythoffius,</span> <span class='ocrx_word' id='word_1_233' title='bbox 1506 3838 1589 3901; x_wconf 86' lang='grc'><strong>31313</strong></span> <span class='ocrx_word' id='word_1_234' title='bbox 1608 3844 1719 3911; x_wconf 83' lang='grc'><strong>333133,</strong></span> 
     </span>
     <span class='ocr_line' id='line_1_31' title="bbox 533 3938 1720 4023; baseline 0.002 -19"><span class='ocrx_word' id='word_1_235' title='bbox 533 3960 595 4004; x_wconf 83' lang='grc'>333</span> <span class='ocrx_word' id='word_1_236' title='bbox 622 3938 812 4021; x_wconf 77' lang='lat' dir='ltr'>poenitentia</span> <span class='ocrx_word' id='word_1_237' title='bbox 844 3938 960 4002; x_wconf 87' lang='lat' dir='ltr'>ultima</span> <span class='ocrx_word' id='word_1_238' title='bbox 990 3939 1119 4023; x_wconf 88' lang='lat' dir='ltr'>quidem</span> <span class='ocrx_word' id='word_1_239' title='bbox 1151 3945 1199 4003; x_wconf 90' lang='lat' dir='ltr'>est</span> <span class='ocrx_word' id='word_1_240' title='bbox 1227 3938 1346 4017; x_wconf 88' lang='lat' dir='ltr'>lineae,</span> <span class='ocrx_word' id='word_1_241' title='bbox 1378 3942 1432 4006; x_wconf 91' lang='lat' dir='ltr'>sed</span> <span class='ocrx_word' id='word_1_242' title='bbox 1460 3963 1522 4006; x_wconf 93' lang='lat' dir='ltr'>non</span> <span class='ocrx_word' id='word_1_243' title='bbox 1556 3943 1597 4006; x_wconf 87' lang='lat' dir='ltr'>ad</span> <span class='ocrx_word' id='word_1_244' title='bbox 1629 3943 1720 4008; x_wconf 84' lang='lat' dir='ltr'>finem</span> 
     </span>
     <span class='ocr_line' id='line_1_32' title="bbox 533 4043 1720 4133; baseline 0.003 -25"><span class='ocrx_word' id='word_1_245' title='bbox 533 4044 635 4108; x_wconf 88' lang='lat' dir='ltr'>lineae</span> <span class='ocrx_word' id='word_1_246' title='bbox 654 4046 824 4128; x_wconf 89' lang='lat' dir='ltr'>percurrit:</span> <span class='ocrx_word' id='word_1_247' title='bbox 845 4047 990 4129; x_wconf 85' lang='lat' dir='ltr'>sequitur</span> <span class='ocrx_word' id='word_1_248' title='bbox 1009 4046 1097 4108; x_wconf 91' lang='lat' dir='ltr'>enim</span> <span class='ocrx_word' id='word_1_249' title='bbox 1115 4043 1246 4122; x_wconf 88' lang='lat' dir='ltr'>lacuna,</span> <span class='ocrx_word' id='word_1_250' title='bbox 1266 4049 1300 4108; x_wconf 92' lang='lat' dir='ltr'>in</span> <span class='ocrx_word' id='word_1_251' title='bbox 1321 4067 1383 4131; x_wconf 88' lang='lat' dir='ltr'>qua</span> <span class='ocrx_word' id='word_1_252' title='bbox 1403 4047 1555 4112; x_wconf 83' lang='lat' dir='ltr'>evanidae</span> <span class='ocrx_word' id='word_1_253' title='bbox 1569 4050 1720 4133; x_wconf 87' lang='lat' dir='ltr'>quaedam</span> 
     </span>
     <span class='ocr_line' id='line_1_33' title="bbox 534 4148 1722 4236; baseline 0.003 -23"><span class='ocrx_word' id='word_1_254' title='bbox 534 4152 632 4213; x_wconf 87' lang='lat' dir='ltr'>etiam</span> <span class='ocrx_word' id='word_1_255' title='bbox 656 4170 739 4213; x_wconf 92' lang='lat' dir='ltr'>nunc</span> <span class='ocrx_word' id='word_1_256' title='bbox 763 4152 1001 4234; x_wconf 89' lang='lat' dir='ltr'>conspiciuntur</span> <span class='ocrx_word' id='word_1_257' title='bbox 1023 4148 1146 4214; x_wconf 90' lang='grc'><strong>1113333.</strong></span> <span class='ocrx_word' id='word_1_258' title='bbox 1170 4150 1330 4235; x_wconf 83' lang='lat' dir='ltr'>Equidem</span> <span class='ocrx_word' id='word_1_259' title='bbox 1352 4152 1399 4215; x_wconf 93' lang='lat' dir='ltr'>ibi</span> <span class='ocrx_word' id='word_1_260' title='bbox 1423 4153 1505 4216; x_wconf 91' lang='lat' dir='ltr'>mibi</span> <span class='ocrx_word' id='word_1_261' title='bbox 1523 4156 1655 4236; x_wconf 80' lang='lat' dir='ltr'>propior</span> <span class='ocrx_word' id='word_1_262' title='bbox 1673 4152 1722 4220; x_wconf 85' lang='lat' dir='ltr'>vel</span> 
     </span>
     <span class='ocr_line' id='line_1_34' title="bbox 531 4253 1721 4341; baseline 0.006 -26"><span class='ocrx_word' id='word_1_263' title='bbox 531 4255 655 4335; x_wconf 79' lang='lat' dir='ltr'>pronior</span> <span class='ocrx_word' id='word_1_264' title='bbox 678 4275 847 4338; x_wconf 89' lang='lat' dir='ltr'>agnoscere</span> <span class='ocrx_word' id='word_1_265' title='bbox 872 4255 989 4332; x_wconf 88' lang='lat' dir='ltr'>videor,</span> <span class='ocrx_word' id='word_1_266' title='bbox 1015 4254 1068 4318; x_wconf 87' lang='lat' dir='ltr'>sed</span> <span class='ocrx_word' id='word_1_267' title='bbox 1087 4253 1196 4318; x_wconf 89' lang='lat' dir='ltr'>literas</span> <span class='ocrx_word' id='word_1_268' title='bbox 1210 4279 1235 4336; x_wconf 88' lang='lat' dir='ltr'>p</span> <span class='ocrx_word' id='word_1_269' title='bbox 1255 4262 1287 4320; x_wconf 90' lang='lat' dir='ltr'>et</span> <span class='ocrx_word' id='word_1_270' title='bbox 1305 4279 1321 4318; x_wconf 91' lang='grc'>3</span> <span class='ocrx_word' id='word_1_271' title='bbox 1341 4277 1490 4341; x_wconf 88' lang='grc'><strong>33333333</strong></span> <span class='ocrx_word' id='word_1_272' title='bbox 1511 4262 1613 4323; x_wconf 86' lang='lat' dir='ltr'>etiam</span> <span class='ocrx_word' id='word_1_273' title='bbox 1633 4280 1721 4324; x_wconf 92' lang='lat' dir='ltr'>nemo</span> 
     </span>
     <span class='ocr_line' id='line_1_35' title="bbox 533 4358 1721 4450; baseline 0.004 -27"><span class='ocrx_word' id='word_1_274' title='bbox 533 4360 674 4444; x_wconf 86' lang='lat' dir='ltr'>negabit.</span> <span class='ocrx_word' id='word_1_275' title='bbox 696 4362 800 4443; x_wconf 87' lang='lat' dir='ltr'>Atque</span> <span class='ocrx_word' id='word_1_276' title='bbox 819 4358 972 4424; x_wconf 88' lang='lat' dir='ltr'>alterutro</span> <span class='ocrx_word' id='word_1_277' title='bbox 992 4360 1147 4423; x_wconf 83' lang='lat' dir='ltr'>uocabulo</span> <span class='ocrx_word' id='word_1_278' title='bbox 1167 4359 1298 4425; x_wconf 86' lang='lat' dir='ltr'>lacunae</span> <span class='ocrx_word' id='word_1_279' title='bbox 1318 4365 1461 4446; x_wconf 88' lang='lat' dir='ltr'>spat-ium</span> <span class='ocrx_word' id='word_1_280' title='bbox 1480 4364 1546 4428; x_wconf 88' lang='lat' dir='ltr'>fere</span> <span class='ocrx_word' id='word_1_281' title='bbox 1558 4365 1721 4450; x_wconf 90' lang='lat' dir='ltr'>impletur.</span> 
     </span>
     <span class='ocr_line' id='line_1_36' title="bbox 534 4464 1723 4556; baseline 0.006 -28"><span class='ocrx_word' id='word_1_282' title='bbox 534 4464 669 4549; x_wconf 80' lang='lat' dir='ltr'>Scripsit</span> <span class='ocrx_word' id='word_1_283' title='bbox 699 4485 775 4550; x_wconf 89' lang='lat' dir='ltr'>ergo</span> <span class='ocrx_word' id='word_1_284' title='bbox 799 4464 927 4529; x_wconf 81' lang='lat' dir='ltr'>Tacitus</span> <span class='ocrx_word' id='word_1_285' title='bbox 945 4465 1154 4547; x_wconf 64' lang='lat' dir='ltr'>poenitentioe</span> <span class='ocrx_word' id='word_1_286' title='bbox 1169 4468 1298 4548; x_wconf 76' lang='lat' dir='ltr'>propior</span> <span class='ocrx_word' id='word_1_287' title='bbox 1322 4467 1387 4546; x_wconf 88' lang='lat' dir='ltr'>(vel</span> <span class='ocrx_word' id='word_1_288' title='bbox 1407 4469 1559 4549; x_wconf 82' lang='lat' dir='ltr'>pronior),</span> <span class='ocrx_word' id='word_1_289' title='bbox 1588 4472 1642 4535; x_wconf 87' lang='lat' dir='ltr'>sed</span> <span class='ocrx_word' id='word_1_290' title='bbox 1671 4474 1723 4556; x_wconf 92' lang='lat' dir='ltr'>qui</span> 
     </span>
     <span class='ocr_line' id='line_1_37' title="bbox 533 4569 1725 4655; baseline 0.008 -23"><span class='ocrx_word' id='word_1_291' title='bbox 533 4570 673 4633; x_wconf 91' lang='lat' dir='ltr'>codicem</span> <span class='ocrx_word' id='word_1_292' title='bbox 698 4573 840 4655; x_wconf 85' lang='lat' dir='ltr'>scripsit,</span> <span class='ocrx_word' id='word_1_293' title='bbox 865 4569 917 4634; x_wconf 81' lang='lat' dir='ltr'>vel</span> <span class='ocrx_word' id='word_1_294' title='bbox 941 4572 1135 4635; x_wconf 87' lang='lat' dir='ltr'>substantivi</span> <span class='ocrx_word' id='word_1_295' title='bbox 1148 4573 1341 4653; x_wconf 80' lang='lat' dir='ltr'>poenitentia</span> <span class='ocrx_word' id='word_1_296' title='bbox 1361 4594 1454 4651; x_wconf 88' lang='lat' dir='ltr'>sono,</span> <span class='ocrx_word' id='word_1_297' title='bbox 1476 4574 1529 4639; x_wconf 85' lang='lat' dir='ltr'>vel</span> <span class='ocrx_word' id='word_1_298' title='bbox 1549 4574 1614 4641; x_wconf 88' lang='lat' dir='ltr'>alia</span> <span class='ocrx_word' id='word_1_299' title='bbox 1633 4598 1725 4642; x_wconf 83' lang='lat' dir='ltr'>causa</span> 
     </span>
     <span class='ocr_line' id='line_1_38' title="bbox 534 4659 1725 4764; baseline 0.009 -28"><span class='ocrx_word' id='word_1_300' title='bbox 534 4673 657 4757; x_wconf 90' lang='lat' dir='ltr'>aliqua,</span> <span class='ocrx_word' id='word_1_301' title='bbox 684 4677 719 4737; x_wconf 93' lang='lat' dir='ltr'>in</span> <span class='ocrx_word' id='word_1_302' title='bbox 743 4659 881 4738; x_wconf 88' lang='lat' dir='ltr'>errorem</span> <span class='ocrx_word' id='word_1_303' title='bbox 902 4675 1053 4739; x_wconf 90' lang='lat' dir='ltr'>inductus</span> <span class='ocrx_word' id='word_1_304' title='bbox 1075 4697 1194 4740; x_wconf 81' lang='lat' dir='ltr'>novam</span> <span class='ocrx_word' id='word_1_305' title='bbox 1218 4676 1337 4740; x_wconf 89' lang='lat' dir='ltr'>lincam</span> <span class='ocrx_word' id='word_1_306' title='bbox 1361 4680 1399 4741; x_wconf 88' lang='lat' dir='ltr'>ab</span> <span class='ocrx_word' id='word_1_307' title='bbox 1423 4679 1582 4745; x_wconf 85' lang='lat' dir='ltr'>adiectiso</span> <span class='ocrx_word' id='word_1_308' title='bbox 1601 4684 1725 4764; x_wconf 76' lang='lat' dir='ltr'>patiens</span> 
     </span>
     <span class='ocr_line' id='line_1_39' title="bbox 533 4779 1725 4862; baseline 0.007 -19"><span class='ocrx_word' id='word_1_309' title='bbox 533 4780 724 4843; x_wconf 86' lang='lat' dir='ltr'>ordiebatur.</span> <span class='ocrx_word' id='word_1_310' title='bbox 748 4779 888 4855; x_wconf 89' lang='lat' dir='ltr'>Deinde,</span> <span class='ocrx_word' id='word_1_311' title='bbox 913 4786 1001 4843; x_wconf 89' lang='lat' dir='ltr'>ratus</span> <span class='ocrx_word' id='word_1_312' title='bbox 1018 4782 1210 4862; x_wconf 82' lang='lat' dir='ltr'>poenitentia</span> <span class='ocrx_word' id='word_1_313' title='bbox 1227 4783 1351 4862; x_wconf 79' lang='lat' dir='ltr'>potiens</span> <span class='ocrx_word' id='word_1_314' title='bbox 1374 4785 1513 4849; x_wconf 90' lang='lat' dir='ltr'>sincerae</span> <span class='ocrx_word' id='word_1_315' title='bbox 1537 4785 1725 4853; x_wconf 80' lang='lat' dir='ltr'>Latinitatis</span> 
     </span>
    </p>
   </div>
   <div class='ocr_carea' id='block_1_3' title="bbox 0 0 2274 5940">
    <p class='ocr_par' dir='ltr' id='par_1_8' title="bbox 0 0 2274 5940">
     <span class='ocr_line' id='line_1_40' title="bbox 0 0 2274 5940; baseline 0 0"><span class='ocrx_word' id='word_1_316' title='bbox 0 0 2274 5940; x_wconf 95' lang='lat' dir='ltr'> </span> 
     </span>
    </p>
   </div>
  </div>
 </body>
</html>
