4525 5950
780 687 822 734 nn
844 686 991 737 cronaca
1013 689 1096 736 arun
1119 689 1290 737 nonnanis.
1565 668 1627 737 187

437 854 550 918 Iliadis
573 859 604 917 et
628 851 786 939 Odysseae
809 858 915 937 partes
938 873 1000 938 qno
1024 874 1168 938 quaeque
1189 855 1329 932 ambitu,
1353 860 1430 939 quot
1449 856 1632 919 auctoribus

438 959 677 1025 distribuendae
708 962 789 1036 sint;
815 958 944 1044 singula
968 958 1072 1024 multa
1095 962 1142 1025 ita
1166 960 1367 1052 cohaerentia
1392 962 1568 1037 cernimus,
1593 966 1631 1024 ut

438 1066 611 1131 manifesto
652 1066 825 1131 debeantur
858 1065 973 1130 iisdem
1007 1067 1209 1143 auctoribus,
1251 1067 1290 1131 ab
1327 1065 1400 1131 aliis
1434 1069 1481 1131 ita
1517 1066 1630 1131 discre-

438 1174 550 1258 pantia
580 1178 617 1236 ut
648 1172 782 1237 diversis
812 1172 979 1237 tribuenda
1002 1175 1084 1249 sint,
1110 1173 1369 1237 circumscribere
1393 1170 1543 1257 pleraque
1567 1193 1627 1236 non

437 1279 527 1344 licet.

487 1388 531 1449 At
560 1392 667 1450 tamen
696 1387 743 1448 ita
766 1385 825 1448 hac
847 1386 881 1447 in
905 1405 940 1448 re
962 1383 1083 1470 aliquid
1106 1384 1217 1470 profici
1239 1406 1330 1471 posse
1352 1391 1449 1470 puto,
1475 1386 1502 1449 ei
1526 1387 1632 1449 omnia

439 1499 681 1579 persequentes,
706 1496 810 1555 cetera
832 1492 1013 1567 mittimus,
1044 1493 1221 1557 retinemus
1245 1512 1322 1556 vero
1351 1511 1556 1577 quaecunque
1586 1493 1633 1554 ita

440 1601 612 1664 cohaerent
630 1604 669 1661 ut
688 1617 706 1660 a
725 1594 815 1660 nullo
835 1599 946 1682 negari
964 1599 1086 1680 possint
1104 1598 1143 1661 ab
1163 1596 1276 1662 iisdem
1297 1597 1480 1662 auctoribus
1499 1596 1634 1661 oriunda

441 1725 527 1780 esse,
553 1705 647 1788 idque
671 1723 732 1767 non
755 1722 818 1786 quo
842 1701 1070 1767 contendamus
1093 1702 1163 1767 fieri
1181 1724 1244 1768 non
1264 1724 1353 1789 posse
1372 1708 1410 1768 ut
1429 1703 1468 1767 ad
1488 1692 1634 1788 singulos

440 1792 500 1877 hos
519 1831 581 1874 non
601 1808 704 1874 multo
724 1807 817 1894 plura
836 1810 1032 1893 pertineant,
1062 1830 1159 1894 quam
1180 1829 1260 1895 quae
1279 1831 1335 1874 nos
1354 1811 1394 1878 its
1414 1811 1633 1894 assignemus,

443 1938 557 1983 verum
589 1937 628 1980 ne
659 1922 839 1979 statuamus
869 1916 1000 1980 incerta.
1034 1913 1231 1980 Ordiendum
1256 1915 1387 1981 videtur
1409 1916 1449 1980 ab
1472 1917 1513 1979 iis
1535 1913 1632 1991 locis,

442 2027 499 2110 qui
523 2023 659 2086 thoracis
682 2023 770 2086 adusi
794 2042 891 2085 usum
914 2019 1122 2085 bellatoribus
1144 2023 1304 2086 tributum
1327 2021 1473 2086 habeant.

488 2129 596 2193 Huius
627 2130 754 2215 generis
776 2126 863 2192 locos
885 2130 917 2191 in
943 2130 1083 2192 carmine
1108 2140 1134 2192 Α
1159 2127 1266 2193 nullos
1289 2130 1484 2193 invenimus.
1508 2126 1544 2190 In
1567 2146 1632 2190 car·

442 2239 531 2301 mine
562 2246 583 2299 B
615 2235 743 2300 obviarn
770 2233 873 2298 factus
896 2239 946 2298 est
967 2234 1065 2298 huius
1088 2237 1215 2321 generis
1238 2256 1286 2299 vs.
1313 2232 1378 2300 578
1401 2233 1456 2313 (cf.
1480 2252 1576 2318 supra
1599 2254 1631 2317 p.

443 2340 534 2419 183).
566 2340 735 2405 Praeterea
765 2338 901 2404 alicuius
924 2342 1080 2404 momenti
1103 2346 1179 2405 sunt
1202 2361 1249 2405 ve.
1275 2338 1340 2405 529
1364 2340 1422 2404 ubi
1443 2335 1528 2402 Aiax
1551 2335 1635 2402 Oilei

442 2446 529 2511 fflius
553 2453 585 2511 ct
608 2467 655 2511 vs.
678 2444 744 2510 830
768 2445 823 2509 ubi
845 2445 1005 2531 Amphius
1029 2445 1195 2511 Percosius
1219 2443 1376 2522 λινοθώρηξ
1399 2445 1525 2510 dicitur.
1550 2443 1635 2509 Nam

443 2575 485 2617 ex
519 2573 556 2617 ea
590 2551 806 2638 appellatione
837 2554 992 2637 sequitur,
1024 2558 1061 2616 ut
1092 2559 1212 2629 auctor,
1244 2573 1319 2617 cum
1349 2572 1461 2637 operae
1492 2553 1634 2636 pretium

442 2643 586 2724 censeret
609 2663 719 2722 notare
742 2659 901 2744 principes
924 2660 981 2743 qui
1004 2659 1187 2723 thoracibus
1206 2657 1316 2724 linteis
1334 2658 1440 2723 induti
1459 2663 1579 2734 essent,
1600 2659 1634 2720 in

441 2767 631 2830 universum
664 2764 813 2828 tribuerit
843 2764 1040 2849 principibus
1073 2765 1216 2830 thoraces
1244 2770 1366 2830 abacos.
1398 2764 1430 2829 Is
1460 2766 1546 2828 enim
1578 2765 1634 2848 qui

442 2874 550 2936 utitur
581 2891 656 2935 voce
687 2867 843 2947 λινοθώρηξ
872 2892 934 2934 ιιοιι
964 2873 1092 2957 ignorat
1119 2891 1216 2936 usum
1247 2872 1416 2936 thoracum
1444 2875 1634 2944 aeneorum,

441 2982 472 3044 is
508 2984 617 3043 autem
651 2980 707 3062 qui
741 2978 838 3041 huius
872 2999 950 3042 usus
981 2999 1101 3063 gnarus
1132 2999 1250 3064 paucos
1281 2977 1404 3063 aliquos
1436 2978 1632 3053 λιιιθώριικιις

441 3083 602 3172 appellat,
632 3084 800 3149 manifesto
822 3086 951 3158 ceteris,
976 3087 1087 3148 sinon
1111 3086 1260 3149 omnibus
1284 3091 1318 3149 at
1342 3092 1450 3149 tamen
1472 3082 1631 3168 plerisque

442 3195 501 3277 qui
531 3212 606 3256 cum
637 3189 703 3255 illis
734 3193 768 3253 iu
800 3190 910 3255 eodem
942 3189 1025 3255 bello
1057 3198 1235 3268 versentur,
1268 3190 1435 3256 manifesto
1467 3188 1541 3254 vult
1563 3189 1633 3253 tho·

441 3304 566 3365 raoatos
601 3318 679 3363 esse.
714 3298 859 3362 Iamvero
891 3305 923 3363 et
955 3296 1063 3363 3578
1095 3306 1127 3362 et
1160 3296 1236 3377 529,
1269 3297 1336 3363 830
1369 3300 1403 3362 in
1434 3294 1631 3382 „Gamlogo”
1725 3284 1727 3287 ⁵

442 3406 609 3492 leguntur,
641 3406 697 3489 qui
728 3425 821 3469 nemo
852 3403 978 3468 dubitat
1008 3407 1085 3489 quin
1109 3410 1167 3469 aut
1189 3411 1277 3469 totus
1301 3405 1341 3469 ab
1364 3425 1445 3481 uno,
1469 3409 1525 3469 aut
1547 3406 1594 3467 ita
1617 3424 1636 3468 a

443 3512 570 3576 duobus
593 3510 752 3575 confectus
775 3512 834 3586 sit,
859 3516 895 3574 ut
920 3530 999 3594 quae
1022 3531 1095 3595 pars
1119 3509 1157 3574 ad
1183 3507 1320 3575 Graecos
1343 3512 1502 3595 pertineat
1524 3506 1635 3585 alteri,

446 3639 528 3704 quae
548 3617 587 3682 ad
605 3614 756 3681 Troianos
772 3615 866 3681 alteri
885 3616 1045 3680 debeatur.
1071 3616 1113 3680 At
1132 3616 1223 3681 illius
1235 3619 1334 3702 partis
1346 3629 1421 3681 sunt
1433 3637 1545 3682 versus
1558 3613 1635 3691 529,

445 3724 524 3801 578,
554 3724 652 3787 huius
684 3743 729 3786 vs.
755 3721 832 3786 830.
868 3720 1083 3787 statuendum
1114 3725 1219 3808 igitur
1241 3743 1298 3809 per
1321 3729 1428 3788 totum
1451 3722 1636 3807 catalogum

444 3850 580 3916 regnare
613 3829 774 3894 thoracem
808 3834 960 3907 aiineum,
993 3831 1101 3913 itaque
1134 3832 1232 3894 etiam
1265 3828 1385 3904 n544,
1417 3830 1475 3894 ubi
1497 3830 1637 3894 Abantes

444 3936 591 4000 dicautur
622 3934 727 4020 longia
758 3937 825 3999 suis
853 3936 954 3999 hastis
978 3935 1111 4012 θώρηκας
1135 3934 1221 4013 ῥῆξαι
1247 3937 1334 4009 δισίων
1358 3936 1444 4012 ἀμφὶ
1473 3936 1633 4012 στήθεσσι,

444 4042 484 4106 de
521 4041 703 4105 thoracibus
736 4044 840 4106 eineis
873 4043 928 4127 agi
962 4049 1019 4106 aut
1053 4048 1120 4106 tam
1156 4041 1194 4107 da
1231 4042 1282 4107 his
1316 4063 1414 4128 quem
1448 4042 1486 4107 de
1517 4044 1635 4107 tunicis

443 4148 564 4212 linteis.

493 4254 529 4318 In
561 4255 754 4318 carminibus
780 4262 920 4317 ΓΔΕΖ
945 4252 1054 4317 nullus
1076 4259 1125 4318 est
1148 4253 1239 4319 locus
1262 4258 1318 4339 qui
1342 4276 1397 4341 per
1420 4277 1453 4319 se
1477 4261 1637 4339 spectatus

446 4361 586 4425 thoracis
616 4362 705 4424 adnei
727 4380 824 4423 usum
846 4359 975 4444 prodat;
1000 4360 1055 4424 sed
1078 4360 1193 4437 rata,
1220 4348 1315 4447 quein
1338 4360 1444 4435 locum
1469 4382 1565 4445 supra
1590 4360 1639 4425 de·

446 4467 699 4531 monstravimus
729 4470 773 4550 (p.
801 4464 878 4544 126)
908 4465 1140 4550 interpolatum
1174 4488 1260 4544 esse,
1293 4489 1368 4533 cum
1398 4474 1560 4532 auctorem
1593 4469 1641 4531 vi·

446 4574 590 4638 derimue
616 4572 657 4636 ch
688 4571 796 4637 oculos
829 4572 976 4637 habuisse
1005 4581 1034 4636 Ψ
1055 4572 1133 4651 818,
1158 4574 1216 4638 ubi
1241 4574 1395 4639 thoracati
1419 4579 1639 4659 proponuntur

448 4680 530 4744 Aiax
565 4686 595 4742 et
631 4676 816 4755 Diomedes,
853 4700 989 4764 cumque
1024 4686 1192 4765 praeterea
1226 4680 1396 4745 manifesto
1430 4682 1460 4745 ei
1495 4677 1640 4765 exemplo

449 4786 548 4852 fuerit
570 4793 598 4848 T
613 4783 688 4862 371,
715 4786 771 4849 nbi
794 4785 935 4852 Achillea
954 4786 1060 4851 induit
1079 4808 1168 4852 arma
1188 4791 1284 4852 adnea
1303 4808 1321 4852 a
1340 4786 1480 4853 Vulcano
1498 4794 1638 4872 accepta,
