4525 5950
962 689 1004 735 nn
1027 685 1172 736 οιιιιιλιε.
1219 655 1221 658 ’
1596 669 1662 735 243

514 849 596 915 ibid.
629 852 652 915 i.
673 871 705 915 v.
737 854 929 929 Κορνεᾶτοιι·
959 851 984 914 cl
1009 849 1130 929 ἄνομοι
1159 849 1376 929 κεκληρωμένοι
1401 850 1432 915 δὲ
1457 851 1506 914 ἐπὶ
1532 854 1586 924 τὴν
1610 854 1663 915 τοῦ

467 957 615 1034 Καρνείου
639 958 850 1034 λειτονρρίοιν·
876 956 968 1020 πέντε
992 955 1022 1021 δὲ
1046 959 1106 1037 ἀφ’
1127 957 1258 1031 ἑκάστης
1285 954 1459 1036 (otiari)
1484 956 1535 1021 ἐπὶ
1556 980 1664 1035 τετρα-

467 1061 576 1125 ειείοιν
598 1061 818 1141 ἐλειτούργουν.

515 1166 596 1232 Ibid.
628 1169 651 1231 i.
672 1189 703 1233 v.
738 1169 893 1244 Ἀγητιὶς·
920 1168 933 1232 l
957 1166 1131 1246 ἱερωμένος·
1158 1164 1287 1244 ἄτιμος·
1313 1169 1342 1231 ἒν
1368 1168 1397 1232 δὲ
1422 1176 1485 1239 τοῖς
1512 1170 1661 1245 Καρνείοιο

468 1272 484 1336 ὅ
510 1271 667 1350 ἱερωμένον
692 1277 745 1337 τοῦ
769 1275 845 1337 θεοῦ.
870 1272 923 1338 Sic
946 1272 1073 1337 Widius
1096 1271 1239 1358 glossam
1262 1271 1375 1336 attulit
1383 1294 1391 1351 ;
1416 1273 1500 1359 apud
1520 1271 1662 1360 Hesych.

469 1397 548 1442 vero
572 1381 677 1442 exstat
701 1379 715 1443 l
736 1379 890 1454 ἱερωμένος
915 1387 985 1451 τῆς
1011 1380 1093 1455 θεοῦ,
1118 1377 1203 1463 quod
1225 1376 1304 1442 olim
1324 1381 1466 1443 mutarit
1489 1378 1661 1444 Meursius.

516 1483 599 1545 Iucu
621 1484 737 1568 quibus
761 1484 839 1549 deus
861 1482 1026 1549 colebatur
1048 1490 1124 1549 snut
1147 1484 1241 1549 haec:

466 1591 503 1651 in
527 1587 700 1654 Laconica:
729 1589 862 1674 Sparta,
886 1587 1067 1677 Gythium,
1092 1589 1171 1667 Las,
1195 1588 1383 1675 Oetylinm,
1407 1588 1561 1667 Leuctra,
1587 1588 1662 1655 (lar-

730 1692 898 1781 damylae,
924 1693 1079 1780 Amyclae
1102 1692 1151 1774 (Ο.
1165 1692 1190 1759 1.
1203 1692 1243 1760 G.
1271 1693 1382 1774 1446).

465 1800 503 1862 in
527 1797 705 1864 Messenia:
728 1798 868 1878 Pherae,
893 1820 1025 1885 campus
1044 1799 1275 1865 Sthenuclerus
1297 1800 1490 1886 (Mysterien
1513 1798 1663 1864 Inschritt

729 1926 761 1969 ν.
786 1905 932 1970 Andania
955 1903 1081 1971 Collitz.
1107 1904 1220 1986 4689).

465 2011 499 2073 in
525 2007 692 2094 Sicyonia:
728 2009 856 2097 Sicyon.

464 2117 502 2179 in
527 2113 698 2199 Argolide:
734 2113 842 2200 Argos
864 2113 913 2193 (Ο.
927 2115 952 2180 1.
966 2112 1006 2181 G.
1045 2112 1156 2193 1152).

514 2220 698 2285 Praeterea:
730 2218 897 2298 Gemitus,
928 2220 1087 2306 Loryma,
1119 2219 1240 2298 Thera,
1274 2218 1394 2286 (laidus
1426 2218 1520 2299 (Ooll.
1547 2218 1660 2301 3527),

467 2324 531 2392 (les
559 2322 792 2405 (Paion-Hiclrs
822 2325 876 2404 38,
891 2326 957 2407 10),
989 2325 1114 2412 Cyrene
1139 2325 1245 2404 (Pind.
1269 2326 1369 2412 Pyth.
1394 2325 1432 2403 V,
1458 2325 1524 2405 75),
1548 2326 1662 2391 Thurii

468 2431 614 2511 (Theocr.
638 2431 675 2510 V,
701 2430 769 2512 83).

515 2537 633 2601 Mareia
658 2539 789 2602 Caruere
811 2541 1098 2602 commemoratur:
1125 2534 1319 2622 Galymnae,
1342 2536 1471 2623 Nisyri,
1496 2538 1528 2601 in
1549 2534 1660 2614 Creta,

469 2641 588 2719 Gelae,
614 2644 802 2729 Agrigenti,
827 2642 1015 2728 Syracusis,
1039 2640 1262 2719 Tauromenii,
1287 2641 1417 2706 Tarenti
1432 2641 1466 2720 ¹).

514 2748 615 2813 Docet
645 2748 803 2813 Pindarus
834 2746 880 2812 l.l.
912 2748 998 2812 hunc
1029 2747 1153 2813 cultum
1185 2747 1380 2812 eLaconica
1402 2745 1541 2812 Theram
1564 2753 1660 2832 atque

463 2853 541 2919 inde
565 2851 726 2940 Gyrenam
749 2874 817 2919 esse
841 2854 1050 2931 translatum
1076 2853 1187 2918 eadem
1210 2854 1343 2918 fortasse
1363 2855 1417 2917 via
1436 2852 1516 2917 alias
1534 2873 1660 2937 quoque

461 2963 497 3025 in
515 2957 639 3024 insulas
657 2961 806 3045 pervenit
817 2959 854 3039 ²).
876 2959 913 3024 ln
932 2959 1126 3025 Messeniam
1147 2981 1221 3024 curn
1242 2958 1409 3045 Spartanis
1428 2961 1609 3044 penetravit
1623 2956 1659 3038 ³),

460 3070 497 3131 in
531 3064 660 3130 ltaliam
690 3064 898 3150 Siciliamque
921 3064 1021 3130 simul
1043 3086 1118 3129 cum
1143 3063 1260 3129 colonis
1283 3063 1501 3129 Doriensibus.
1526 3064 1661 3129 Restant

461 3174 570 3259 igitur
593 3176 718 3256 praeter
740 3169 888 3256 Spartam
912 3178 945 3237 et
967 3169 1138 3257 Amyclas:
1162 3169 1286 3255 Argos,
1309 3169 1446 3256 Sicyon,
1471 3167 1582 3247 Creta,
1607 3190 1661 3254 op·

463 3276 653 3362 pidulorum
678 3278 774 3342 series
797 3278 831 3341 in
855 3276 994 3363 Taygeti
1018 3278 1136 3341 montis
1158 3274 1253 3341 litore
1275 3282 1422 3361 utroque.

1034 3552 1092 3617 III.

510 3755 559 3821 De
591 3753 705 3821 (larnai
734 3756 787 3821 dei
817 3757 957 3821 nominis
988 3754 1221 3841 significatione
1252 3754 1329 3819 licet
1360 3756 1465 3818 varias
1495 3756 1529 3818 in
1552 3760 1658 3839 partes

462 3862 626 3947 disputari
655 3865 774 3946 possit,
798 3862 915 3926 festum
938 3864 1046 3946 ipsum
1071 3863 1149 3946 quin
1173 3881 1247 3924 cum
1271 3860 1379 3924 Lunae
1402 3859 1491 3925 cultu
1514 3863 1659 3926 coniunc·

462 3977 537 4032 turn
568 3968 667 4032 fuerit
698 3967 844 4033 dubitare
865 3970 984 4053 poterit
1006 3987 1109 4032 nemo.
1136 3966 1249 4031 'Potius
1273 3967 1359 4031 enim
1383 3966 1565 4041 festiniani
1590 3972 1659 4031 erat

460 4077 478 4147 ἦ
514 4074 686 4152 ιιοιννοχίς,
718 4094 781 4159 qua
810 4079 883 4159 post
914 4074 980 4137 dies
1011 4093 1124 4137 novem
1157 4070 1343 4157 plenissima
1367 4069 1512 4157 fulgebat
1535 4073 1655 4145 σελήνη.

460 4179 576 4263 Neque
599 4181 719 4244 iniuria
743 4180 800 4245 dea
823 4184 933 4244 renata
955 4177 1071 4264 plausu
1094 4178 1263 4262 effusisque
1286 4176 1478 4242 clamoribus
1501 4176 1658 4242 salutaba

461 4290 529 4349 tur.
557 4284 684 4363 Quanto
707 4288 793 4349 enim
816 4286 907 4350 nobis
931 4285 990 4350 sub
1014 4286 1111 4349 Arcto
1135 4284 1320 4349 viventibus
1343 4286 1559 4367 maioremque
1583 4286 1657 4348 anni

494 4544 521 4602 1)
539 4541 668 4605 Byzantii?
684 4540 879 4591 Pallet-Robert
896 4558 920 4607 p.
937 4542 986 4591 25ss
1004 4545 1065 4590 Διιιι.
1085 4541 1109 4593 S.

491 4626 521 4688 2)
545 4624 669 4688 Groppins
693 4623 734 4673 Gr.
760 4625 840 4689 Myth.
862 4641 887 4689 p.
905 4625 952 4673 161
977 4628 1038 4673 Anu.
1058 4625 1089 4672 lc
1106 4638 1135 4672 ex
1152 4623 1267 4687 Argolide
1284 4622 1384 4688 repetit,
1403 4626 1544 4686 argumento
1561 4621 1654 4673 adiecto

456 4707 537 4757 unllo.

493 4791 520 4850 3)
537 4786 663 4853 θεαρρὶιιι
680 4802 702 4852 ρ.
722 4787 770 4836 16ss
787 4788 851 4837 Ann.
868 4788 892 4837 e.
