4525 5950
961 689 1116 738 nonsros.
1567 669 1632 734 313

485 856 529 920 Et
553 853 636 920 517:
664 855 814 940 „Usque”
839 854 913 919 talis
937 863 984 920 661
1006 857 1091 919 inter
1114 856 1362 939 praepositiones
1386 860 1424 917 ut
1446 854 1512 919 sola
1535 857 1635 939 possit

432 964 579 1046 recipere
614 960 749 1026 alteram
783 963 1062 1046 praepositionem.
1099 959 1201 1024 Nemo
1237 961 1322 1024 enim
1358 959 1436 1023 dicit
1473 959 1531 1035 „de
1563 967 1636 1044 post

433 1068 578 1144 ferum”,
613 1087 707 1132 nemo
742 1066 802 1142 „ab
831 1066 944 1131 ante'’:
970 1073 1002 1131 at
1025 1086 1100 1130 vero
1123 1064 1261 1129 dicimus
1286 1064 1345 1140 „ed
1370 1065 1492 1150 usque''
1516 1071 1549 1129 et
1574 1065 1634 1141 „ab

433 1171 575 1256 usque'’.
608 1171 703 1258 Vorg.
735 1170 813 1252 (1.1.)
845 1177 876 1236 61
911 1170 1039 1246 „Siculo
1071 1172 1235 1256 prospexit
1265 1171 1304 1234 ab
1335 1191 1436 1254 usquo
1461 1170 1633 1256 Pachyno’'

434 1277 515 1357 (Vll
537 1277 628 1357 289).
654 1276 723 1342 Η66
746 1277 816 1341 ideo
841 1277 878 1341 fit
900 1279 976 1361 quia
1002 1276 1144 1360 „usque'’
1165 1296 1263 1359 paene
1282 1274 1412 1339 videtur
1430 1277 1499 1339 vim
1519 1275 1635 1340 habere

435 1384 586 1449 adverbii
609 1383 647 1448 ad
672 1382 781 1447 locum
805 1389 862 1447 ant
885 1383 923 1447 de
947 1382 1015 1447 loco
1040 1381 1250 1467 significantis
1275 1402 1301 1446 e.
1316 1403 1345 1466 q.
1359 1403 1384 1444 s.

486 1490 594 1575 Igitur
627 1489 746 1554 Donati
777 1489 920 1554 doctrina
952 1486 1635 1571 1616116116(4),6(16616611616111111(2)

432 1595 514 1660 inde
546 1617 564 1659 a
588 1617 619 1661 r.
648 1595 720 1672 „val
744 1594 879 1680 usque''.
904 1596 1061 1657 nimirum
1084 1614 1102 1657 a
1126 1595 1284 1678 magistro
1307 1592 1417 1657 altero.
1449 1593 1540 1657 Prior
1562 1615 1635 1679 pars

434 1701 553 1765 scholii
577 1701 626 1779 (2)
649 1699 762 1765 infelix
787 1707 948 1764 tentamen
974 1706 1022 1763 ost
1044 1696 1234 1763 conciliandi
1257 1704 1428 1784 utramque
1447 1698 1634 1770 doctrinam,

436 1806 495 1871 aed
529 1813 653 1891 pugnat
676 1808 775 1870 etiam
800 1827 874 1870 cum
899 1805 1039 1870 Donato:
1067 1804 1238 1881 „adverbio
1262 1805 1421 1884 (antchac)
1445 1807 1635 1890 praepositio

435 1935 464 1976 s.
491 1934 552 1978 non
577 1911 755 1977 cohaeret''.
781 1910 885 1976 Schol.
909 1910 957 1991 (1)
980 1917 1029 1976 661
1052 1913 1203 1996 magistri
1227 1911 1376 1976 mitioris.
1405 1909 1448 1989 (1)
1472 1918 1504 1975 61
1527 1909 1566 1990 Ο)

485 2080 516 2144 11
544 2079 606 2143 16
638 2077 729 2143 Nihil
751 2077 825 2144 volo
848 2077 938 2144 aliud
962 2080 1024 2142 nisi
1046 2076 1275 2143 Philumenam

485 2185 522 2249 ln
546 2185 652 2250 medio
676 2184 836 2250 Donat-ino
859 2183 1001 2270 legimus
1024 2185 1122 2249 verba
1145 2205 1163 2248 a
1183 2183 1402 2249 Wessnero
1421 2188 1487 2248 iam
1505 2190 1633 2249 notata:

437 2294 518 2355 idem
549 2290 649 2371 (Ter.)
681 2291 775 2354 alibi:
809 2291 863 2367 „ic
894 2313 926 2354 66
956 2313 1000 2353 me
1028 2290 1148 2365 6116616,
1172 2290 1266 2353 colum
1290 2291 1326 2353 ic
1348 2298 1391 2353 661
1414 2313 1514 2353 comm
1537 2291 1633 2353 rnihi’'

436 2397 514 2473 (Ad.
539 2396 553 2459 Ι
580 2395 691 2476 124).
738 2395 935 2481 Exemplum
957 2395 1054 2481 longe
1077 2399 1275 2460 arcessitum.
1300 2392 1352 2475 (Ο)

485 2562 530 2626 20
554 2562 665 2648 Neque
688 2560 742 2646 pol
766 2561 878 2626 consili
901 2559 1008 2626 locum
1031 2562 1131 2626 habeo
1151 2582 1253 2646 nequo
1274 2560 1312 2626 ad
1331 2560 1488 2626 auxilium
1509 2566 1633 2648 copiam

421 2685 424 2689 ’
487 2667 568 2732 Don.
593 2667 658 2747 (l):
685 2681 811 2752 <neque
835 2666 959 2732 consilii
977 2667 1090 2739 locus>
1112 2667 1196 2752 apud
1216 2673 1377 2732 amantem
1399 2690 1500 2754 neque
1519 2669 1634 2734 auxilii

440 2773 576 2838 facultas
611 2773 696 2858 apud
732 2775 871 2857 inopem.
929 2771 1087 2859 Magister
1121 2794 1287 2858 perperam
1322 2774 1387 2853 (2):
1424 2775 1474 2838 his
1509 2775 1633 2839 duobus

436 2879 578 2946 ostendit
601 2882 699 2944 etiam
723 2900 791 2944 sose
811 2886 998 2945 amatorem.
1047 2879 1159 2944 Utrius
1179 2882 1328 2965 magistri
1348 2883 1472 2945 sitnon
1492 2888 1632 2966 apparet.

486 3048 529 3111 24
565 3047 613 3112 Ne
637 3049 698 3112 iste
722 3046 808 3111 haud
833 3068 959 3112 mecum
983 3049 1080 3111 sentit

487 3153 567 3218 Don.
592 3152 657 3232 (6);
692 3152 774 3229 ,,116”
798 3151 938 3230 valde,
962 3160 1036 3230 aut,
1061 3160 1098 3217 ut
1122 3153 1254 3237 quidam
1279 3153 1409 3231 volunt,
1446 3154 1472 3218 O
1497 3154 1632 3240 quaml

437 3260 585 3325 Lucilius
607 3262 640 3324 in
665 3259 712 3323 X:
740 3281 818 3335 ,‚no‚
840 3258 956 3335 Marce,
979 3260 1093 3323 bovem
1114 3258 1266 3344 descripsi
1286 3258 1472 3345 magnifice!
1492 3262 1632 3346 inquit”.

437 3367 532 3451 Mag.
556 3366 620 3445 (2);
648 3364 728 3441 ,,116”
755 3364 894 3441 valde,
918 3372 956 3428 ut
975 3363 1101 3431 Cicero:
1127 3386 1188 3442 „ne
1207 3364 1258 3430 illi
1278 3367 1486 3431 vehementer
1504 3367 1631 3431 errant''

436 3471 524 3552 <cas
549 3470 580 3535 11
605 3470 649 3549 6).
682 3467 735 3550 (o)

485 3636 605 3701 11116
639 3636 796 3717 „Quidvis
827 3636 950 3721 patiar'’
975 3636 1034 3701 hoc
1057 3642 1123 3712 661,
1147 3640 1251 3721 patiar
1274 3658 1326 3702 me
1351 3658 1482 3702 uxorem
1506 3637 1630 3704 ducere.
1753 3660 1755 3663 ·

436 3742 581 3808 Falsum.
613 3741 669 3823 (D)

489 3910 530 3974 18
563 3909 632 3987 „No
654 3912 682 3974 is
705 3915 811 3973 mutet
834 3928 926 3972 suam
946 3908 1170 3973 sententiam'’.
1201 3908 1267 3986 (l):
1288 3910 1347 3973 hoc
1366 3917 1413 3974 est
1433 3909 1516 3993 quod
1537 3932 1632 3995 supra

435 4016 464 4095 (1
492 4015 522 4079 5.
536 4013 570 4090 7)
601 4015 634 4079 id
666 4015 825 4091 mutavit,
850 4017 925 4099 quia
948 4036 1001 4079 me
1024 4017 1236 4079 immutatum
1260 4014 1379 4079 videt''.
1427 4014 1631 4101 Comparatio

434 4120 607 4187 claudicat.
640 4119 696 4199 (D)

485 4287 528 4351 26
560 4286 842 4371 Interpolationem
865 4289 1006 4372 ineptam
1027 4290 1061 4349 in
1080 4286 1187 4351 medio
1207 4285 1330 4352 Donato
1350 4290 1414 4351 iam
1436 4291 1561 4353 notavit
1575 4288 1628 4353 W:

435 4395 574 4471 66161666,
594 4394 647 4457 166
666 4400 710 4456 est
719 4393 826 4477 filium
845 4394 1008 4477 significat,
1029 4400 1062 4456 61
1080 4392 1631 4478 υ66166161116666616661,6166666661611

435 4500 563 4565 1611666”
589 4499 617 4576 (1
642 4498 754 4578 3.14).
785 4497 837 4578 (Ο)

480 4665 512 4730 Π
536 4663 601 4730 4.5
626 4665 714 4729 Idem
739 4665 827 4731 valet
850 4666 890 4730 de
912 4666 963 4730 his
986 4665 1116 4731 scholiis

481 4772 530 4850 (1)
552 4770 726 4848 „Differat”
749 4770 907 4836 disturbet
926 4778 958 4837 et
976 4774 1009 4836 in
1030 4771 1195 4836 diversum
1215 4772 1305 4836 feret.
1318 4770 1497 4858 Vergilius:
1512 4777 1629 4857 „atque
