4525 5950
953 681 1107 730 nousrus.
1561 660 1627 730 217

489 846 541 912 34.
573 846 641 911 Fit
672 847 756 933 quod
786 869 899 912 verum
931 854 997 926 ost,
1021 849 1212 935 fingitur
1233 846 1319 932 quod
1341 847 1460 911 falsum
1484 852 1550 923 est,
1574 849 1629 910 in·

442 957 632 1029 venitur,
668 975 705 1018 ne
731 960 848 1019 tomara
874 954 938 1018 fiat.
965 953 1151 1031 „Invenite”
1176 975 1252 1040 ergo
1277 957 1415 1039 cogitate
1438 954 1536 1031 dixit,
1560 959 1632 1039 post

439 1062 667 1146 cogitationem
693 1060 850 1137 „efficite”
875 1060 956 1141 (soil.
981 1060 1086 1140 dixit),
1109 1060 1143 1124 id
1167 1064 1268 1125 estin
1288 1060 1434 1125 effectum
1454 1059 1627 1145 perducit-e.

439 1166 613 1233 Sallustius
636 1165 744 1245 (Catil.
772 1167 801 1232 1.
816 1167 866 1247 6);
892 1166 1078 1253 exemplum
1102 1188 1216 1253 parum
1239 1167 1454 1232 commodum.

486 1272 629 1338 Donatus
662 1281 736 1357 apte
767 1274 843 1338 haec
868 1281 1012 1338 tantum:
1039 1273 1184 1350 „Faeite,
1210 1272 1338 1358 fingite,
1362 1272 1525 1338 invenite”
1548 1276 1628 1339 mire

439 1382 593 1464 exprimit
628 1383 775 1444 animum
809 1379 971 1465 Pamphili
1007 1383 1137 1465 nuptias
1172 1382 1362 1456 metuentis,
1394 1382 1446 1445 oui
1477 1380 1630 1466 quiequid

440 1487 558 1551 dixerit
582 1507 696 1570 parum
720 1494 777 1550 est.
803 1484 851 1553 cf.
877 1486 957 1551 Don.
983 1486 1022 1552 ad
1045 1487 1128 1552 Eun.
1154 1485 1181 1549 V
1205 1486 1236 1552 8.
1250 1487 1281 1553 5.

486 1653 518 1719 Il
542 1653 572 1719 5.
588 1654 618 1718 1.
654 1653 758 1719 Phil:
783 1653 1033 1719 Observatio
1057 1653 1175 1738 duplex
1198 1662 1263 1730 est,
1288 1653 1341 1719 vel
1364 1655 1554 1739 captationis
1577 1651 1630 1718 vel

441 1763 722 1933 Obsidbddraabatur
740 1870 769 1933 ei
790 1867 873 1952 quod
893 1865 972 1932 Don.
994 1867 1121 1933 dederat
1141 1866 1180 1931 ad
1199 1865 1215 1930 1
1237 1866 1265 1930 1.
1281 1865 1362 1930 142:
1385 1866 1630 1932 observatio

440 1976 474 2039 in
497 1973 617 2039 duabus
641 1974 735 2037 rebus
757 1979 806 2038 est
828 1975 862 2036 in
886 1974 1036 2059 obsequio
1060 1980 1093 2038 θῖ
1114 1976 1148 2037 in
1173 1971 1374 2058 speculando.

486 2141 532 2206 III
551 2141 649 2207 216.
683 2140 860 2207 Veretur
882 2141 972 2218 liber,
997 2143 1151 2205 metuit
1174 2161 1294 2206 servus.
1365 2139 1515 2206 Mirabile
1537 2138 1626 2205 dictu

445 2251 583 2314 vereri
608 2250 665 2314 hoo
688 2251 757 2334 ipso
781 2246 850 2313 loeo
873 2248 1043 2312 adhibetur
1067 2248 1105 2312 de
1128 2269 1230 2313 servo.

483 2399 530 2465 111
553 2398 583 2464 3.
598 2399 628 2464 2.
653 2400 695 2465 Et
721 2399 908 2475 „adierunt”
933 2420 994 2464 non
1016 2399 1266 2477 „aooesserunt”,
1287 2402 1362 2484 quia
1381 2398 1488 2464 aditus
1509 2399 1627 2464 arduus

439 2506 640 2592 difficilisque
670 2514 727 2571 est.
764 2506 863 2572 Dan:
894 2505 1081 2582 „adierunt”
1114 2510 1160 2571 sio
1190 2505 1268 2570 alibi
1303 2504 1423 2582 „adeon
1456 2505 1495 2569 ad
1528 2505 1624 2571 eum”

438 2619 501 2694 (ve.
528 2613 616 2688 315).
643 2611 691 2679 Of.
715 2613 800 2678 Phil.
824 2613 863 2678 ad
886 2612 968 2678 Eun.
993 2612 1024 2677 Il
1047 2611 1078 2678 2.
1092 2612 1146 2678 28.
1160 2612 1191 2677 3.

485 2781 532 2846 ΠΙ
556 2782 586 2846 4.
600 2781 653 2846 20.
678 2780 756 2845 Plus
779 2788 828 2846 est
851 2780 1015 2846 nullum
1037 2802 1125 2846 esse
1149 2800 1246 2867 quam
1269 2782 1450 2864 perisse;
1475 2800 1550 2844 nam
1569 2781 1625 2863 qui

435 2891 520 2974 perit
553 2887 603 2952 vel
634 2908 748 2972 eorpus
772 2886 867 2951 habet
889 2885 1068 2974 reliquum,
1094 2890 1150 2972 qui
1174 2907 1250 2951 vero
1273 2884 1382 2951 nullus
1406 2892 1471 2962 est,
1494 2887 1541 2950 ita
1564 2905 1626 2949 non

435 3001 502 3071 est,
527 3015 562 3059 ao
587 2997 699 3059 sinon
722 3000 817 3058 natus
841 2996 894 3058 sit.

482 3147 525 3212 IV
553 3150 580 3213 1.
595 3146 625 3212 9.
650 3147 729 3212 Post
752 3145 915 3212 Donatum
936 3150 981 3212 sio
1001 3149 1124 3233 pergit:
1146 3146 1188 3210 llt
1205 3145 1322 3211 melius
1343 3145 1514 3222 „timent'’,
1528 3166 1625 3231 qnam

436 3259 463 3319 si
497 3254 615 3318 dioeret
647 3252 768 3339 „pudet
798 3253 889 3329 eos’';
922 3274 997 3317 nam
1022 3256 1149 3318 timor
1172 3255 1270 3317 etiam
1293 3251 1469 3329 malorum,
1494 3252 1626 3336 pudor

437 3368 567 3425 tantum
592 3361 758 3425 bonorum.
828 3361 929 3443 Atqui
952 3380 1027 3424 mox
1050 3358 1089 3424 de
1111 3358 1226 3423 iisdem
1249 3359 1432 3424 hominibus
1455 3358 1625 3424 adhibetur

435 3468 583 3553 pudet,
609 3487 654 3531 vs.
683 3465 735 3531 13.

486 3619 537 3683 15.
569 3618 668 3683 Don:
702 3618 996 3704 expostulatio
1020 3624 1069 3685 ast
1091 3618 1242 3684 adversus
1266 3640 1356 3696 anm,
1384 3641 1480 3706 quem
1505 3622 1628 3684 incusa-

437 3746 528 3800 mus,
550 3724 633 3810 quod
657 3724 717 3787 Ph.
742 3727 786 3790 sio
806 3723 965 3789 illustrat:
990 3746 1062 3789 nam
1086 3725 1357 3810 expostulare
1382 3734 1430 3791 est
1450 3723 1626 3811 querellam

435 3833 538 3897 dicem
562 3831 600 3895 de
625 3829 725 3896 altero
749 3831 834 3916 apud
858 3830 1006 3896 alterum.

480 3982 523 4046 IV
543 3982 574 4046 3.
588 3982 641 4047 20.
664 3982 713 4048 'Pu
733 3991 770 4047 ut
791 3983 971 4048 subservias
992 3986 1141 4059 orationi,
1161 3988 1337 4069 utcumque
1351 4006 1430 4070 opus
1442 3987 1494 4061 sit,
1509 3985 1622 4051 verbis.

480 4088 578 4154 Don:
604 4096 688 4153 reete
714 4097 771 4166 „ut
792 4090 991 4155 subservias”
1016 4090 1113 4166 dicit,
1138 4112 1199 4155 non
1221 4094 1309 4156 enim
1329 4098 1456 4155 tantum
1476 4090 1625 4176 loquatur

434 4196 541 4281 Mysis
565 4201 720 4281 quantum
746 4194 866 4260 Davus.

479 4301 582 4366 Phil:
617 4301 793 4379 „orationi”
826 4323 933 4379 meae,
967 4306 1032 4368 tuis
1057 4304 1222 4380 „verbis’';
1249 4302 1342 4389 plura
1366 4306 1452 4368 enim
1475 4302 1629 4388 loquetur

433 4408 561 4484 Davus,
585 4407 659 4472 inde
683 4408 862 4483 „orationi”
887 4407 987 4486 dixit,
1011 4408 1069 4473 illa
1091 4410 1312 4494 subsequetur,
1341 4409 1411 4474 ideo
1439 4409 1599 4486 „verbis'’.

477 4514 593 4579 Donati
617 4513 853 4579 adnotationem
877 4514 997 4581 insulsa
1021 4516 1223 4580 distinctione
1252 4514 1437 4601 amplificat.

478 4681 504 4743 V
533 4681 564 4746 3.
578 4681 632 4746 20.
666 4682 708 4747 lit
741 4683 909 4759 „inventi”
942 4706 1003 4748 non
1034 4683 1192 4770 „geniti”,
1218 4685 1399 4751 secundum
1423 4683 1523 4749 illud:
1549 4685 1630 4762 „hoo

429 4810 508 4875 ergo
531 4790 613 4864 saio,
638 4791 800 4853 neminem
825 4792 983 4875 peperisse
1006 4790 1079 4855 hia”
1104 4796 1166 4870 (vs.
1193 4788 1283 4870 506).
1319 4789 1391 4856 Non
1414 4812 1485 4856 raro
1509 4791 1629 4858 doctri-
