4525 5950
952 657 1109 705 nossrvs.
1440 595 1444 603 Ι
1564 641 1630 707 299

487 817 528 882 13
563 819 662 899 Quia,
687 823 715 884 si
737 821 820 886 forte
845 843 925 908 opus
949 824 992 887 sit
1016 822 1055 888 ad
1080 844 1172 887 erum
1195 825 1302 887 iurato
1328 824 1409 887 mihi
1426 822 1449 903 ¹)

483 922 624 1004 Don.(l):
645 924 698 991 Sic
717 924 845 992 loeutus
864 934 930 1004 est,
951 936 989 992 ut
1008 927 1161 1013 explicari
1180 934 1275 1013 etque
1287 928 1426 1015 intelligi
1439 951 1501 994 non
1513 932 1630 1016 possit:

431 1037 493 1094 sut
523 1033 610 1094 enim
641 1030 730 1096 deest
757 1034 863 1110 ,‚ius'’,
888 1041 925 1098 ut
949 1037 1009 1098 sit:
1035 1034 1292 1099 iusiurandum.
1320 1070 1362 1082 -
1386 1035 1554 1098 Iurorsdum
1575 1057 1631 1117 pro

431 1136 647 1199 iusiurandum
671 1172 714 1184 -
739 1144 795 1201 aut
817 1146 854 1202 ut
877 1138 979 1224 vulgo
1005 1139 1123 1204 dieitur
1148 1138 1421 1215 „iuramentum”.

485 1240 766 1326 Interpolationem
789 1246 917 1309 notavit
940 1244 989 1308 W.

486 1390 528 1455 lv
553 1390 618 1455 5.5
651 1392 734 1468 „Sed
766 1415 845 1479 quos
869 1402 1033 1479 perconter
1056 1394 1182 1460 vidso'’.
1215 1393 1314 1459 Don.:
1340 1395 1630 1482 Interrogatio

434 1503 504 1573 est,
533 1501 585 1562 oui
609 1501 784 1567 necessario
807 1500 1016 1586 respondetur
1039 1507 1096 1566 ant
1120 1503 1249 1565 etiem
1272 1506 1445 1577 autnon,
1470 1523 1631 1587 peroon-

435 1604 563 1679 tatio,
595 1606 647 1668 oui
678 1603 760 1667 nihil
791 1603 915 1681 horum,
949 1612 987 1668 ut
1018 1608 1045 1670 si
1077 1607 1150 1689 quis
1182 1603 1283 1669 diost:
1316 1605 1386 1670 ubi
1410 1606 1632 1672 habitabat

434 1704 637 1793 Chrysis?
662 1708 803 1774 dicotur:
827 1731 920 1775 eoos
945 1710 1022 1775 hio.
1049 1748 1088 1759 -
1117 1710 1317 1787 Pmeomtatio,
1341 1718 1376 1773 ut
1398 1711 1426 1775 si
1445 1713 1630 1797 quisdicat:

434 1833 491 1873 eur
520 1813 703 1876 adulterium
732 1814 929 1878 commisisti?
952 1853 995 1863 —
1021 1813 1127 1879 Simul
1158 1818 1257 1880 etism
1282 1815 1424 1881 modeste
1448 1822 1481 1881 st
1505 1824 1631 1883 mature

433 1926 470 1981 et
493 1917 531 1982 de
555 1939 587 1982 ss
610 1919 692 1983 nihil
715 1922 973 2007 interrogaturus
996 1924 1100 2007 eoepit
1123 1942 1142 1986 a
1166 1920 1404 1986 blandimentis.

483 2022 586 2088 Verba
608 2027 733 2090 notavit
757 2025 806 2090 W.
831 2025 920 2092 Inter
942 2026 1005 2091 duo
1031 2024 1153 2091 scholia
1176 2025 1293 2092 Donati
1317 2047 1349 2091 se
1377 2029 1554 2092 insinuavit
1579 2027 1631 2092 ad-

433 2131 558 2193 notatio
581 2128 719 2194 alienius
742 2133 911 2215 magistri,
936 2134 991 2216 qni
1015 2132 1043 2195 A
1066 2152 1133 2197 esse
1157 2137 1271 2216 potest.

486 2281 525 2344 15
563 2281 676 2357 „Nune
712 2303 764 2348 me
800 2282 959 2368 hospitem
993 2281 1068 2347 lites
1105 2282 1229 2367 sequi''.
1265 2281 1363 2348 Don.:
1400 2290 1432 2347 et
1468 2282 1564 2360 „me”
1599 2290 1631 2349 et

436 2388 642 2472 „hospitem”
676 2394 708 2453 et
734 2386 828 2465 „lites
852 2388 965 2473 sequi'’
991 2391 1071 2453 mire
1095 2388 1190 2466 dicit,
1216 2425 1259 2435 —
1284 2387 1368 2464 „me”
1393 2411 1457 2452 mem
1480 2389 1629 2470 emphasi,

434 2494 472 2556 id
494 2500 538 2556 est
559 2516 654 2557 semem
678 2501 706 2557 et
729 2501 868 2557 remotum
892 2518 911 2557 a
934 2495 1049 2571 tit-itm,
1075 2493 1262 2576 „hospitem”
1287 2495 1341 2557 loo
1363 2501 1407 2557 est
1424 2494 1630 2577 perepm’oum,

438 2599 531 2674 „lites
553 2598 658 2683 sequi''
683 2598 719 2662 id
742 2606 786 2663 est
801 2622 964 2682 pauperem
990 2637 1032 2648 —
1057 2606 1164 2665 totum
1189 2601 1310 2675 (μετ’)
1336 2599 1515 2674 ἐμφάσεως.

483 2704 640 2789 Lepidum
660 2705 863 2791 exemplum,
885 2706 1044 2790 quomodo
1064 2708 1220 2791 magister
1240 2706 1335 2771 breve
1354 2704 1497 2770 scholion
1514 2704 1629 2770 Donati

435 2810 595 2874 tironibus
618 2809 819 2896 explicuerit.
844 2809 947 2876 Verbo
971 2813 1096 2876 notavit
1121 2811 1169 2875 W.

484 2961 523 3026 19
549 2960 806 3040 ,‚Grondinsoida
828 2965 894 3028 ism
919 2963 1061 3049 profesta
1084 2962 1165 3028 est'’.
1190 2961 1285 3029 Don.:
1311 2961 1350 3027 ad
1371 2968 1496 3048 partem
1516 2965 1630 3029 aetatis

432 3071 573 3134 refertur
595 3069 784 3155 grandis,
808 3105 850 3117 -
870 3070 905 3132 id
924 3076 982 3133 est:
1000 3070 1129 3150 psomdis
1148 3077 1222 3132 matu
1242 3076 1286 3133 est
1303 3106 1344 3116 -
1366 3071 1496 3134 maior
1519 3076 1629 3133 antem

432 3174 629 3262 generaliter
648 3181 681 3240 et
700 3174 738 3240 ad
758 3196 920 3239 summam
943 3177 1056 3239 aetatis
1080 3176 1216 3240 refertur
1239 3181 1272 3239 et
1295 3174 1335 3239 ad
1360 3176 1630 3260 comparationem

434 3283 549 3345 aetatis
574 3280 719 3365 pariliter
743 3283 897 3367 positum.

482 3386 618 3450 Notavit
642 3385 692 3451 W.
717 3386 887 3451 Postrema
909 3408 964 3453 vv.
990 3408 1077 3471 „pan
1104 3387 1193 3471 pos.''
1218 3408 1281 3451 non
1303 3384 1461 3471 intelligo.

482 3536 508 3601 V
532 3537 616 3601 1.15
641 3537 722 3614 „Per
738 3559 798 3623 ego
817 3546 848 3604 ts
865 3537 939 3604 deos
957 3559 1058 3604 oron.
1076 3561 1107 3602 n.
1124 3559 1152 3602 e.
1169 3541 1191 3602 i.
1208 3540 1230 3602 i.
1249 3536 1299 3602 o.''
1320 3534 1447 3617 Donll)
1459 3538 1627 3603 rhetorice:

435 3645 578 3709 defensio
601 3665 657 3729 psr
679 3647 905 3711 coniecturam.
965 3645 1009 3709 A:
1030 3650 1130 3709 otest
1151 3644 1242 3710 ordo:
1263 3666 1320 3729 per
1339 3643 1412 3709 deos
1433 3665 1487 3709 oro
1508 3650 1539 3709 te
1557 3665 1629 3731 ego.

484 3794 525 3860 18
550 3795 636 3873 „Ubi
660 3816 697 3861 ee
722 3817 816 3861 eausa
840 3818 937 3882 quam
962 3798 1091 3863 obrem
1118 3797 1196 3862 haee
1220 3796 1374 3861 faciunt'.
1398 3796 1496 3861 Don.:
1522 3796 1629 3861 sivest·

435 3902 548 3977 iovem,
581 3921 656 3965 nam
681 3923 744 3966 non
767 3902 880 3966 intulit
905 3903 966 3979 „ob
986 3923 1083 3987 quam
1108 3902 1269 3979 oausam'’,
1295 3924 1369 3968 eum
1392 3923 1490 3988 supra
1513 3901 1630 3967 dixerit

436 4028 496 4084 „ea
526 4006 654 4083 oausa”,
686 4007 740 4072 sed
772 4010 864 4092 qnasi
894 4008 1011 4072 dixerit
1042 4009 1119 4084 „ubi
1144 4028 1181 4072 ee
1203 4008 1286 4084 res’',
1310 4007 1422 4073 intulit
1447 4029 1563 4092 ,quam
1589 4009 1629 4072 ob

433 4112 537 4176 rem”.
608 4111 654 4175 A:
680 4118 737 4176 aut
762 4113 873 4190 „rem”
900 4112 1057 4189 abundat,
1081 4117 1138 4177 aut
1163 4113 1310 4189 „oausa’'.

481 4261 509 4325 V
533 4261 621 4326 214
647 4262 782 4339 „Nescio
805 4266 876 4348 quis
901 4285 996 4330 senex
1019 4263 1114 4330 modo
1137 4265 1257 4330 venit'.
1281 4263 1381 4329 Don.:
1402 4264 1480 4329 hene
1502 4267 1628 4342 „nescio

435 4368 548 4454 qnis'’:
582 4370 701 4432 etenim
732 4371 761 4434 si
791 4376 887 4435 notus
918 4377 1016 4447 esset,
1045 4370 1211 4436 videretur
1234 4370 1420 4457 gratificari.
1513 4369 1630 4435 Donati

436 4474 573 4539 verbum
605 4473 821 4558 „gratificari”
852 4477 897 4539 sio
927 4477 1155 4561 interpretetus
1186 4482 1235 4541 est
1266 4477 1311 4542 A:
1346 4477 1379 4540 id
1408 4484 1451 4540 est
1475 4476 1629 4565 pretiosus

434 4602 497 4643 esse
521 4578 606 4642 testie
630 4585 659 4641 et
682 4580 780 4644 minus
803 4602 898 4645 verus.
967 4580 1102 4646 Notavit
1124 4580 1175 4645 W.

435 4701 633 4711 ..----

467 4762 495 4825 1)
514 4760 550 4809 Gi.
568 4758 678 4810 lectionis
696 4759 799 4809 varietus
816 4760 879 4828 apud
896 4760 1122 4826 Umplsnbsoh.
