4525 5950
524 718 587 779 134
1041 737 1192 784 rasurus.

518 898 614 962 Recte
644 898 747 962 denuo
779 898 966 985 Langenus:
1002 901 1256 987 „libensowenig
1285 904 1328 966 ist
1360 901 1427 966 also
1458 904 1538 967 auch
1572 903 1625 969 die
1658 903 1716 968 Be·

517 1007 659 1088 sorgniss
683 1003 737 1068 des
760 1003 926 1069 Calidorus
952 1004 1006 1069 der
1029 1004 1185 1091 Sachlage
1209 1007 1471 1090 entsprechend.'’
1495 1006 1557 1086 (Cf.
1583 1009 1716 1074 Bierma

517 1132 547 1194 p.
570 1109 635 1187 37).
661 1110 726 1173 Nec
747 1107 893 1175 Calidoro
913 1119 1058 1188 tautum,
1079 1115 1215 1175 amatori
1234 1112 1387 1177 oblivioso
1409 1114 1542 1179 fortasse
1562 1124 1595 1178 et
1615 1118 1714 1178 nimis

516 1218 628 1291 auxio,
661 1215 715 1279 sed
748 1218 810 1300 ipsi
842 1216 998 1281 Pseudolo
1032 1218 1151 1281 excidit
1181 1220 1336 1282 memoria
1363 1239 1438 1282 cum
1462 1219 1617 1303 epistolae
1641 1227 1714 1284 tum

516 1324 681 1407 promissi,
703 1343 735 1385 se
756 1321 848 1385 hodie
869 1325 1077 1386 inventurum
1098 1345 1166 1388 esse
1185 1323 1248 1387 XX
1269 1327 1388 1400 minas,
1410 1327 1502 1389 cuius
1515 1328 1713 1391 reioomme·

516 1430 652 1491 moratio
677 1448 806 1491 omnem
828 1449 938 1492 curam
963 1428 1032 1492 erili
1057 1428 1123 1493 filio
1148 1433 1286 1494 eximere
1310 1435 1470 1514 potuerat,
1496 1430 1550 1495 sed
1574 1431 1713 1495 consola-

516 1541 569 1597 tur
594 1541 720 1597 tantum
745 1542 777 1597 et
800 1533 898 1597 simul
923 1555 980 1598 suo
999 1537 1129 1598 nomine
1149 1533 1256 1598 lenoni
1275 1537 1417 1598 minatur
1436 1537 1543 1599 inania
1561 1534 1642 1599 232:

605 1638 660 1702 Nil
683 1642 835 1703 curassis:
856 1638 1006 1723 liquido’s
1026 1642 1150 1704 animo:
1172 1660 1232 1724 ego
1253 1660 1309 1725 pro
1331 1660 1383 1703 me
1403 1645 1436 1703 et
1455 1661 1512 1723 pro
1532 1646 1564 1704 te
1583 1640 1711 1706 curabo.

605 1745 674 1810 lam
704 1744 759 1809 diu
783 1766 842 1830 ego
866 1746 941 1809 huic
965 1748 1043 1810 bone
1067 1754 1099 1809 et
1122 1745 1174 1809 hio
1199 1745 1280 1808 mihi
1304 1743 1457 1809 volumus
1480 1750 1512 1808 et
1535 1747 1712 1809 amicitiast

1559 1854 1710 1935 antiqua:

604 1955 737 2019 Mittam
769 1977 830 2041 ego
860 1956 935 2019 huic
968 1976 1025 2019 suo
1056 1955 1106 2019 die
1138 1954 1236 2019 natali
1260 1953 1380 2019 malam
1406 1975 1473 2019 rem
1499 1975 1652 2040 magnam
1679 1962 1710 2020 et

1535 2070 1709 2125 maturam.

559 2166 588 2229 4.
631 2165 786 2229 Omnium
822 2169 961 2230 maxims
996 2171 1120 2252 pugnat
1155 2188 1230 2230 cum
1266 2166 1401 2250 epistola
1434 2169 1550 2252 ingens
1583 2165 1710 2231 laetitia

514 2268 653 2334 Calidori
677 2292 751 2334 cum
776 2269 880 2335 Ballio
903 2271 1040 2335 affirmat
1064 2270 1129 2335 323
1157 2269 1236 2346 „Vel
1255 2290 1308 2334 sex
1328 2292 1454 2335 menses
1473 2271 1643 2355 opperibor
1657 2321 1664 2336 .
1679 2321 1708 2336 ..

514 2378 590 2459 quia
622 2377 709 2439 euim
734 2397 794 2439 nou
821 2376 965 2440 venalem
990 2379 1055 2440 iam
1080 2376 1181 2439 habeo
1205 2375 1448 2452 Phoenicium'',
1472 2383 1504 2439 et
1527 2379 1642 2461 ingens
1662 2380 1709 2440 ira

513 2488 609 2565 atque
640 2481 837 2566 indignatio,
869 2482 1062 2546 cumidem
1094 2482 1190 2545 verba
1213 2503 1270 2545 sua
1293 2485 1338 2546 sic
1361 2481 1499 2566 explicat
1525 2481 1707 2558 341„N0n

514 2587 615 2650 habeo
648 2587 787 2671 profecto
817 2587 1001 2667 (venalem),
1034 2607 1109 2650 nam
1141 2590 1206 2651 iam
1237 2586 1361 2671 pridem
1393 2585 1522 2650 vendidi
1642 2586 1706 2649 XX

512 2694 609 2756 minis
640 2691 737 2755 militi
770 2692 956 2757 Macedonio
988 2702 1020 2757 et
1051 2695 1117 2756 iam
1150 2691 1209 2755 XV
1241 2693 1341 2756 habeo
1373 2690 1509 2756 minas.”
1533 2689 1618 2756 Cum
1640 2713 1707 2757 rem

512 2797 634 2862 dudum
660 2801 861 2884 cognovisset
885 2820 923 2862 ex
947 2797 1102 2883 epistula,
1126 2800 1273 2881 ineptum
1294 2803 1342 2860 est
1360 2799 1437 2860 haec
1456 2793 1643 2862 Calidorum
1662 2800 1707 2862 ita

511 2924 711 2968 commovere
734 2911 770 2966 nt
796 2903 944 2990 gladium
967 2910 1074 2988 poscat
1097 2923 1160 2988 quo
1185 2923 1218 2966 se
1241 2901 1362 2965 occidat
1385 2900 1490 2980 (349).

556 3010 647 3075 Dicat
671 3009 786 3094 aliquis
807 3009 992 3075 Calidorum
1012 3009 1180 3074 simulasse
1199 3008 1356 3073 laetitiam
1376 3015 1408 3072 et
1426 3007 1702 3093 indignationem,

507 3117 561 3181 sed
594 3121 737 3202 primum
771 3118 830 3181 hoc
862 3117 1012 3181 abhorret
1042 3118 1080 3181 ab
1113 3119 1181 3180 eius
1206 3114 1326 3191 indole,
1352 3135 1448 3199 quam
1472 3113 1594 3179 Lorenz
1618 3123 1702 3180 recte

509 3226 554 3287 sic
585 3222 753 3307 descripsit
777 3244 807 3307 p.
833 3222 868 3286 3:
901 3226 972 3298 „ein
996 3222 1203 3308 gutherziger
1226 3220 1291 3285 und
1316 3219 1607 3284 vertrauensvoller
1631 3222 1705 3284 aber

474 3403 478 3410 ,
508 3328 859 3392 charakterschwaoher
889 3327 956 3391 und
986 3325 1358 3412 rathlose1·.l1ingling”‚
1383 3331 1544 3409 praeterea
1568 3333 1704 3410 utraque

510 3436 610 3498 animi
641 3436 813 3498 commotio
844 3438 911 3497 tam
945 3435 1112 3516 repentina
1136 3434 1284 3517 pingitur
1307 3451 1403 3515 quam
1428 3433 1550 3494 sincera
1573 3438 1606 3493 et
1629 3437 1704 3494 nata

509 3560 546 3603 ex
578 3542 656 3623 ipsis
687 3539 791 3602 verbis
823 3538 964 3613 lenonis,
997 3538 1134 3621 denique
1165 3535 1363 3601 simulationi
1391 3534 1481 3599 nulla
1504 3555 1601 3599 causa
1623 3541 1704 3599 esset

507 3645 637 3722 idonea;
663 3647 782 3708 etenim
806 3646 833 3707 si
856 3643 962 3707 lenoni
987 3647 1096 3707 statim
1118 3642 1347 3727 respondisset:
1372 3648 1426 3717 „at
1444 3643 1510 3705 iam
1531 3640 1703 3705 vendidisti

508 3760 539 3814 et
572 3753 720 3835 accepisti
751 3749 810 3812 XV
844 3749 979 3824 minas'',
1016 3751 1069 3814 hie
1098 3752 1166 3814 sine
1198 3770 1287 3812 mora
1318 3747 1351 3811 id
1374 3749 1592 3831 promisisset,
1618 3746 1702 3830 quod

509 3877 592 3919 nunc
623 3855 792 3940 pollicetur
824 3854 927 3919 multo
960 3865 1049 3939 post,
1084 3854 1166 3920 376:
1200 3857 1249 3931 „si
1282 3861 1318 3917 tu
1342 3858 1514 3937 argentum
1538 3851 1700 3928 attuleris,

508 3982 582 4025 eum
606 3959 663 4024 illo
688 3960 853 4044 perdidero
877 3960 1005 4024 fidem'’.
1032 3958 1204 4023 Simulatio
1228 3961 1331 4044 igitur
1354 3959 1555 4022 inserviisset
1577 3963 1705 4021 tantum

508 4088 618 4131 scenae
649 4066 879 4150 protrahendae
903 4087 959 4150 per
983 4066 1112 4129 facetias
1138 4073 1170 4128 et
1193 4066 1337 4128 convicia
1361 4061 1567 4141 (aar-329,
1594 4061 1703 4127 347-

510 4172 599 4250 370),
625 4172 708 4256 quod
733 4169 853 4237 Graeco
878 4170 992 4235 saltem
1017 4178 1128 4254 poetae
1151 4172 1313 4253 imputare
1337 4167 1499 4233 noluerim
1516 4169 1549 4246 ¹).

556 4276 586 4340 5.
611 4277 688 4340 Esse
712 4280 809 4341 stiam
834 4279 866 4338 in
892 4278 995 4360 prima
1018 4296 1110 4339 scena
1135 4296 1215 4358 quae
1239 4282 1384 4361 pugnent
1408 4295 1482 4338 cum
1506 4272 1642 4358 epistola
1663 4275 1705 4337 sic

509 4385 692 4448 observavit
724 4383 893 4467 Langenus
925 4404 955 4466 p.
984 4380 1064 4444 199:
1098 4378 1254 4455 „Gemdss
1278 4380 1350 4444 dem
1374 4380 1480 4444 Briefe
1504 4382 1549 4443 ist
1571 4379 1705 4443 Phoeni·

509 4494 596 4554 oium
622 4490 738 4552 bereits
759 4487 924 4561 verkauff,
949 4507 1010 4550 was
1030 4488 1102 4550 dem
1124 4485 1292 4552 Calidorus
1312 4485 1441 4550 deshalb
1464 4484 1515 4549 die
1536 4483 1580 4548 20
1600 4488 1704 4548 minae

510 4593 628 4657 welche
659 4615 693 4657 er
726 4590 873 4676 verlangt
896 4590 1035 4670 (auat)
1058 4597 1175 4656 ntitaen
1199 4591 1311 4668 sollen,
1337 4612 1470 4676 vermag
1495 4612 1570 4655 man
1596 4596 1704 4655 zuvdr·

515 4739 710 4751 ——-—..—-

545 4817 1303 4884 1101,1ο1ιαοτο1ηιιμιιρ.20οο1111ετιιιιρ.36
