4525 5950
643 670 709 734 200
1167 689 1311 736 suerrus.

641 871 766 935 qunque
796 853 865 915 eius
896 849 1065 935 prudentia
1095 852 1302 917 vehementer
1333 858 1416 917 esset
1447 851 1628 919 laudanda?
1663 855 1750 920 Nam
1780 877 1832 920 cur

640 955 775 1022 Hortalo
798 956 942 1020 faverent
962 955 1107 1042 plerique
1127 963 1287 1023 senatores
1306 957 1453 1024 sollerter
1472 962 1703 1045 perspiciebat.
1725 983 1832 1047 nempe

641 1071 679 1128 ut
708 1065 770 1147 ipsi
794 1084 919 1147 quoque
942 1062 1029 1127 idem
1053 1063 1207 1129 haberent
1229 1067 1384 1149 egestatis
1408 1066 1608 1143 subsidium;
1632 1089 1692 1152 pro
1717 1071 1831 1134 aeraria

641 1190 718 1254 ergo
750 1172 911 1255 pugnavit
935 1168 1278 1254 fortiter.·certamque
1302 1170 1341 1234 ab
1365 1191 1402 1235 eo
1426 1174 1544 1236 avertit
1568 1175 1744 1258 perniciem
1768 1172 1833 1237 nul·

639 1275 745 1340 lorum
776 1277 900 1339 veritus
930 1277 1012 1339 iram
1035 1274 1268 1360 invidiamque.
1294 1275 1377 1354 Quid
1400 1278 1559 1342 attinebat
1582 1279 1642 1344 hoc
1666 1301 1744 1344 enm
1768 1301 1832 1344 cen·

639 1381 788 1445 damnare
810 1381 929 1445 iudicio
952 1402 1013 1445 non
1037 1383 1143 1471 magis
1167 1380 1326 1446 malevolo
1351 1402 1447 1466 quam
1472 1382 1571 1447 falsu:

687 1486 794 1563 „Haec
826 1494 921 1570 atque
952 1484 1046 1563 talia,
1079 1507 1274 1571 quamquam
1307 1507 1382 1551 cnm
1415 1488 1551 1553 adsensu
1575 1488 1691 1554 audita
1713 1490 1753 1555 ab
1775 1493 1831 1566 iis,

641 1594 758 1678 quibus
789 1594 896 1656 omnia
928 1594 1129 1676 principum,
1162 1593 1285 1655 honesta
1308 1600 1397 1677 utque
1419 1593 1586 1672 inhonesta,
1611 1593 1745 1661 laudare
1768 1617 1833 1660 mos

640 1704 704 1774 est,
730 1696 840 1782 plures
864 1717 920 1781 per
942 1696 1110 1761 silentium
1134 1703 1191 1761 aut
1215 1696 1378 1762 occultum
1402 1719 1553 1763 murmur
1576 1697 1775 1785 excepera''l

683 1802 749 1870 Cur
769 1803 933 1866 inhonestis
953 1802 1183 1867 adnumeratur
1203 1802 1362 1887 praeclara
1382 1802 1501 1869 Tiberii
1523 1808 1646 1882 oratio,
1673 1811 1732 1871 aut
1754 1814 1834 1870 certe

638 1912 672 1974 in
704 1909 809 1973 medio
839 1908 1034 1994 relinquitur
1057 1914 1168 1972 utrum
1193 1907 1232 1971 ad
1254 1909 1422 1973 inhenesta
1444 1912 1553 1994 potius
1576 1930 1617 1975 an
1640 1911 1682 1975 ad
1706 1912 1833 1976 honesta

640 2019 683 2080 sit
706 2012 888 2080 referenda?
912 2012 995 2080 Cum
1019 2017 1209 2099 praesertim
1229 2017 1327 2078 etiam
1347 2017 1668 2081 commemorandum
1689 2020 1734 2082 sit
1753 2039 1835 2104 egre·

642 2125 736 2207 gium
768 2120 887 2185 Tiberii
911 2121 1047 2196 factum,
1072 2140 1134 2205 qun
1156 2119 1227 2184 luce
1251 2119 1369 2184 clarius
1393 2120 1628 2186 demonstrarit
1653 2144 1716 2187 non
1744 2144 1835 2187 sunm

642 2227 696 2292 sed
721 2225 916 2310 reipublicae
939 2225 1145 2290 commodum
1170 2227 1262 2289 unice
1285 2225 1372 2289 cordi
1395 2226 1456 2290 sibi
1475 2247 1560 2291 esse:
1581 2230 1704 2292 etenim
1725 2249 1765 2292 ex
1784 2248 1836 2292 sua

641 2353 711 2397 arca
742 2331 906 2396 Hortensii
939 2329 1014 2395 filiis
1046 2331 1167 2395 ducena
1192 2330 1415 2396 adnumeravit
1439 2334 1603 2408 sestertia,
1628 2340 1728 2417 atque
1753 2340 1836 2411 (narn

641 2439 700 2503 hoc
724 2440 822 2502 etiam
845 2440 991 2522 gravius)
1013 2439 1144 2501 reticere
1166 2457 1228 2501 non
1249 2438 1351 2521 possit
1370 2438 1506 2522 scriptor
1525 2444 1635 2522 postea
1655 2441 1837 2525 apparuisse

644 2547 731 2608 omni
762 2543 884 2607 auxilio
916 2542 1088 2627 indignum
1120 2563 1188 2606 esse
1220 2541 1403 2606 Hortalum.
1435 2543 1519 2607 Nam
1543 2544 1629 2628 quod
1653 2543 1749 2609 illam
1773 2565 1837 2609 rem

644 2650 693 2712 his
716 2653 848 2712 exornat
875 2649 979 2712 verbis
1002 2645 1153 2711 Tacitus:

689 2754 820 2839 „Neque
844 2757 1015 2817 miseratus
1040 2758 1088 2816 est
1111 2752 1242 2836 posthac
1266 2750 1431 2830 Tiberius,
1452 2755 1602 2838 quamvis
1621 2753 1742 2819 domus
1762 2754 1839 2820 Her·

642 2862 737 2924 tensii
761 2857 940 2943 pudendam
966 2857 1006 2921 ad
1027 2860 1172 2942 inopiam
1196 2856 1418 2922 delaberetur”

641 2964 718 3049 quid
751 2970 833 3030 esset
863 2966 895 3027 in
919 2966 1089 3048 iniquitate
1113 2985 1279 3028 summum
1304 2961 1487 3028 declaravit.
1512 2964 1561 3027 An
1587 2963 1663 3030 boni
1688 2967 1839 3052 principis

641 3077 690 3135 est
713 3077 780 3134 tam
805 3070 860 3134 diu
884 3069 1041 3134 nubilium
1066 3070 1234 3134 hominum
1258 3068 1383 3133 levitati
1408 3076 1440 3133 et
1462 3072 1600 3134 vanitati
1624 3091 1721 3155 opem
1742 3072 1839 3148 ferre,

641 3176 740 3241 donec
773 3182 828 3241 aut
861 3179 1019 3241 aerarium
1051 3179 1093 3240 sit
1124 3177 1318 3241 exhaustum
1350 3180 1407 3240 aut
1431 3178 1500 3259 ipse
1523 3176 1709 3261 pudendam
1734 3178 1775 3243 ad
1797 3181 1841 3242 in·

641 3285 748 3366 opiam
773 3279 965 3366 delapsus'i

688 3387 728 3463 ΙΙ,
750 3386 803 3451 84.
829 3386 920 3451 Nihil
939 3408 957 3450 a
976 3386 1103 3451 Tiberio
1123 3386 1186 3450 dici
1206 3388 1364 3470 potuisse,
1385 3388 1535 3470 quamvis
1553 3393 1638 3452 esset
1650 3390 1838 3465 innocuum,

642 3495 721 3577 quin
750 3493 994 3557 acerbissimum
1023 3493 1184 3555 inveniret
1214 3512 1375 3555 censorem
1406 3490 1572 3568 Tacitum,
1597 3492 1651 3557 hic
1674 3491 1768 3559 locus
1791 3492 1840 3559 vel

641 3602 812 3683 praecipue
836 3598 1028 3662 documento
1051 3603 1117 3662 est:

688 3702 860 3781 „Getarum
884 3706 1002 3767 recenti
1026 3701 1128 3766 adhue
1152 3704 1313 3766 maestitia
1336 3708 1392 3780 (sc.
1416 3702 1456 3766 nb
1479 3708 1619 3767 mortam
1640 3700 1838 3784 Germanici)

641 3831 729 3873 soror
760 3807 943 3874 Germanici
975 3807 1085 3882 Livia,
1118 3815 1217 3892 nupta
1241 3806 1362 3883 Druso,
1388 3807 1467 3872 duos
1490 3807 1595 3872 virilis
1620 3829 1719 3874 sexus
1743 3807 1837 3874 simul

642 3917 734 3980 enixa
758 3914 838 3979 est”.

687 4019 789 4098 Quem
809 4041 872 4083 non
892 4019 929 4083 de
950 4018 1041 4103 plebe
1061 4039 1159 4082 avum
1180 4018 1338 4084 eiusmodi
1360 4039 1409 4082 ras
1428 4022 1549 4104 insigni
1567 4019 1686 4085 afficiat
1697 4018 1835 4108 gaudini

639 4125 711 4209 Ipse
746 4123 875 4188 Tacitus
911 4129 1047 4187 testatur
1076 4123 1159 4187 illud
1192 4143 1321 4199 „rarum
1352 4123 1539 4208 laetumque
1570 4128 1672 4190 etiam
1706 4128 1836 4193 medicis

641 4230 832 4315 penatibus'’
867 4230 974 4292 fuisse.
1006 4228 1097 4292 Nihil
1128 4250 1205 4313 ergo
1238 4234 1286 4292 est
1316 4250 1372 4293 cur
1401 4229 1522 4294 Tiberii
1545 4230 1585 4295 eb
1609 4232 1749 4297 eandem
1774 4252 1834 4297 rem

642 4338 799 4399 miremur
830 4333 998 4398 laetitiam.
1032 4332 1094 4411 Qui
1126 4336 1153 4396 si
1186 4333 1223 4397 de
1254 4355 1290 4397 ea
1322 4334 1359 4397 ad
1392 4340 1537 4398 senatum
1563 4336 1663 4420 paulo
1687 4336 1833 4412 liberius,

643 4444 720 4526 quin
745 4443 842 4504 etiam
868 4439 961 4524 paulo
985 4436 1194 4514 insolentius,
1219 4439 1348 4503 loeutus
1371 4447 1436 4515 est,
1462 4443 1533 4524 quis
1560 4448 1626 4504 tam
1651 4446 1786 4528 iniquus
1804 4447 1834 4507 nt

642 4549 753 4609 statim
778 4547 981 4609 iactationem
1005 4550 1036 4606 et
1060 4565 1120 4606 nun
1143 4543 1303 4607 serendam
1324 4545 1507 4628 snperbiam
1529 4545 1706 4612 oderetur?
1731 4550 1835 4614 Nonne

642 4651 788 4737 proloqui
809 4653 839 4714 ei
857 4649 990 4714 licebat:
1016 4647 1117 4721 „nulli
1139 4656 1211 4712 ante
1229 4649 1447 4714 Romanorum
1468 4650 1612 4715 eiusdem
1629 4652 1760 4740 fastigii
1774 4658 1834 4721 vire

641 4759 805 4842 geminam
837 4758 969 4838 stirpam
1002 4751 1167 4817 editam’'?
1201 4754 1411 4830 Praesertim,
1445 4758 1472 4819 si
1505 4777 1617 4821 verum
1644 4768 1716 4824 erat
1739 4758 1833 4825 illud:
