4525 5950
944 701 1108 751 conanus.
1563 684 1629 751 249

485 867 538 932 33.
553 868 583 933 2.
615 866 722 945 „Mihi
753 873 791 931 ut
822 866 1041 953 respondeas’'.
1076 866 1231 934 Adnotat:
1257 869 1336 932 bene
1361 867 1497 946 ,mihi’',
1520 872 1632 953 utpote

437 978 522 1062 patri
546 973 773 1052 adolescentis,
798 973 851 1041 661
874 974 1004 1039 domino
1029 971 1146 1052 Getae,
1171 973 1225 1040 vel
1247 977 1346 1040 etiam
1370 977 1448 1040 seni.

483 1082 568 1149 Nota
591 1082 640 1146 cel
651 1081 761 1146 -661,
787 1080 830 1145 itt
852 1102 959 1147 merae
983 1102 1088 1168 nugae
1111 1090 1203 1160 sunt;
1231 1082 1355 1161 „mihi”
1380 1085 1555 1148 necessario
1576 1080 1630 1147 ad·

437 1189 539 1254 ditur.

482 1295 554 1360 Non
574 1297 682 1359 minos
703 1300 851 1380 suspecta
870 1307 945 1360 sunt
965 1315 1045 1380 quae
1065 1303 1244 1381 sequuntur
1263 1294 1455 1381 Vergilianis
1474 1292 1631 1379 exemplis

434 1409 604 1467 aromata:
635 1401 677 1467 111
709 1401 844 1467 verbum
875 1399 957 1481 (scil.
989 1402 1129 1484 „mihi’')
1160 1409 1208 1468 est
1231 1400 1417 1488 scrupulose
1442 1401 1563 1487 aliquid
1585 1405 1632 1466 in·

435 1511 692 1596 terrogantium,
718 1511 764 1574 sic
787 1507 902 1595 Verg.:
935 1509 1101 1594 „mihique
1124 1510 1202 1609 haec
1225 1509 1361 1575 edissere
1385 1529 1460 1575 6666
1483 1509 1631 1595 roganti”

433 1623 469 1681 61
494 1616 566 1693 „dic
590 1616 672 1680 mihi
697 1615 851 1680 Damoeta
875 1617 986 1680 cuium
1009 1615 1127 1702 pecus’'
1153 1615 1245 1681 (Aen.
1270 1614 1301 1681 11
1328 1613 1401 1680 149.
1427 1613 1495 1680 1161.
1519 1613 1631 1696 IIII).

485 1776 520 1840 ln
547 1778 627 1840 serie
650 1777 678 1840 b.

486 1882 515 1946 5.
529 1881 576 1946 21³.
600 1880 708 1967 Negat
731 1882 893 1946 Phanium
915 1902 983 1946 esse
1006 1881 1088 1946 hauc
1110 1882 1172 1946 sibi
1196 1886 1367 1968 cognatam
1392 1878 1575 1965 Demipho?

486 1986 627 2052 Donatus
647 1987 777 2053 adnotat
797 1987 841 2067 (5.
856 1986 920 2069 2⁸):
942 2008 1061 2073 magno
1072 1990 1203 2074 ingenio
1216 1987 1383 2052 Terentius
1394 1986 1630 2072 impudentiam

437 2092 680 2159 calumniatoris
704 2096 876 2179 expressit,
900 2115 976 2159 nam
1000 2101 1033 2158 et
1055 2097 1142 2178 prior
1167 2096 1280 2178 incipit
1304 2100 1336 2159 et
1359 2095 1446 2179 prior
1470 2099 1605 2158 accusat.

485 2198 575 2265 Alter
606 2200 665 2264 hcc
696 2202 741 2265 sic
771 2198 930 2285 explevit:
963 2205 996 2264 et
1025 2201 1101 2284 quia
1131 2220 1195 2265 non
1219 2205 1324 2285 potest
1348 2199 1451 2265 dicere
1476 2198 1630 2285 „expellit

435 2307 598 2372 Phanium
623 2304 826 2392 Demiph0l”
854 2314 972 2393 „negat
994 2313 1166 2392 cognatam
1175 2303 1208 2369 l’'
1233 2308 1350 2390 inquit.

483 2410 530 2478 De
562 2411 748 2499 expellenda
779 2413 901 2478 Phanio
932 2434 1036 2478 sermo
1067 2433 1135 2477 esso
1165 2413 1217 2477 hic
1247 2412 1389 2477 nondum
1419 2414 1526 2498 potuit
1533 2434 1541 2491 ;
1572 2414 1631 2478 sub

436 2521 536 2585 finem
560 2518 711 2605 colloquii
735 2520 794 2584 hoo
817 2520 948 2585 demum
969 2523 1111 2584 minatur
1132 2518 1292 2604 Demipho
1315 2540 1363 2584 66.
1387 2515 1439 2596 78,
1461 2526 1630 2605 postquam

436 2628 621 2714 mitioribus
651 2629 851 2713 argumentis
878 2626 1105 2691 Phormionem
1127 2626 1246 2690 frustra
1269 2645 1470 2691 commovere
1494 2625 1629 2690 studuit.

484 2794 514 2861 7.
547 2792 782 2879 ,‚Sequimini’'.
814 2791 866 2857 Sic
894 2791 1053 2878 Demipho
1077 2794 1219 2859 breviter
1240 2801 1350 2858 monet
1374 2793 1560 2859 advocatos:
1586 2813 1631 2856 se

434 2902 577 2968 cundum
613 2900 774 2966 Donatum
808 2906 881 2982 (ser.
915 2904 964 2981 c):
1004 2903 1080 2985 quia
1108 2901 1331 2985 properantius
1362 2906 1394 2965 61
1424 2901 1629 2964 666611611666

432 3009 539 3097 gradu
559 3011 665 3094 pergit
683 3010 796 3072 iratus.
855 3005 913 3071 Ille
936 3006 1054 3092 loquax
1076 3009 1124 3070 ita
1147 3012 1336 3093 argutatur:
1360 3008 1501 3092 Apparet
1518 3004 1627 3071 Demi-

433 3115 575 3202 phonem
605 3121 642 3179 ut
670 3112 957 3199 patremfamilias
982 3113 1161 3198 perturbari
1185 3133 1250 3177 non
1272 3112 1484 3189 mediocriter,
1509 3115 1627 3198 quippe

433 3225 492 3310 qui
515 3228 547 3286 61
570 3220 739 3285 advocatos
764 3221 992 3304 conquisiverit
1014 3219 1166 3285 61666666
1189 3220 1352 3284 hominem
1376 3222 1443 3285 sine
1466 3220 1628 3286 advocatis

435 3336 587 3415 agentem
610 3334 642 3392 et
667 3326 815 3412 progredi
839 3347 902 3391 non
924 3323 1099 3406 66166111),
1124 3324 1261 3390 61611111
1286 3334 1469 3412 sequantur.

484 3434 614 3499 Rectius
638 3432 675 3497 de
699 3440 833 3517 utroque
855 3430 1021 3518 litigatore
1043 3430 1202 3496 iudicavit
1224 3429 1368 3496 Donatus
1391 3438 1463 3531 (666.
1488 3455 1508 3495 6
1533 3431 1628 3513 1.1):

439 3542 625 3607 Meminisse
649 3546 757 3603 autem
781 3538 934 3603 debemus
953 3541 985 3603 in
1005 3540 1092 3603 omni
1112 3541 1312 3603 contentione
1332 3558 1369 3602 ea
1390 3541 1530 3604 maxime
1550 3539 1628 3617 dici,

437 3669 518 3734 quae
549 3645 692 3730 simplici
724 3647 808 3730 patri
837 3643 977 3709 familias
1001 3651 1033 3711 et
1056 3643 1252 3709 calumnioso
1276 3644 1491 3731 sycophantae
1512 3647 1631 3731 impro-

436 3756 633 3838 bissimoque
657 3754 796 3837 parasito
820 3772 962 3839 congrua
986 3758 1098 3836 poetae
1122 3754 1192 3816 6166
1215 3756 1291 3815 6661
1314 3771 1390 3816 esse.

487 3920 537 3984 10.
552 3919 581 3985 3.
606 3918 763 3984 Donatus:
789 3918 945 4005 „parens”
970 3925 1069 4005 pater.
1128 3918 1278 3994 Addidit,
1302 3920 1422 4004 opinor,
1447 3917 1504 3983 ille
1528 3917 1625 3983 alter:

435 4047 512 4092 nam
542 4033 579 4090 ut
609 4028 747 4089 variaret
779 4031 943 4110 parentem
975 4024 1058 4089 dixit
1090 4046 1186 4109 quem
1218 4045 1314 4110 supra
1345 4031 1405 4105 (66.
1440 4021 1472 4096 7)
1503 4025 1626 4090 dixerat

435 4140 571 4218 patrem.

486 4283 536 4346 13.
569 4281 632 4346 Hic
663 4283 728 4346 iam
761 4280 940 4346 ostenditur
963 4302 1151 4366 persuasum
1176 4282 1371 4369 Demiphoni
1394 4304 1461 4348 6666
1486 4286 1554 4349 vim
1578 4283 1630 4348 61-

433 4390 572 4454 hibitam
605 4386 670 4452 lilio
703 4409 761 4452 suo
795 4408 927 4451 uxorem
960 4388 1073 4453 ducere
1104 4395 1198 4469 (corr.
1232 4411 1364 4454 uxorem
1390 4396 1427 4455 ut
1451 4387 1630 4472 duceret?):

434 4516 517 4570 uno,
546 4515 620 4559 cum
645 4493 730 4557 hunc
759 4494 912 4559 audacem
936 4492 1094 4579 appellat,
1120 4493 1238 4572 altero,
1264 4496 1348 4579 quod
1371 4497 1449 4561 dicit
1475 4496 1629 4574 „etiam'’,

434 4622 517 4686 quae
537 4603 716 4665 coniunctio
738 4607 770 4664 et
789 4599 1007 4686 Antiphonem
1027 4600 1253 4686 complectitur
1272 4610 1305 4667 et
1324 4606 1369 4667 sic
1390 4603 1627 4679 „accusatum’'.

486 4706 585 4772 Verba
608 4705 818 4791 Demiphonis
843 4728 923 4791 quae
948 4707 1151 4791 explicantur
1174 4714 1266 4771 sunt:

599 4810 830 4877 Oaudaciam!
856 4815 954 4877 etiam
978 4835 1030 4879 me
1054 4813 1139 4879 ultro
1162 4821 1345 4879 accusatum
1370 4818 1458 4880 venit
