4525 5950
647 695 690 763 70
892 778 893 782 Ἰ
1172 711 1314 759 rsoruus.

644 881 746 957 irent,
779 899 944 963 nunquam
975 880 1107 966 propius
1140 876 1286 942 accedere
1308 879 1487 963 potuissent
1510 873 1685 962 agricolae,
1712 873 1767 938 sed
1793 894 1841 938 ar·

645 986 754 1051 dorem
785 988 926 1051 vitantes
960 1007 1085 1071 semper
1119 983 1229 1049 eodem
1261 986 1452 1048 mansissent
1482 980 1662 1050 intervallo.
1700 982 1840 1046 Prorsus

645 1095 840 1158 contrarium
864 1113 941 1179 ergo
965 1092 1016 1157 hic
1039 1094 1215 1177 requiritur
1236 1111 1333 1175 quam
1355 1090 1439 1175 quod
1462 1097 1511 1156 est
1533 1088 1706 1166 traditum,
1728 1086 1841 1173 legen·

646 1198 788 1284 dumque
813 1199 1014 1263 recedentibus
1037 1196 1091 1264 vel
1115 1198 1322 1262 residentibus.

691 1419 729 1482 A.
751 1417 835 1495 XIV,
858 1416 887 1482 6.
913 1418 1093 1503 Agrippina
1114 1416 1246 1481 insidias
1269 1417 1330 1482 sibi
1349 1438 1367 1481 a
1387 1415 1452 1481 filio
1470 1421 1607 1482 structas
1627 1417 1751 1496 evadit,
1774 1438 1839 1482 uno

646 1528 754 1588 tamen
782 1530 911 1610 accepto
935 1522 1066 1588 vulnere
1089 1529 1177 1604 (nam
1201 1544 1234 1588 se
1256 1544 1314 1608 pro
1337 1522 1394 1587 illa
1414 1522 1551 1588 interfici
1573 1543 1592 1588 a
1615 1526 1723 1589 nautis
1748 1545 1842 1610 passa

646 1636 695 1695 θεῖ
718 1631 901 1709 Acerronia)
927 1636 1023 1715 atque
1045 1632 1079 1693 in
1102 1627 1214 1694 villam
1239 1649 1330 1693 suam
1353 1629 1506 1693 infertur:

692 1738 760 1814 „ibi
793 1742 945 1822 reputans
977 1736 1048 1801 ideo
1084 1757 1117 1801 se
1148 1735 1318 1801 fallacibus
1346 1734 1464 1801 litteris
1495 1738 1630 1800 accitam
1662 1735 1840 1802 ethonore

604 1883 609 1891 ·
644 1845 813 1929 praecipuo
836 1842 980 1906 habitam
1002 1889 1055 1906 ...
1076 1843 1244 1907 observans
1263 1843 1363 1906 etiam
1384 1843 1572 1908 Acerroniae
1590 1863 1717 1920 necem,
1740 1842 1839 1908 simul

646 1971 742 2013 suum
774 1946 892 2013 vulnus
921 1949 1093 2034 aspiciens,
1126 1946 1231 2013 solum
1262 1947 1453 2013 insidiarum
1483 1948 1661 2014 remedium
1692 1969 1779 2027 esse,
1811 1950 1838 2014 si

647 2076 707 2119 non
731 2053 996 2139 intellegerentur
1004 2075 1012 2132 ;
1037 2055 1191 2138 misitque
1213 2052 1369 2118 libertum
1393 2052 1575 2141 Agerinum
1598 2077 1624 2119 e.
1638 2075 1668 2139 q.
1682 2055 1731 2119 s.”

692 2160 790 2226 Hiare
809 2161 906 2225 huius
925 2159 986 2226 loci
1007 2165 1203 2225 structuram
1223 2158 1346 2225 dudum
1366 2167 1414 2226 θεῖ
1431 2147 1650 2241 intellectum
1671 2183 1752 2248 ergo
1768 2167 1837 2247 post

647 2267 890 2348 inteliepcrentur
905 2266 972 2345 (vel
983 2273 1056 2352 post
1067 2273 1142 2347 ease)
1154 2265 1210 2331 alii
1222 2267 1286 2331 alia
1295 2269 1498 2333 inseruerunt
1510 2267 1685 2353 (putavit’',
1700 2267 1836 2344 ‚,vidit’',

648 2373 815 2452 „sensit”).
846 2372 1004 2458 Equidem
1036 2371 1227 2458 particulam
1257 2396 1329 2458 que,
1362 2375 1458 2439 verbo
1490 2374 1575 2460 quod
1605 2379 1652 2439 est
1682 2374 1767 2438 misit
1789 2374 1837 2439 ad·

649 2480 832 2546 haerentem
856 2477 1029 2544 deleverim
1054 2485 1087 2543 θῖ
1109 2485 1182 2564 post
1205 2478 1448 2562 ioteiiepereuiur
1470 2483 1660 2546 inseruerim
1684 2487 1771 2544 rata:
1795 2482 1836 2544 sic

650 2586 780 2652 demum
804 2606 908 2651 sermo
931 2585 1078 2651 Taciteus
1101 2588 1230 2650 restitui
1254 2586 1390 2652 videtur.

696 2794 731 2856 Α.
757 2789 843 2868 XIV,
868 2790 898 2855 9.
932 2791 960 2856 A
989 2790 1243 2874 percussoribus,
1268 2810 1346 2875 quos
1369 2790 1453 2856 Nero
1477 2793 1634 2870 immisit,
1659 2795 1835 2881 Agrippina

648 2896 820 2963 occiditur:
1186 2965 1190 2974 ,

696 3003 866 3082 „Oremata
896 3009 944 3069 est
973 3008 1065 3069 nocte
1097 3003 1224 3081 eadem,
1257 3004 1417 3070 convivali
1440 3003 1522 3071 lecto
1544 3012 1577 3071 et
1601 3010 1746 3093 exequiis
1770 3006 1835 3073 vili·

649 3113 724 3189 bus;
757 3133 876 3196 neque,
908 3110 985 3175 dum
1017 3110 1101 3175 Nero
1132 3131 1240 3175 rernm
1263 3112 1455 3196 potiebatur,
1479 3121 1629 3200 congesta
1652 3123 1709 3179 aut
1733 3113 1834 3181 clausa

649 3220 777 3284 humus.
805 3217 885 3283 Mox
909 3217 1157 3283 domesticorum
1180 3238 1255 3281 cura
1277 3217 1383 3284 levem
1406 3219 1574 3284 tumulum
1596 3224 1728 3307 accepit,
1753 3225 1834 3287 viam

649 3324 766 3389 Miseni
788 3332 918 3408 propter
941 3329 973 3388 et
996 3322 1107 3387 villam
1132 3321 1275 3390 (lassaris
1297 3324 1492 3390 dictatoris.”

692 3430 743 3496 Ad
772 3429 854 3495 illud
886 3430 965 3493 biom
998 3430 1112 3493 Miseni
1129 3437 1255 3512 propter
1277 3432 1339 3495 viri
1363 3430 1448 3497 docti
1471 3437 1641 3497 annotant:
1667 3433 1762 3498 litora
1789 3435 1835 3497 Co-

650 3537 765 3601 lubrice
796 3543 900 3600 eontra
933 3535 1004 3616 (ΙΙΙ,
1032 3537 1064 3615 1)
1095 3543 1127 3601 et
1161 3536 1325 3599 cubitatione
1363 3538 1499 3601 Caesaris
1529 3538 1633 3617 iacto,
1670 3540 1727 3604 sed
1762 3541 1836 3603 mom

651 3643 763 3708 Miseni
786 3665 849 3708 non
872 3664 940 3707 esse
964 3642 1058 3708 nihili
1081 3641 1276 3708 locutionem
1301 3643 1412 3709 docere
1433 3643 1655 3730 neglexerunt.
1680 3646 1837 3732 Equidem

647 3757 757 3818 autem
787 3748 869 3814 illud
899 3771 961 3814 non
992 3770 1170 3834 concoquo,
1195 3748 1249 3813 sed
1271 3748 1436 3815 lenissima
1459 3771 1576 3837 repono
1601 3753 1836 3819 emendatione:

650 3858 791 3935 „Miseni
814 3858 902 3920 viam
925 3854 1086 3941 propter'',
1109 3861 1148 3919 ut
1170 3854 1286 3919 Miseni
1309 3859 1352 3921 sit
1372 3856 1543 3923 locativns.

696 4076 733 4141 A.
760 4075 845 4154 XIV,
872 4076 925 4141 11.
958 4075 1089 4140 Mortua
1119 4078 1297 4162 Agrippina
1327 4075 1410 4142 Nero
1434 4076 1604 4163 epistolam
1628 4079 1669 4144 ad
1691 4087 1836 4148 senatum

651 4185 772 4259 mittit,
801 4204 862 4268 qua
894 4203 1002 4247 omnes
1032 4184 1102 4247 eius
1132 4182 1262 4247 insidias
1285 4183 1536 4249 machinationes
1558 4188 1837 4271 importunitates,

650 4308 727 4374 quas
749 4290 818 4373 ipse
839 4291 905 4353 iam
929 4290 1074 4375 princeps
1097 4296 1247 4374 expertus
1272 4292 1331 4367 sit,
1355 4297 1538 4356 enumerat:

697 4393 913 4479 „Temporum
937 4415 1062 4481 quoque
1083 4393 1333 4461 Claudianorum
1353 4396 1483 4482 obliqua
1500 4400 1709 4464 insectatione
1728 4408 1838 4466 cuncta

650 4504 719 4567 eius
742 4500 968 4566 dominationis
991 4499 1114 4588 flagitia
1137 4503 1171 4566 iu
1194 4507 1331 4567 matrem
1356 4502 1540 4581 transtulit,
1566 4502 1695 4589 publica
1714 4507 1836 4572 fortuna

651 4610 823 4673 extinctam
854 4608 1000 4673 referens.
1033 4607 1180 4693 Namque
1203 4616 1235 4674 et
1258 4609 1462 4697 naufragium
1485 4611 1649 4676 narrabat:
1674 4614 1760 4696 quod
1783 4615 1836 4679 for·

650 4718 773 4780 tuitum
795 4716 909 4792 fuisse,
935 4718 1006 4799 quis
1030 4715 1107 4780 adeo
1131 4715 1226 4780 hebes
1248 4717 1457 4795 inveniretur,
1483 4724 1520 4781 ut
1542 4716 1726 4783 crederetl”

696 4820 781 4893 Male
816 4821 896 4887 duae
931 4822 990 4888 hae
1021 4825 1196 4889 sententiae
1226 4824 1310 4887 inter
1337 4843 1371 4889 se
1401 4824 1585 4902 cohaerent,
1614 4826 1723 4912 inepto
1754 4827 1835 4892 enim
