4525 5950
534 685 577 751 92
1046 702 1188 751 1111111.

531 888 625 951 saepe
658 867 696 931 de
726 868 882 950 corruptis
914 866 1056 929 moribus
1087 873 1247 950 ageretur,
1280 870 1454 931 excessisse
1484 867 1678 933 relat-ionem
1700 875 1728 932 et

532 972 571 1036 de
594 974 682 1035 omni
702 992 819 1055 genere
838 973 1012 1048 vitiorum,
1032 992 1090 1035 neo
1111 970 1149 1035 de
1171 992 1207 1036 eo
1228 971 1294 1037 solo
1315 972 1399 1057 quod
1420 981 1497 1037 tunc
1518 973 1726 1038 coercendum

534 1098 601 1142 1111
621 1076 795 1153 dicebatur,
815 1083 1024 1160 conquestum
1045 1097 1129 1154 esse;
1153 1098 1254 1161 neque
1273 1077 1331 1142 boc
1352 1098 1369 1141 a
1389 1085 1503 1141 natura
1523 1081 1570 1141 rei
1588 1077 1727 1143 alienum

534 1203 609 1246 eum
641 1184 710 1266 ipsa
733 1184 915 1268 argumenti
939 1183 1110 1245 acerbitate
1134 1181 1228 1246 solito
1251 1185 1357 1266 magis
1380 1190 1578 1247 commotum
1605 1191 1639 1248 et
1663 1183 1728 1247 aliis

533 1309 629 1352 usum
665 1308 731 1351 esse
763 1289 917 1352 orationis
948 1286 1088 1352 flosculis
1119 1296 1152 1351 et
1183 1288 1258 1351 hoc:
1292 1291 1347 1364 „in
1380 1275 1446 1352 tam
1478 1297 1631 1374 corrupta
1655 1291 1728 1353 urbe

533 1397 642 1458 vivere
667 1414 717 1457 me
741 1393 864 1469 taedet,
891 1394 1037 1479 migrabo
1060 1395 1093 1457 in
1116 1414 1172 1456 rus
1195 1393 1324 1478 aliquod
1349 1393 1454 1458 solum
1474 1401 1507 1459 et
1526 1395 1726 1473 desertum'’;

533 1501 610 1584 quin
642 1501 740 1563 etiam
772 1498 890 1583 fingere
922 1520 1051 1583 possum
1085 1505 1255 1563 strenuum
1287 1498 1383 1564 illum
1416 1507 1574 1565 oratorem
1606 1504 1641 1565 in
1671 1500 1728 1564 fine

532 1609 707 1670 sententiae
743 1608 934 1677 surrexisse,
970 1606 1101 1681 abiisse,
1134 1603 1246 1670 valvas
1279 1608 1385 1670 curiae
1416 1627 1478 1670 non
1510 1609 1579 1671 sine
1611 1627 1728 1692 magno

532 1714 669 1795 strepitu
691 1709 877 1795 impulisse,
901 1711 955 1775 sed
975 1710 1096 1796 fingere
1116 1732 1177 1774 non
1198 1732 1347 1795 possum,
1368 1714 1395 1775 si
1416 1714 1461 1776 sic
1479 1733 1528 1776 res
1548 1733 1582 1777 se
1600 1713 1728 1789 habuit,

531 1819 639 1900 ipsum
670 1814 752 1879 illud
783 1815 919 1879 abeundi
951 1815 1122 1880 consilium
1153 1823 1185 1880 et
1217 1837 1235 1880 a
1266 1817 1467 1881 senatoribus
1499 1822 1531 1881 et
1562 1817 1728 1882 aTiberio

532 1929 696 2005 tamquam
730 1923 850 1984 serium
882 1927 949 1984 tam
981 1924 1124 2005 graviter
1149 1927 1326 2005 acceptum.
1352 1923 1419 1985 Aut
1442 1921 1594 2007 denique,
1621 1926 1650 1987 si
1672 1924 1728 1987 hoc

535 2047 660 2112 quoque
683 2026 824 2104 factum,
849 2024 930 2090 nihil
953 2025 1079 2090 facilius
1103 2034 1172 2091 erat
1195 2048 1292 2111 quam
1317 2027 1439 2112 placare
1464 2030 1596 2092 iratum.
1620 2028 1729 2093 Dicere

537 2140 663 2218 poterat
687 2131 833 2196 Tiberius
857 2134 917 2196 sibi
942 2135 1064 2216 optime
1088 2131 1125 2197 de
1150 2131 1314 2217 republica
1338 2136 1491 2197 meritum
1515 2133 1621 2198 videri
1646 2134 1730 2198 Piso

536 2261 628 2314 nem,
649 2241 705 2323 qui
725 2245 813 2303 tanto
833 2238 942 2303 ardore
961 2241 994 2301 in
1014 2246 1179 2322 corruptos
1199 2245 1281 2302 esset
1300 2241 1447 2302 invectus
1466 2259 1588 2315 mores,
1606 2244 1731 2323 poterat

538 2349 572 2411 in
597 2365 667 2409 eam
692 2348 882 2409 sententiam
903 2344 972 2408 fieri
992 2344 1315 2408 senatusconsultum.
1337 2344 1456 2409 Verum
1477 2344 1559 2409 nihil
1572 2345 1729 2410 eiusmodi

537 2451 640 2515 dicere
671 2449 724 2515 vel
752 2450 934 2527 decernere,
960 2450 1012 2514 sed
1036 2459 1150 2534 putare
1174 2451 1308 2513 mitibus
1333 2451 1441 2514 verbis
1464 2449 1517 2515 vel
1540 2455 1731 2536 propinquo

539 2578 611 2620 rum
641 2559 832 2621 auctoritate
862 2557 1049 2641 precibusve
1080 2577 1098 2619 a
1129 2558 1288 2640 proposito
1318 2556 1491 2620 abductum
1515 2559 1558 2620 iri
1580 2556 1731 2621 Pisonem

540 2662 680 2727 stultitia
703 2668 772 2727 erat
797 2709 870 2725 ....
892 2670 976 2725 certe
1001 2664 1027 2725 si
1049 2668 1115 2726 tota
1135 2663 1212 2725 haec
1231 2683 1280 2725 res
1299 2664 1346 2725 ita
1365 2683 1398 2726 se
1417 2662 1531 2727 habuit
1551 2669 1588 2725 ut
1602 2660 1731 2726 Tacitus

537 2775 660 2842 narrat,
687 2767 772 2852 quod
796 2767 876 2831 mihi
900 2788 961 2830 non
985 2766 1078 2831 facile
1102 2766 1354 2851 persuadebitur.
1380 2766 1450 2831 Nisi
1474 2767 1583 2831 Pisoni
1603 2769 1731 2852 propria

536 2873 691 2958 quaedam
722 2874 784 2937 fuit
816 2879 848 2936 et
879 2870 1048 2957 peculiaris
1078 2893 1173 2936 causa
1204 2893 1261 2935 our
1290 2875 1335 2936 sic
1358 2878 1484 2956 ageret,
1508 2875 1640 2957 ineptus
1663 2875 1731 2957 ipse

536 2981 616 3056 fuit,
649 2980 703 3044 sed
734 2979 896 3063 aliquanto
926 2981 1101 3064 ineptiores
1132 2978 1280 3043 Tiberius
1312 2988 1548 3064 senatoresque,
1574 2983 1730 3064 quicum

536 3088 674 3150 retinere
706 3084 758 3148 vel
781 3085 927 3147 reducere
952 3087 1016 3147 siut
1039 3086 1154 3148 conati.
1179 3083 1214 3148 Si
1237 3083 1378 3169 legerem
1404 3085 1545 3149 derisum
1569 3105 1588 3149 a
1612 3091 1733 3150 senate

536 3193 625 3254 ribus
649 3191 799 3254 Pisonem
819 3199 949 3274 propter
969 3192 1102 3253 nimiam
1122 3190 1378 3265 vehementiam,
1399 3192 1465 3253 iam
1484 3196 1630 3254 constare
1649 3190 1733 3254 mihi

535 3299 581 3361 rei
613 3303 758 3360 narratae
790 3295 952 3358 uideretur
982 3297 1073 3358 ratio.
1104 3294 1165 3358 Sed
1190 3294 1254 3358 alio
1279 3302 1455 3360 monstrare
1478 3294 1632 3358 videntur
1654 3297 1731 3360 baec

535 3402 633 3467 verba
664 3401 686 3465 l.
714 3400 766 3476 IV,
800 3422 826 3464 c.
851 3400 891 3463 21
921 3409 1050 3476 „actum
1075 3400 1188 3463 dehinc
1212 3399 1249 3464 de
1274 3398 1447 3485 Calpurnio
1471 3400 1605 3477 Pisone,
1631 3401 1731 3465 nobili

538 3529 573 3572 ac
598 3508 693 3571 feroci
718 3510 798 3569 vire.
824 3505 855 3569 Is
877 3527 1031 3589 namque,
1055 3511 1093 3569 ut
1115 3504 1230 3581 retuli,
1255 3527 1421 3570 cessurum
1445 3527 1478 3571 se
1502 3508 1580 3570 urbe
1606 3508 1646 3572 ob
1671 3510 1732 3571 fac·

536 3616 637 3676 tiones
669 3618 888 3676 accusatorum
917 3613 950 3674 in
982 3618 1094 3674 senatu
1127 3609 1380 3675 clamitaverat’'.
1413 3611 1512 3675 Mitto
1536 3632 1621 3676 nunc
1644 3611 1731 3696 quod

535 3727 641 3781 nostro
672 3716 740 3780 loco
765 3737 825 3779 non
852 3715 1007 3790 „retulit”
1032 3714 1114 3779 illud
1138 3715 1286 3792 Tacitus,
1312 3727 1395 3781 certe
1419 3739 1482 3782 non
1507 3716 1600 3802 plane
1623 3718 1728 3795 idem;

535 3824 589 3887 sed
619 3831 748 3907 propter
779 3821 860 3886 illud
894 3822 1067 3897 „factiones
1090 3822 1333 3886 accusatorum”
1357 3826 1512 3907 suspicari
1532 3824 1654 3907 incipio
1680 3823 1729 3887 Pi-

534 3950 643 3993 sonem
672 3931 738 3990 iam
763 3934 833 3990 tum
858 3930 992 3991 sensisse
1017 3933 1175 4011 quantum
1198 3929 1259 3992 sibi
1284 3928 1362 3991 mali
1385 3949 1403 3992 a
1427 3927 1622 3992 delatoribus
1645 3937 1730 3994 esset

534 4034 780 4118 exspectandum
813 4041 856 4111 (1.
889 4054 968 4118 quae
1002 4032 1039 4096 de
1072 4030 1191 4097 Granio
1224 4041 1393 4097 narrantur
1416 4033 1468 4112 IV,
1495 4033 1730 4119 2111131111

534 4139 711 4225 postulasse
746 4146 782 4202 ut
813 4161 923 4204 severo
954 4139 1232 4203 senatusconsulto
1264 4141 1395 4204 obviam
1426 4143 1466 4203 iis
1497 4142 1608 4218 iretur,
1645 4141 1731 4226 quod

534 4267 609 4311 oum
633 4248 804 4329 impetrare
829 4269 890 4309 non
916 4251 1039 4329 posset,
1065 4248 1179 4308 exiisse
1204 4266 1277 4309 eum
1303 4267 1319 4309 1
1344 4253 1466 4310 senatu.

581 4352 618 4415 A.
639 4349 696 4426 Ill,
719 4350 771 4414 36.
799 4351 914 4427 „Exim
939 4361 1142 4435 promptum,
1163 4350 1246 4435 quod
1268 4350 1447 4415 multorum
1467 4353 1593 4415 intimis
1613 4356 1732 4437 questi-

535 4458 596 4521 bus
621 4457 796 4541 tegebatur.
822 4456 990 4521 Incedebat
1014 4460 1099 4519 enim
1124 4456 1295 4520 deterrimo
1315 4460 1429 4541 cuique
1448 4456 1576 4521 licentia
1596 4460 1732 4544 impune

537 4562 650 4647 probra
673 4570 706 4625 et
727 4562 884 4626 invidiam
907 4564 940 4625 in
965 4563 1060 4626 bonos
1085 4561 1243 4624 excitandi
1265 4569 1390 4646 arrepta
1408 4565 1551 4647 imagine
1569 4560 1731 4641 Caesarie;

535 4666 742 4751 libertinique
773 4670 872 4730 etiam
904 4688 939 4730 ac
970 4668 1070 4741 servi,
1103 4675 1235 4750 patrono
1267 4666 1318 4731 vel
1350 4667 1479 4732 domino
1511 4689 1585 4732 cum
1621 4690 1731 4747 voces,

536 4795 611 4838 cum
636 4794 748 4836 manus
771 4775 982 4846 intentarent,
1008 4770 1093 4836 ultro
1119 4772 1375 4838 metuebantur”.
