<?xml version="1.0" encoding="UTF-8"?>
<!DOCTYPE html PUBLIC "-//W3C//DTD XHTML 1.0 Transitional//EN"
    "http://www.w3.org/TR/xhtml1/DTD/xhtml1-transitional.dtd">
<html xmlns="http://www.w3.org/1999/xhtml" xml:lang="en" lang="en">
 <head>
  <title>
</title>
<meta http-equiv="Content-Type" content="text/html;charset=utf-8" />
  <meta name='ocr-system' content='tesseract 3.04.00' />
  <meta name='ocr-capabilities' content='ocr_page ocr_carea ocr_par ocr_line ocrx_word'/>
</head>
<body>
  <div class='ocr_page' id='page_1' title='image "./mnemosyne07verdgoog_0124.png"; bbox 0 0 4525 5950; ppageno 0'>
   <div class='ocr_carea' id='block_1_1' title="bbox 808 680 1631 751">
    <p class='ocr_par' dir='ltr' id='par_1_1' title="bbox 808 680 1631 751">
     <span class='ocr_line' id='line_1_1' title="bbox 808 680 1631 751; baseline -0.006 0"><span class='ocrx_word' id='word_1_1' title='bbox 808 704 850 751; x_wconf 80' lang='lat' dir='ltr'>nn</span> <span class='ocrx_word' id='word_1_2' title='bbox 874 701 1106 750; x_wconf 70' lang='lat' dir='ltr'>sumbernensis</span> <span class='ocrx_word' id='word_1_3' title='bbox 1129 702 1268 749; x_wconf 84' lang='lat' dir='ltr'>rnuruu.</span> <span class='ocrx_word' id='word_1_4' title='bbox 1567 680 1631 746; x_wconf 87' lang='lat'>107</span> 
     </span>
    </p>
   </div>
   <div class='ocr_carea' id='block_1_2' title="bbox 433 866 1638 4549">
    <p class='ocr_par' dir='ltr' id='par_1_2' title="bbox 434 866 1634 1379">
     <span class='ocr_line' id='line_1_2' title="bbox 435 866 1634 954; baseline -0.003 -21"><span class='ocrx_word' id='word_1_5' title='bbox 435 871 580 953; x_wconf 77' lang='lat' dir='ltr'><em>Spartam</em></span> <span class='ocrx_word' id='word_1_6' title='bbox 610 870 743 947; x_wconf 85' lang='lat' dir='ltr'>referre,</span> <span class='ocrx_word' id='word_1_7' title='bbox 769 868 929 954; x_wconf 79' lang='lat' dir='ltr'><strong>„gloriam</strong></span> <span class='ocrx_word' id='word_1_8' title='bbox 953 872 1061 932; x_wconf 89' lang='lat' dir='ltr'>autem</span> <span class='ocrx_word' id='word_1_9' title='bbox 1086 873 1160 932; x_wconf 90' lang='lat' dir='ltr'>ante</span> <span class='ocrx_word' id='word_1_10' title='bbox 1184 869 1363 953; x_wconf 88' lang='lat' dir='ltr'>potentiam</span> <span class='ocrx_word' id='word_1_11' title='bbox 1388 866 1634 930; x_wconf 77' lang='lat' dir='ltr'>Atheniensium</span> 
     </span>
     <span class='ocr_line' id='line_1_3' title="bbox 437 975 1633 1060; baseline -0.003 -21"><span class='ocrx_word' id='word_1_12' title='bbox 437 978 657 1053; x_wconf 78' lang='lat' dir='ltr'>„reviviscere</span> <span class='ocrx_word' id='word_1_13' title='bbox 691 996 753 1040; x_wconf 93' lang='lat' dir='ltr'>non</span> <span class='ocrx_word' id='word_1_14' title='bbox 784 995 875 1060; x_wconf 88' lang='lat' dir='ltr'>posse</span> <span class='ocrx_word' id='word_1_15' title='bbox 907 994 964 1039; x_wconf 89' lang='lat' dir='ltr'>uec</span> <span class='ocrx_word' id='word_1_16' title='bbox 995 978 1078 1038; x_wconf 89' lang='lat' dir='ltr'>stare</span> <span class='ocrx_word' id='word_1_17' title='bbox 1109 976 1171 1037; x_wconf 87' lang='lat' dir='ltr'>nisi</span> <span class='ocrx_word' id='word_1_18' title='bbox 1201 976 1315 1038; x_wconf 87' lang='lat' dir='ltr'>civitas</span> <span class='ocrx_word' id='word_1_19' title='bbox 1348 975 1494 1037; x_wconf 91' lang='lat' dir='ltr'>omnium</span> <span class='ocrx_word' id='word_1_20' title='bbox 1525 992 1633 1036; x_wconf 90' lang='lat' dir='ltr'>rerum</span> 
     </span>
     <span class='ocr_line' id='line_1_4' title="bbox 437 1077 1633 1165; baseline -0.003 -20"><span class='ocrx_word' id='word_1_21' title='bbox 437 1080 658 1158; x_wconf 88' lang='lat' dir='ltr'>„abundantia</span> <span class='ocrx_word' id='word_1_22' title='bbox 687 1080 843 1165; x_wconf 79' lang='lat' dir='ltr'><strong>gauderet</strong></span> <span class='ocrx_word' id='word_1_23' title='bbox 873 1084 906 1145; x_wconf 91' lang='lat' dir='ltr'>et</span> <span class='ocrx_word' id='word_1_24' title='bbox 937 1082 1023 1144; x_wconf 87' lang='lat' dir='ltr'>cives</span> <span class='ocrx_word' id='word_1_25' title='bbox 1054 1100 1159 1144; x_wconf 90' lang='lat' dir='ltr'>mores</span> <span class='ocrx_word' id='word_1_26' title='bbox 1184 1082 1303 1164; x_wconf 89' lang='lat' dir='ltr'>patrios</span> <span class='ocrx_word' id='word_1_27' title='bbox 1327 1078 1557 1143; x_wconf 89' lang='lat' dir='ltr'>custodireut&#39;’.</span> <span class='ocrx_word' id='word_1_28' title='bbox 1581 1077 1633 1141; x_wconf 82' lang='lat' dir='ltr'>Sic</span> 
     </span>
     <span class='ocr_line' id='line_1_5' title="bbox 435 1183 1633 1270; baseline -0.004 -19"><span class='ocrx_word' id='word_1_29' title='bbox 435 1185 562 1251; x_wconf 87' lang='lat' dir='ltr'>scilieet</span> <span class='ocrx_word' id='word_1_30' title='bbox 585 1185 667 1250; x_wconf 87' lang='lat' dir='ltr'>alter</span> <span class='ocrx_word' id='word_1_31' title='bbox 690 1186 741 1250; x_wconf 89' lang='lat' dir='ltr'>hic</span> <span class='ocrx_word' id='word_1_32' title='bbox 765 1185 934 1251; x_wconf 80' lang='lat' dir='ltr'>Suevernii</span> <span class='ocrx_word' id='word_1_33' title='bbox 958 1183 1136 1270; x_wconf 85' lang='lat' dir='ltr'>discipulus</span> <span class='ocrx_word' id='word_1_34' title='bbox 1158 1183 1260 1249; x_wconf 88' lang='lat' dir='ltr'>nubes</span> <span class='ocrx_word' id='word_1_35' title='bbox 1283 1190 1316 1249; x_wconf 87' lang='lat' dir='ltr'>et</span> <span class='ocrx_word' id='word_1_36' title='bbox 1339 1187 1446 1249; x_wconf 89' lang='lat' dir='ltr'>inania</span> <span class='ocrx_word' id='word_1_37' title='bbox 1470 1183 1633 1269; x_wconf 78' lang='lat' dir='ltr'>captabat,</span> 
     </span>
     <span class='ocr_line' id='line_1_6' title="bbox 434 1291 853 1379; baseline -0.005 -22"><span class='ocrx_word' id='word_1_38' title='bbox 434 1296 636 1379; x_wconf 82' lang='lat' dir='ltr'>magistrum</span> <span class='ocrx_word' id='word_1_39' title='bbox 660 1291 853 1357; x_wconf 82' lang='lat' dir='ltr'>aemulatus.</span> 
     </span>
    </p>

    <p class='ocr_par' dir='ltr' id='par_1_3' title="bbox 433 1395 1638 2117">
     <span class='ocr_line' id='line_1_7' title="bbox 484 1395 1635 1480; baseline -0.004 -18"><span class='ocrx_word' id='word_1_40' title='bbox 484 1399 592 1464; x_wconf 83' lang='lat' dir='ltr'>Hodie</span> <span class='ocrx_word' id='word_1_41' title='bbox 616 1398 655 1462; x_wconf 90' lang='lat' dir='ltr'>ad</span> <span class='ocrx_word' id='word_1_42' title='bbox 680 1398 759 1462; x_wconf 92' lang='lat' dir='ltr'>talia</span> <span class='ocrx_word' id='word_1_43' title='bbox 781 1397 1002 1473; x_wconf 85' lang='lat' dir='ltr'>subridemus,</span> <span class='ocrx_word' id='word_1_44' title='bbox 1027 1403 1059 1462; x_wconf 94' lang='lat' dir='ltr'>et</span> <span class='ocrx_word' id='word_1_45' title='bbox 1082 1397 1245 1473; x_wconf 82' lang='lat' dir='ltr'>tabulam,</span> <span class='ocrx_word' id='word_1_46' title='bbox 1269 1395 1344 1461; x_wconf 88' lang='lat' dir='ltr'>licet</span> <span class='ocrx_word' id='word_1_47' title='bbox 1367 1397 1502 1460; x_wconf 91' lang='lat' dir='ltr'>minime</span> <span class='ocrx_word' id='word_1_48' title='bbox 1526 1396 1635 1480; x_wconf 82' lang='lat' dir='ltr'>singu-</span> 
     </span>
     <span class='ocr_line' id='line_1_8' title="bbox 433 1500 1635 1589; baseline -0.005 -19"><span class='ocrx_word' id='word_1_49' title='bbox 433 1505 559 1570; x_wconf 82' lang='lat' dir='ltr'>laribus</span> <span class='ocrx_word' id='word_1_50' title='bbox 594 1503 757 1588; x_wconf 83' lang='lat' dir='ltr'>aliquibus</span> <span class='ocrx_word' id='word_1_51' title='bbox 787 1505 910 1589; x_wconf 80' lang='lat' dir='ltr'>ingenii</span> <span class='ocrx_word' id='word_1_52' title='bbox 942 1502 1069 1568; x_wconf 89' lang='lat' dir='ltr'>dotibus</span> <span class='ocrx_word' id='word_1_53' title='bbox 1099 1501 1281 1588; x_wconf 78' lang='lat' dir='ltr'>splendeat,</span> <span class='ocrx_word' id='word_1_54' title='bbox 1313 1500 1400 1566; x_wconf 89' lang='lat' dir='ltr'>aliud</span> <span class='ocrx_word' id='word_1_55' title='bbox 1432 1507 1538 1565; x_wconf 89' lang='lat' dir='ltr'>tamen</span> <span class='ocrx_word' id='word_1_56' title='bbox 1567 1521 1635 1565; x_wconf 83' lang='lat' dir='ltr'>esse</span> 
     </span>
     <span class='ocr_line' id='line_1_9' title="bbox 434 1607 1635 1696; baseline -0.005 -21"><span class='ocrx_word' id='word_1_57' title='bbox 434 1631 535 1696; x_wconf 93' lang='lat' dir='ltr'>quam</span> <span class='ocrx_word' id='word_1_58' title='bbox 564 1609 786 1695; x_wconf 85' lang='lat' dir='ltr'>Xenophontis</span> <span class='ocrx_word' id='word_1_59' title='bbox 809 1610 875 1686; x_wconf 73' lang='grc' dir='ltr'>περὶ</span> <span class='ocrx_word' id='word_1_60' title='bbox 902 1608 1000 1686; x_wconf 75' lang='lat' dir='ltr'>ssipen</span> <span class='ocrx_word' id='word_1_61' title='bbox 1024 1607 1174 1673; x_wconf 88' lang='lat' dir='ltr'>libellum</span> <span class='ocrx_word' id='word_1_62' title='bbox 1197 1613 1301 1672; x_wconf 91' lang='lat' dir='ltr'>metro</span> <span class='ocrx_word' id='word_1_63' title='bbox 1325 1607 1533 1680; x_wconf 88' lang='lat' dir='ltr'>adstrictum,</span> <span class='ocrx_word' id='word_1_64' title='bbox 1556 1609 1635 1670; x_wconf 90' lang='lat' dir='ltr'>satis</span> 
     </span>
     <span class='ocr_line' id='line_1_10' title="bbox 433 1712 1638 1799; baseline -0.003 -19"><span class='ocrx_word' id='word_1_65' title='bbox 433 1718 604 1781; x_wconf 83' lang='lat' dir='ltr'>sentimus.</span> <span class='ocrx_word' id='word_1_66' title='bbox 630 1713 770 1779; x_wconf 90' lang='lat' dir='ltr'>Utiliora</span> <span class='ocrx_word' id='word_1_67' title='bbox 792 1721 868 1779; x_wconf 88' lang='grc'><strong>111111</strong></span> <span class='ocrx_word' id='word_1_68' title='bbox 892 1736 973 1799; x_wconf 92' lang='lat' dir='ltr'>qnae</span> <span class='ocrx_word' id='word_1_69' title='bbox 993 1714 1100 1779; x_wconf 89' lang='lat' dir='ltr'>Ritter</span> <span class='ocrx_word' id='word_1_70' title='bbox 1121 1721 1154 1778; x_wconf 92' lang='lat' dir='ltr'>et</span> <span class='ocrx_word' id='word_1_71' title='bbox 1174 1713 1327 1778; x_wconf 79' lang='lat' dir='ltr'>Thiersch</span> <span class='ocrx_word' id='word_1_72' title='bbox 1348 1716 1381 1776; x_wconf 91' lang='lat' dir='ltr'>in</span> <span class='ocrx_word' id='word_1_73' title='bbox 1402 1712 1511 1777; x_wconf 85' lang='lat' dir='ltr'>fabula</span> <span class='ocrx_word' id='word_1_74' title='bbox 1530 1718 1638 1776; x_wconf 88' lang='lat' dir='ltr'>nostra</span> 
     </span>
     <span class='ocr_line' id='line_1_11' title="bbox 433 1818 1636 1907; baseline -0.005 -20"><span class='ocrx_word' id='word_1_75' title='bbox 433 1822 618 1887; x_wconf 86' lang='lat' dir='ltr'>indicarunt</span> <span class='ocrx_word' id='word_1_76' title='bbox 630 1824 765 1886; x_wconf 90' lang='lat' dir='ltr'>recentis</span> <span class='ocrx_word' id='word_1_77' title='bbox 777 1824 890 1886; x_wconf 85' lang='lat' dir='ltr'>aetatis</span> <span class='ocrx_word' id='word_1_78' title='bbox 901 1824 1050 1907; x_wconf 81' lang='lat' dir='ltr'>vestigia.</span> <span class='ocrx_word' id='word_1_79' title='bbox 1064 1820 1149 1887; x_wconf 81' lang='lat' dir='ltr'>(lum</span> <span class='ocrx_word' id='word_1_80' title='bbox 1162 1825 1269 1884; x_wconf 91' lang='lat' dir='ltr'>tamen</span> <span class='ocrx_word' id='word_1_81' title='bbox 1283 1822 1417 1883; x_wconf 92' lang='lat' dir='ltr'>minime</span> <span class='ocrx_word' id='word_1_82' title='bbox 1430 1818 1636 1883; x_wconf 82' lang='lat' dir='ltr'>exhauserint</span> 
     </span>
     <span class='ocr_line' id='line_1_12' title="bbox 433 1924 1632 2011; baseline -0.002 -20"><span class='ocrx_word' id='word_1_83' title='bbox 433 1926 528 1992; x_wconf 89' lang='lat' dir='ltr'>illem</span> <span class='ocrx_word' id='word_1_84' title='bbox 553 1929 736 2008; x_wconf 82' lang='lat' dir='ltr'>materiem,</span> <span class='ocrx_word' id='word_1_85' title='bbox 761 1925 909 2010; x_wconf 90' lang='lat' dir='ltr'>equidem</span> <span class='ocrx_word' id='word_1_86' title='bbox 932 1947 1013 2010; x_wconf 92' lang='lat' dir='ltr'>quae</span> <span class='ocrx_word' id='word_1_87' title='bbox 1034 1927 1202 1991; x_wconf 87' lang='lat' dir='ltr'>observavi</span> <span class='ocrx_word' id='word_1_88' title='bbox 1226 1928 1335 2011; x_wconf 86' lang='lat' dir='ltr'>paucis</span> <span class='ocrx_word' id='word_1_89' title='bbox 1357 1927 1423 1989; x_wconf 92' lang='lat' dir='ltr'>iam</span> <span class='ocrx_word' id='word_1_90' title='bbox 1448 1924 1632 2000; x_wconf 83' lang='lat' dir='ltr'>recensebo,</span> 
     </span>
     <span class='ocr_line' id='line_1_13' title="bbox 434 2030 1459 2117; baseline -0.003 -20"><span class='ocrx_word' id='word_1_91' title='bbox 434 2032 546 2097; x_wconf 89' lang='lat' dir='ltr'>nullus</span> <span class='ocrx_word' id='word_1_92' title='bbox 569 2032 720 2096; x_wconf 90' lang='lat' dir='ltr'>dubitans</span> <span class='ocrx_word' id='word_1_93' title='bbox 742 2035 821 2116; x_wconf 92' lang='lat' dir='ltr'>quin</span> <span class='ocrx_word' id='word_1_94' title='bbox 845 2053 905 2117; x_wconf 81' lang='lat' dir='ltr'>ego</span> <span class='ocrx_word' id='word_1_95' title='bbox 928 2053 1053 2117; x_wconf 92' lang='lat' dir='ltr'>quoque</span> <span class='ocrx_word' id='word_1_96' title='bbox 1076 2030 1229 2096; x_wconf 91' lang='lat' dir='ltr'>nonnulla</span> <span class='ocrx_word' id='word_1_97' title='bbox 1251 2030 1459 2117; x_wconf 81' lang='lat' dir='ltr'>neglexerim.</span> 
     </span>
    </p>

    <p class='ocr_par' dir='ltr' id='par_1_4' title="bbox 433 2134 1635 2625">
     <span class='ocr_line' id='line_1_14' title="bbox 481 2134 1630 2223; baseline -0.001 -22"><span class='ocrx_word' id='word_1_98' title='bbox 481 2138 569 2201; x_wconf 73' lang='lat' dir='ltr'>Belli</span> <span class='ocrx_word' id='word_1_99' title='bbox 596 2137 744 2201; x_wconf 77' lang='lat' dir='ltr'>Corinthii</span> <span class='ocrx_word' id='word_1_100' title='bbox 774 2158 821 2202; x_wconf 90' lang='grc'>11.</span> <span class='ocrx_word' id='word_1_101' title='bbox 849 2134 912 2203; x_wconf 84' lang='grc'>170</span> <span class='ocrx_word' id='word_1_102' title='bbox 945 2137 979 2201; x_wconf 88' lang='lat' dir='ltr'>fit</span> <span class='ocrx_word' id='word_1_103' title='bbox 1002 2140 1141 2213; x_wconf 90' lang='lat' dir='ltr'>mentio,</span> <span class='ocrx_word' id='word_1_104' title='bbox 1166 2137 1223 2202; x_wconf 91' lang='lat' dir='ltr'>ubi</span> <span class='ocrx_word' id='word_1_105' title='bbox 1246 2140 1301 2221; x_wconf 90' lang='lat' dir='ltr'>qui</span> <span class='ocrx_word' id='word_1_106' title='bbox 1325 2158 1435 2223; x_wconf 81' lang='lat' dir='ltr'>regem</span> <span class='ocrx_word' id='word_1_107' title='bbox 1460 2136 1630 2201; x_wconf 90' lang='lat' dir='ltr'>Persarum</span> 
     </span>
     <span class='ocr_line' id='line_1_15' title="bbox 433 2242 1634 2330; baseline -0.002 -22"><span class='ocrx_word' id='word_1_108' title='bbox 433 2250 566 2330; x_wconf 90' lang='lat' dir='ltr'>propter</span> <span class='ocrx_word' id='word_1_109' title='bbox 598 2243 788 2308; x_wconf 84' lang='lat' dir='ltr'>divitiarum</span> <span class='ocrx_word' id='word_1_110' title='bbox 824 2242 921 2307; x_wconf 92' lang='lat' dir='ltr'>deum</span> <span class='ocrx_word' id='word_1_111' title='bbox 956 2243 1120 2328; x_wconf 91' lang='lat' dir='ltr'>superbire</span> <span class='ocrx_word' id='word_1_112' title='bbox 1155 2242 1251 2319; x_wconf 88' lang='lat' dir='ltr'>dicit,</span> <span class='ocrx_word' id='word_1_113' title='bbox 1287 2245 1411 2328; x_wconf 83' lang='lat' dir='ltr'>cogitat</span> <span class='ocrx_word' id='word_1_114' title='bbox 1443 2242 1634 2307; x_wconf 75' lang='lat' dir='ltr'>Timocratis</span> 
     </span>
     <span class='ocr_line' id='line_1_16' title="bbox 436 2346 1633 2425; baseline -0.002 -11"><span class='ocrx_word' id='word_1_115' title='bbox 436 2348 555 2414; x_wconf 88' lang='lat' dir='ltr'>Rhodii</span> <span class='ocrx_word' id='word_1_116' title='bbox 592 2347 729 2425; x_wconf 88' lang='lat' dir='ltr'>talenta,</span> <span class='ocrx_word' id='word_1_117' title='bbox 765 2348 849 2413; x_wconf 92' lang='lat' dir='ltr'>unde</span> <span class='ocrx_word' id='word_1_118' title='bbox 884 2346 1005 2412; x_wconf 91' lang='lat' dir='ltr'>bellum</span> <span class='ocrx_word' id='word_1_119' title='bbox 1041 2346 1125 2413; x_wconf 87' lang='lat' dir='ltr'>illud</span> <span class='ocrx_word' id='word_1_120' title='bbox 1160 2368 1241 2413; x_wconf 91' lang='lat' dir='ltr'>anno</span> <span class='ocrx_word' id='word_1_121' title='bbox 1272 2346 1337 2412; x_wconf 82' lang='lat'>395</span> <span class='ocrx_word' id='word_1_122' title='bbox 1371 2353 1420 2412; x_wconf 89' lang='lat' dir='ltr'>est</span> <span class='ocrx_word' id='word_1_123' title='bbox 1450 2347 1633 2413; x_wconf 88' lang='lat' dir='ltr'>conflatum.</span> 
     </span>
     <span class='ocr_line' id='line_1_17' title="bbox 436 2449 1635 2540; baseline 0 -22"><span class='ocrx_word' id='word_1_124' title='bbox 436 2456 591 2540; x_wconf 81' lang='lat' dir='ltr'>Apertius</span> <span class='ocrx_word' id='word_1_125' title='bbox 622 2461 731 2518; x_wconf 91' lang='lat' dir='ltr'>autem</span> <span class='ocrx_word' id='word_1_126' title='bbox 762 2453 891 2518; x_wconf 91' lang='lat' dir='ltr'>eaedem</span> <span class='ocrx_word' id='word_1_127' title='bbox 921 2473 971 2518; x_wconf 92' lang='lat' dir='ltr'>res</span> <span class='ocrx_word' id='word_1_128' title='bbox 1001 2453 1184 2518; x_wconf 87' lang='lat' dir='ltr'>indicantur</span> <span class='ocrx_word' id='word_1_129' title='bbox 1207 2473 1255 2518; x_wconf 86' lang='lat' dir='ltr'>vs.</span> <span class='ocrx_word' id='word_1_130' title='bbox 1284 2449 1358 2529; x_wconf 84' lang='grc'><strong>173,</strong></span> <span class='ocrx_word' id='word_1_131' title='bbox 1383 2453 1439 2517; x_wconf 92' lang='lat' dir='ltr'>ubi</span> <span class='ocrx_word' id='word_1_132' title='bbox 1462 2451 1553 2517; x_wconf 86' lang='lat' dir='ltr'>Pluti</span> <span class='ocrx_word' id='word_1_133' title='bbox 1576 2473 1635 2540; x_wconf 90' lang='lat' dir='ltr'>ope</span> 
     </span>
     <span class='ocr_line' id='line_1_18' title="bbox 440 2557 986 2625; baseline -0.007 0"><span class='ocrx_word' id='word_1_134' title='bbox 440 2559 564 2625; x_wconf 84' lang='lat' dir='ltr'>auxilia</span> <span class='ocrx_word' id='word_1_135' title='bbox 588 2558 734 2625; x_wconf 81' lang='lat' dir='ltr'>Corinthi</span> <span class='ocrx_word' id='word_1_136' title='bbox 758 2557 803 2623; x_wconf 93' lang='lat' dir='ltr'>ali</span> <span class='ocrx_word' id='word_1_137' title='bbox 826 2558 986 2624; x_wconf 90' lang='lat' dir='ltr'>dicuntur.</span> 
     </span>
    </p>

    <p class='ocr_par' dir='ltr' id='par_1_5' title="bbox 433 2662 1634 3491">
     <span class='ocr_line' id='line_1_19' title="bbox 483 2662 1633 2749; baseline -0.001 -20"><span class='ocrx_word' id='word_1_138' title='bbox 483 2666 602 2749; x_wconf 72' lang='lat' dir='ltr'>Pipleo</span> <span class='ocrx_word' id='word_1_139' title='bbox 625 2686 705 2730; x_wconf 91' lang='lat' dir='ltr'>anno</span> <span class='ocrx_word' id='word_1_140' title='bbox 730 2663 796 2730; x_wconf 84' lang='grc'>404</span> <span class='ocrx_word' id='word_1_141' title='bbox 821 2686 839 2729; x_wconf 89' lang='grc'>1</span> <span class='ocrx_word' id='word_1_142' title='bbox 861 2665 1044 2748; x_wconf 75' lang='lat' dir='ltr'>Thrasybulo</span> <span class='ocrx_word' id='word_1_143' title='bbox 1068 2671 1238 2749; x_wconf 90' lang='lat' dir='ltr'>occupatae</span> <span class='ocrx_word' id='word_1_144' title='bbox 1263 2667 1384 2729; x_wconf 90' lang='lat' dir='ltr'>mentio</span> <span class='ocrx_word' id='word_1_145' title='bbox 1409 2663 1446 2728; x_wconf 88' lang='lat' dir='ltr'>fit</span> <span class='ocrx_word' id='word_1_146' title='bbox 1465 2686 1513 2729; x_wconf 87' lang='lat' dir='ltr'>vs.</span> <span class='ocrx_word' id='word_1_147' title='bbox 1535 2662 1633 2740; x_wconf 88' lang='grc'><strong>1146,</strong></span> 
     </span>
     <span class='ocr_line' id='line_1_20' title="bbox 435 2768 1633 2857; baseline -0.001 -22"><span class='ocrx_word' id='word_1_148' title='bbox 435 2779 522 2836; x_wconf 85' lang='lat' dir='ltr'>certa</span> <span class='ocrx_word' id='word_1_149' title='bbox 554 2775 665 2835; x_wconf 88' lang='lat' dir='ltr'>autem</span> <span class='ocrx_word' id='word_1_150' title='bbox 697 2770 820 2834; x_wconf 89' lang='lat' dir='ltr'>ostendi</span> <span class='ocrx_word' id='word_1_151' title='bbox 843 2775 951 2855; x_wconf 86' lang='lat' dir='ltr'>potest</span> <span class='ocrx_word' id='word_1_152' title='bbox 973 2790 1068 2834; x_wconf 89' lang='lat' dir='ltr'>causa</span> <span class='ocrx_word' id='word_1_153' title='bbox 1091 2790 1171 2854; x_wconf 91' lang='lat' dir='ltr'>quae</span> <span class='ocrx_word' id='word_1_154' title='bbox 1196 2790 1277 2834; x_wconf 93' lang='lat' dir='ltr'>anno</span> <span class='ocrx_word' id='word_1_155' title='bbox 1302 2772 1508 2854; x_wconf 82' lang='lat' dir='ltr'>potissimum</span> <span class='ocrx_word' id='word_1_156' title='bbox 1533 2768 1633 2857; x_wconf 72' lang='grc'><strong>38918</strong></span> 
     </span>
     <span class='ocr_line' id='line_1_21' title="bbox 436 2876 1633 2942; baseline -0.003 0"><span class='ocrx_word' id='word_1_157' title='bbox 436 2879 599 2942; x_wconf 87' lang='lat' dir='ltr'>comicum</span> <span class='ocrx_word' id='word_1_158' title='bbox 634 2879 774 2940; x_wconf 84' lang='lat' dir='ltr'>moverit</span> <span class='ocrx_word' id='word_1_159' title='bbox 810 2881 846 2939; x_wconf 89' lang='lat' dir='ltr'>ut</span> <span class='ocrx_word' id='word_1_160' title='bbox 881 2876 1007 2940; x_wconf 87' lang='lat' dir='ltr'>civibus</span> <span class='ocrx_word' id='word_1_161' title='bbox 1039 2896 1108 2940; x_wconf 92' lang='lat' dir='ltr'>eam</span> <span class='ocrx_word' id='word_1_162' title='bbox 1141 2897 1210 2940; x_wconf 92' lang='lat' dir='ltr'>rem</span> <span class='ocrx_word' id='word_1_163' title='bbox 1240 2879 1275 2940; x_wconf 93' lang='lat' dir='ltr'>in</span> <span class='ocrx_word' id='word_1_164' title='bbox 1305 2884 1448 2940; x_wconf 92' lang='lat' dir='ltr'>mentem</span> <span class='ocrx_word' id='word_1_165' title='bbox 1470 2881 1633 2942; x_wconf 79' lang='lat' dir='ltr'>revocaret</span> 
     </span>
     <span class='ocr_line' id='line_1_22' title="bbox 433 2982 1631 3070; baseline -0.001 -21"><span class='ocrx_word' id='word_1_166' title='bbox 433 2988 609 3070; x_wconf 89' lang='lat' dir='ltr'>ipsumque</span> <span class='ocrx_word' id='word_1_167' title='bbox 643 2982 883 3070; x_wconf 76' lang='lat' dir='ltr'>Thrasybulum</span> <span class='ocrx_word' id='word_1_168' title='bbox 919 2985 1039 3067; x_wconf 88' lang='lat' dir='ltr'>patriae</span> <span class='ocrx_word' id='word_1_169' title='bbox 1074 2982 1278 3048; x_wconf 89' lang='lat' dir='ltr'>liberatorem</span> <span class='ocrx_word' id='word_1_170' title='bbox 1313 2984 1631 3049; x_wconf 87' lang='lat' dir='ltr'>honorificentissime</span> 
     </span>
     <span class='ocr_line' id='line_1_23' title="bbox 436 3087 1632 3174; baseline -0.002 -20"><span class='ocrx_word' id='word_1_171' title='bbox 436 3095 705 3154; x_wconf 87' lang='lat' dir='ltr'>commemoraret</span> <span class='ocrx_word' id='word_1_172' title='bbox 735 3094 796 3167; x_wconf 86' lang='grc'><strong>(11.</strong></span> <span class='ocrx_word' id='word_1_173' title='bbox 823 3087 918 3166; x_wconf 82' lang='lat'>550):</span> <span class='ocrx_word' id='word_1_174' title='bbox 944 3123 984 3135; x_wconf 89' lang='lat'>-</span> <span class='ocrx_word' id='word_1_175' title='bbox 1008 3109 1109 3172; x_wconf 89' lang='lat' dir='ltr'>nuper</span> <span class='ocrx_word' id='word_1_176' title='bbox 1141 3092 1324 3153; x_wconf 89' lang='lat' dir='ltr'>enimcum</span> <span class='ocrx_word' id='word_1_177' title='bbox 1349 3088 1632 3174; x_wconf 85' lang='lat' dir='ltr'>claseeprofectns</span> 
     </span>
     <span class='ocr_line' id='line_1_24' title="bbox 436 3192 1632 3280; baseline -0.002 -20"><span class='ocrx_word' id='word_1_178' title='bbox 436 3203 513 3260; x_wconf 88' lang='lat' dir='ltr'>tuno</span> <span class='ocrx_word' id='word_1_179' title='bbox 537 3204 605 3259; x_wconf 90' lang='lat' dir='ltr'>erat</span> <span class='ocrx_word' id='word_1_180' title='bbox 629 3192 851 3280; x_wconf 74' lang='lat' dir='ltr'>Thrasybulus</span> <span class='ocrx_word' id='word_1_181' title='bbox 873 3196 907 3257; x_wconf 91' lang='lat' dir='ltr'>in</span> <span class='ocrx_word' id='word_1_182' title='bbox 932 3193 1180 3278; x_wconf 90' lang='lat' dir='ltr'>Hellespontum</span> <span class='ocrx_word' id='word_1_183' title='bbox 1197 3193 1231 3274; x_wconf 93' lang='lat'>¹),</span> <span class='ocrx_word' id='word_1_184' title='bbox 1255 3201 1292 3258; x_wconf 89' lang='grc'>11</span> <span class='ocrx_word' id='word_1_185' title='bbox 1316 3216 1384 3260; x_wconf 93' lang='lat' dir='ltr'>rem</span> <span class='ocrx_word' id='word_1_186' title='bbox 1405 3195 1632 3260; x_wconf 86' lang='lat' dir='ltr'>Atheniensem</span> 
     </span>
     <span class='ocr_line' id='line_1_25' title="bbox 435 3298 1634 3386; baseline -0.001 -21"><span class='ocrx_word' id='word_1_187' title='bbox 435 3300 601 3365; x_wconf 88' lang='lat' dir='ltr'>labantem</span> <span class='ocrx_word' id='word_1_188' title='bbox 624 3298 691 3364; x_wconf 87' lang='lat' dir='ltr'>illie</span> <span class='ocrx_word' id='word_1_189' title='bbox 714 3302 867 3386; x_wconf 75' lang='lat' dir='ltr'>erigeret5</span> <span class='ocrx_word' id='word_1_190' title='bbox 892 3298 1029 3364; x_wconf 84' lang='lat' dir='ltr'>feliciter</span> <span class='ocrx_word' id='word_1_191' title='bbox 1051 3306 1160 3364; x_wconf 87' lang='lat' dir='ltr'>autem</span> <span class='ocrx_word' id='word_1_192' title='bbox 1184 3299 1252 3365; x_wconf 91' lang='lat' dir='ltr'>illic</span> <span class='ocrx_word' id='word_1_193' title='bbox 1272 3300 1468 3376; x_wconf 85' lang='lat' dir='ltr'>versabatur,</span> <span class='ocrx_word' id='word_1_194' title='bbox 1489 3301 1543 3365; x_wconf 91' lang='lat' dir='ltr'>sed</span> <span class='ocrx_word' id='word_1_195' title='bbox 1564 3321 1634 3386; x_wconf 78' lang='lat' dir='ltr'>gra·</span> 
     </span>
     <span class='ocr_line' id='line_1_26' title="bbox 436 3405 1223 3491; baseline 0.001 -22"><span class='ocrx_word' id='word_1_196' title='bbox 436 3407 581 3470; x_wconf 86' lang='lat' dir='ltr'>vissimis</span> <span class='ocrx_word' id='word_1_197' title='bbox 606 3405 794 3469; x_wconf 92' lang='lat' dir='ltr'>criminibus</span> <span class='ocrx_word' id='word_1_198' title='bbox 816 3405 985 3491; x_wconf 84' lang='lat' dir='ltr'>petebatur</span> <span class='ocrx_word' id='word_1_199' title='bbox 1008 3405 1047 3469; x_wconf 90' lang='lat' dir='ltr'>ab</span> <span class='ocrx_word' id='word_1_200' title='bbox 1071 3408 1223 3470; x_wconf 88' lang='lat' dir='ltr'>inimicis.</span> 
     </span>
    </p>

    <p class='ocr_par' dir='ltr' id='par_1_6' title="bbox 433 3510 1635 4549">
     <span class='ocr_line' id='line_1_27' title="bbox 482 3510 1635 3598; baseline 0.003 -24"><span class='ocrx_word' id='word_1_201' title='bbox 482 3510 608 3575; x_wconf 83' lang='lat' dir='ltr'>Eodem</span> <span class='ocrx_word' id='word_1_202' title='bbox 631 3513 770 3595; x_wconf 88' lang='lat' dir='ltr'>pertinet</span> <span class='ocrx_word' id='word_1_203' title='bbox 794 3510 941 3593; x_wconf 73' lang='lat' dir='ltr'>Apyrrtti</span> <span class='ocrx_word' id='word_1_204' title='bbox 965 3531 1081 3575; x_wconf 90' lang='lat' dir='ltr'>nomeu</span> <span class='ocrx_word' id='word_1_205' title='bbox 1105 3532 1152 3575; x_wconf 87' lang='lat' dir='ltr'>vs.</span> <span class='ocrx_word' id='word_1_206' title='bbox 1179 3510 1260 3588; x_wconf 83' lang='lat'>176;</span> <span class='ocrx_word' id='word_1_207' title='bbox 1286 3514 1342 3596; x_wconf 89' lang='lat' dir='ltr'>qui</span> <span class='ocrx_word' id='word_1_208' title='bbox 1366 3513 1425 3577; x_wconf 86' lang='lat' dir='ltr'>hoo</span> <span class='ocrx_word' id='word_1_209' title='bbox 1448 3533 1528 3576; x_wconf 92' lang='lat' dir='ltr'>anno</span> <span class='ocrx_word' id='word_1_210' title='bbox 1548 3532 1635 3598; x_wconf 78' lang='lat' dir='ltr'>prae</span> 
     </span>
     <span class='ocr_line' id='line_1_28' title="bbox 438 3616 1635 3703; baseline 0.002 -22"><span class='ocrx_word' id='word_1_211' title='bbox 438 3625 488 3683; x_wconf 92' lang='lat' dir='ltr'>tor</span> <span class='ocrx_word' id='word_1_212' title='bbox 520 3618 600 3694; x_wconf 88' lang='lat' dir='ltr'>fuit,</span> <span class='ocrx_word' id='word_1_213' title='bbox 632 3627 760 3681; x_wconf 93' lang='lat' dir='ltr'>mortuo</span> <span class='ocrx_word' id='word_1_214' title='bbox 790 3625 899 3681; x_wconf 88' lang='lat' dir='ltr'>autem</span> <span class='ocrx_word' id='word_1_215' title='bbox 930 3616 1132 3703; x_wconf 74' lang='lat' dir='ltr'>Thrasybulo</span> <span class='ocrx_word' id='word_1_216' title='bbox 1163 3640 1325 3683; x_wconf 85' lang='lat' dir='ltr'>successor</span> <span class='ocrx_word' id='word_1_217' title='bbox 1348 3640 1423 3684; x_wconf 84' lang='lat' dir='ltr'>mor</span> <span class='ocrx_word' id='word_1_218' title='bbox 1447 3626 1494 3682; x_wconf 89' lang='lat' dir='ltr'>eet</span> <span class='ocrx_word' id='word_1_219' title='bbox 1517 3622 1635 3683; x_wconf 86' lang='lat' dir='ltr'>missus</span> 
     </span>
     <span class='ocr_line' id='line_1_29' title="bbox 437 3719 1633 3809; baseline 0.003 -24"><span class='ocrx_word' id='word_1_220' title='bbox 437 3723 488 3787; x_wconf 74' lang='grc' dir='ltr'>ἐπὶ</span> <span class='ocrx_word' id='word_1_221' title='bbox 515 3723 573 3791; x_wconf 76' lang='grc' dir='ltr'>τὰς</span> <span class='ocrx_word' id='word_1_222' title='bbox 599 3726 671 3791; x_wconf 68' lang='lat' dir='ltr'>vair</span> <span class='ocrx_word' id='word_1_223' title='bbox 687 3719 723 3800; x_wconf 82' lang='lat'>²).</span> <span class='ocrx_word' id='word_1_224' title='bbox 748 3720 837 3786; x_wconf 93' lang='lat' dir='ltr'>Idem</span> <span class='ocrx_word' id='word_1_225' title='bbox 861 3723 910 3786; x_wconf 93' lang='lat' dir='ltr'>bis</span> <span class='ocrx_word' id='word_1_226' title='bbox 935 3721 1104 3786; x_wconf 84' lang='lat' dir='ltr'>vellicatur</span> <span class='ocrx_word' id='word_1_227' title='bbox 1128 3726 1161 3787; x_wconf 92' lang='lat' dir='ltr'>in</span> <span class='ocrx_word' id='word_1_228' title='bbox 1186 3723 1468 3803; x_wconf 76' lang='lat' dir='ltr'>Ecclesiazusis³);</span> <span class='ocrx_word' id='word_1_229' title='bbox 1494 3746 1633 3809; x_wconf 90' lang='lat' dir='ltr'>quorum</span> 
     </span>
     <span class='ocr_line' id='line_1_30' title="bbox 435 3827 1632 3916; baseline 0.001 -22"><span class='ocrx_word' id='word_1_230' title='bbox 435 3828 583 3894; x_wconf 87' lang='lat' dir='ltr'>locorum</span> <span class='ocrx_word' id='word_1_231' title='bbox 606 3830 761 3914; x_wconf 88' lang='lat' dir='ltr'>posterior</span> <span class='ocrx_word' id='word_1_232' title='bbox 781 3827 870 3893; x_wconf 93' lang='lat' dir='ltr'>docet</span> <span class='ocrx_word' id='word_1_233' title='bbox 888 3848 945 3893; x_wconf 88' lang='lat' dir='ltr'>cur</span> <span class='ocrx_word' id='word_1_234' title='bbox 964 3831 1085 3893; x_wconf 89' lang='lat' dir='ltr'>comico</span> <span class='ocrx_word' id='word_1_235' title='bbox 1106 3835 1214 3895; x_wconf 87' lang='lat' dir='ltr'>nostro</span> <span class='ocrx_word' id='word_1_236' title='bbox 1233 3830 1481 3915; x_wconf 89' lang='lat' dir='ltr'>haudquaquam</span> <span class='ocrx_word' id='word_1_237' title='bbox 1500 3839 1632 3916; x_wconf 84' lang='lat' dir='ltr'>gratus,</span> 
     </span>
     <span class='ocr_line' id='line_1_31' title="bbox 436 3932 1631 4019; baseline 0.002 -21"><span class='ocrx_word' id='word_1_238' title='bbox 436 3932 558 4019; x_wconf 91' lang='lat' dir='ltr'>populo</span> <span class='ocrx_word' id='word_1_239' title='bbox 589 3954 664 3997; x_wconf 90' lang='grc'><strong>1111</strong></span> <span class='ocrx_word' id='word_1_240' title='bbox 694 3933 745 3997; x_wconf 87' lang='lat' dir='ltr'>hie</span> <span class='ocrx_word' id='word_1_241' title='bbox 775 3936 866 3998; x_wconf 90' lang='lat' dir='ltr'>annis</span> <span class='ocrx_word' id='word_1_242' title='bbox 896 3936 1103 4019; x_wconf 82' lang='lat' dir='ltr'>gratissimus</span> <span class='ocrx_word' id='word_1_243' title='bbox 1135 3934 1631 4000; x_wconf 81' lang='grc'><strong>1111111111.111111111111111-</strong></span> 
     </span>
     <span class='ocr_line' id='line_1_32' title="bbox 433 4038 1629 4127; baseline 0.003 -23"><span class='ocrx_word' id='word_1_244' title='bbox 433 4060 511 4104; x_wconf 91' lang='lat' dir='ltr'>rum</span> <span class='ocrx_word' id='word_1_245' title='bbox 541 4040 576 4102; x_wconf 81' lang='grc'>11</span> <span class='ocrx_word' id='word_1_246' title='bbox 607 4038 858 4110; x_wconf 72' lang='grc' dir='ltr'><strong><em>ἐκκλησιαστικὸν</em></strong></span> <span class='ocrx_word' id='word_1_247' title='bbox 884 4047 916 4105; x_wconf 91' lang='grc'>11</span> <span class='ocrx_word' id='word_1_248' title='bbox 939 4060 1041 4124; x_wconf 89' lang='lat' dir='ltr'>nuper</span> <span class='ocrx_word' id='word_1_249' title='bbox 1063 4043 1163 4105; x_wconf 90' lang='lat' dir='ltr'>etiam</span> <span class='ocrx_word' id='word_1_250' title='bbox 1187 4048 1319 4106; x_wconf 83' lang='lat' dir='ltr'>auxerat</span> <span class='ocrx_word' id='word_1_251' title='bbox 1328 4061 1336 4117; x_wconf 93' lang='lat'>;</span> <span class='ocrx_word' id='word_1_252' title='bbox 1367 4042 1400 4105; x_wconf 92' lang='lat' dir='ltr'>id</span> <span class='ocrx_word' id='word_1_253' title='bbox 1431 4042 1515 4127; x_wconf 87' lang='lat' dir='ltr'>qnod</span> <span class='ocrx_word' id='word_1_254' title='bbox 1545 4049 1629 4107; x_wconf 89' lang='lat' dir='ltr'>recte</span> 
     </span>
     <span class='ocr_line' id='line_1_33' title="bbox 434 4142 1631 4233; baseline 0.003 -23"><span class='ocrx_word' id='word_1_255' title='bbox 434 4143 560 4210; x_wconf 89' lang='lat' dir='ltr'>scholia</span> <span class='ocrx_word' id='word_1_256' title='bbox 582 4142 628 4209; x_wconf 92' lang='lat' dir='ltr'>l.l.</span> <span class='ocrx_word' id='word_1_257' title='bbox 654 4145 825 4210; x_wconf 81' lang='lat' dir='ltr'>observant</span> <span class='ocrx_word' id='word_1_258' title='bbox 847 4151 881 4210; x_wconf 94' lang='grc'>11</span> <span class='ocrx_word' id='word_1_259' title='bbox 904 4148 1009 4233; x_wconf 80' lang='lat' dir='ltr'>magis</span> <span class='ocrx_word' id='word_1_260' title='bbox 1032 4149 1130 4211; x_wconf 91' lang='lat' dir='ltr'>etiam</span> <span class='ocrx_word' id='word_1_261' title='bbox 1155 4154 1263 4232; x_wconf 90' lang='lat' dir='ltr'>aperte</span> <span class='ocrx_word' id='word_1_262' title='bbox 1288 4147 1378 4213; x_wconf 85' lang='lat' dir='ltr'>docet</span> <span class='ocrx_word' id='word_1_263' title='bbox 1403 4149 1567 4231; x_wconf 82' lang='lat' dir='ltr'>[Aristot]</span> <span class='ocrx_word' id='word_1_264' title='bbox 1592 4148 1631 4215; x_wconf 96' lang='lat' dir='ltr'>de</span> 
     </span>
     <span class='ocr_line' id='line_1_34' title="bbox 435 4248 1631 4335; baseline 0.003 -20"><span class='ocrx_word' id='word_1_265' title='bbox 435 4251 518 4335; x_wconf 90' lang='lat' dir='ltr'>Rep.</span> <span class='ocrx_word' id='word_1_266' title='bbox 543 4248 620 4313; x_wconf 85' lang='lat' dir='ltr'>Alb.</span> <span class='ocrx_word' id='word_1_267' title='bbox 646 4248 686 4313; x_wconf 88' lang='grc'>41</span> <span class='ocrx_word' id='word_1_268' title='bbox 712 4248 781 4334; x_wconf 74' lang='lat'>§31</span> <span class='ocrx_word' id='word_1_269' title='bbox 814 4256 929 4327; x_wconf 77' lang='grc' dir='ltr'><strong><em>πρῶτον</em></strong></span> <span class='ocrx_word' id='word_1_270' title='bbox 959 4255 1016 4325; x_wconf 72' lang='grc' dir='ltr'>μὲι</span> <span class='ocrx_word' id='word_1_271' title='bbox 1048 4253 1207 4332; x_wconf 69' lang='grc' dir='ltr'><strong><em>Ἀγύρριος</em></strong></span> <span class='ocrx_word' id='word_1_272' title='bbox 1239 4252 1346 4329; x_wconf 75' lang='grc' dir='ltr'>ὀβολὸν</span> <span class='ocrx_word' id='word_1_273' title='bbox 1377 4253 1520 4333; x_wconf 76' lang='grc' dir='ltr'><strong><em>ἐπόρισεν,</em></strong></span> <span class='ocrx_word' id='word_1_274' title='bbox 1546 4257 1631 4330; x_wconf 77' lang='grc' dir='ltr'>μετὰ</span> 
     </span>
     <span class='ocr_line' id='line_1_35' title="bbox 434 4355 1633 4436; baseline 0 -14"><span class='ocrx_word' id='word_1_275' title='bbox 434 4357 468 4422; x_wconf 70' lang='grc' dir='ltr'>δὲ</span> <span class='ocrx_word' id='word_1_276' title='bbox 502 4359 606 4418; x_wconf 81' lang='grc' dir='ltr'><strong><em>τοῦτον</em></strong></span> <span class='ocrx_word' id='word_1_277' title='bbox 639 4357 795 4433; x_wconf 69' lang='grc' dir='ltr'>Ἡρακλῆς</span> <span class='ocrx_word' id='word_1_278' title='bbox 819 4356 832 4419; x_wconf 79' lang='lat' dir='ltr'>d</span> <span class='ocrx_word' id='word_1_279' title='bbox 858 4355 1063 4436; x_wconf 71' lang='grc' dir='ltr'><em>Κλαζομένιος</em></span> <span class='ocrx_word' id='word_1_280' title='bbox 1088 4357 1102 4420; x_wconf 78' lang='lat' dir='ltr'>d</span> <span class='ocrx_word' id='word_1_281' title='bbox 1126 4358 1279 4433; x_wconf 77' lang='grc' dir='ltr'><strong><em>βασιλεὺς</em></strong></span> <span class='ocrx_word' id='word_1_282' title='bbox 1305 4360 1546 4434; x_wconf 75' lang='grc' dir='ltr'><strong><em>ἐπικαλούμενος</em></strong></span> <span class='ocrx_word' id='word_1_283' title='bbox 1572 4360 1633 4423; x_wconf 71' lang='grc' dir='ltr'><strong><em>διώ-</em></strong></span> 
     </span>
     <span class='ocr_line' id='line_1_36' title="bbox 434 4460 1631 4549; baseline 0.006 -25"><span class='ocrx_word' id='word_1_284' title='bbox 434 4462 543 4539; x_wconf 83' lang='grc' dir='ltr'>βολοκ,</span> <span class='ocrx_word' id='word_1_285' title='bbox 566 4460 662 4523; x_wconf 75' lang='grc' dir='ltr'><strong><em>πάλιν</em></strong></span> <span class='ocrx_word' id='word_1_286' title='bbox 687 4460 717 4523; x_wconf 69' lang='grc' dir='ltr'>δὲ</span> <span class='ocrx_word' id='word_1_287' title='bbox 741 4460 901 4539; x_wconf 74' lang='grc' dir='ltr'>Ἀγύρριος</span> <span class='ocrx_word' id='word_1_288' title='bbox 922 4464 1094 4541; x_wconf 79' lang='grc' dir='ltr'>τριώβολον.</span> <span class='ocrx_word' id='word_1_289' title='bbox 1118 4463 1230 4549; x_wconf 88' lang='lat' dir='ltr'>ltaque</span> <span class='ocrx_word' id='word_1_290' title='bbox 1250 4465 1416 4545; x_wconf 73' lang='grc' dir='ltr'><strong><em>τριωβόλου</em></strong></span> <span class='ocrx_word' id='word_1_291' title='bbox 1436 4461 1526 4530; x_wconf 70' lang='grc' dir='ltr'><strong><em>ἕνεκα</em></strong></span> <span class='ocrx_word' id='word_1_292' title='bbox 1546 4468 1631 4531; x_wconf 86' lang='grc'><strong>11111</strong></span> 
     </span>
    </p>
   </div>
   <div class='ocr_carea' id='block_1_3' title="bbox 471 4716 1395 4868">
    <p class='ocr_par' dir='ltr' id='par_1_7' title="bbox 471 4716 1395 4868">
     <span class='ocr_line' id='line_1_37' title="bbox 472 4716 1173 4782; baseline 0.001 -14"><span class='ocrx_word' id='word_1_293' title='bbox 472 4721 500 4782; x_wconf 93' lang='grc'>1)</span> <span class='ocrx_word' id='word_1_294' title='bbox 518 4718 665 4767; x_wconf 72' lang='grc'><strong>11113891</strong></span> <span class='ocrx_word' id='word_1_295' title='bbox 685 4718 745 4767; x_wconf 83' lang='grc'><strong>11111.</strong></span> <span class='ocrx_word' id='word_1_296' title='bbox 764 4717 830 4767; x_wconf 83' lang='lat' dir='ltr'>Heli.</span> <span class='ocrx_word' id='word_1_297' title='bbox 848 4716 883 4766; x_wconf 83' lang='lat' dir='ltr'>lv</span> <span class='ocrx_word' id='word_1_298' title='bbox 900 4720 924 4778; x_wconf 87' lang='lat'>8,</span> <span class='ocrx_word' id='word_1_299' title='bbox 944 4719 1039 4768; x_wconf 85' lang='lat' dir='ltr'>Diodor.</span> <span class='ocrx_word' id='word_1_300' title='bbox 1060 4718 1116 4768; x_wconf 86' lang='lat' dir='ltr'>XIV</span> <span class='ocrx_word' id='word_1_301' title='bbox 1134 4720 1173 4769; x_wconf 81' lang='grc'>94.</span> 
     </span>
     <span class='ocr_line' id='line_1_38' title="bbox 471 4798 1395 4868; baseline 0.004 -19"><span class='ocrx_word' id='word_1_302' title='bbox 471 4801 500 4864; x_wconf 76' lang='grc'>2)</span> <span class='ocrx_word' id='word_1_303' title='bbox 520 4801 581 4849; x_wconf 79' lang='lat' dir='ltr'>Xon.</span> <span class='ocrx_word' id='word_1_304' title='bbox 598 4798 692 4849; x_wconf 85' lang='lat' dir='ltr'>ibidem.</span> <span class='ocrx_word' id='word_1_305' title='bbox 1026 4801 1054 4865; x_wconf 82' lang='lat'>8)</span> <span class='ocrx_word' id='word_1_306' title='bbox 1071 4801 1135 4850; x_wconf 83' lang='grc'><strong>11111.</strong></span> <span class='ocrx_word' id='word_1_307' title='bbox 1152 4802 1184 4850; x_wconf 78' lang='grc'>91</span> <span class='ocrx_word' id='word_1_308' title='bbox 1193 4817 1227 4865; x_wconf 84' lang='lat' dir='ltr'>eq.</span> <span class='ocrx_word' id='word_1_309' title='bbox 1245 4806 1269 4851; x_wconf 86' lang='lat' dir='ltr'>et</span> <span class='ocrx_word' id='word_1_310' title='bbox 1288 4804 1395 4868; x_wconf 79' lang='lat' dir='ltr'>183eqq.</span> 
     </span>
    </p>
   </div>
   <div class='ocr_carea' id='block_1_4' title="bbox 0 0 2268 5945">
    <p class='ocr_par' dir='ltr' id='par_1_8' title="bbox 0 0 2268 5945">
     <span class='ocr_line' id='line_1_39' title="bbox 0 0 2268 5945; baseline 0 0"><span class='ocrx_word' id='word_1_311' title='bbox 0 0 2268 5945; x_wconf 95' lang='lat' dir='ltr'> </span> 
     </span>
    </p>
   </div>
  </div>
 </body>
</html>
