4525 5950
540 702 580 769 16
1010 716 1251 766 uruosrursrs.

536 908 604 952 ron.
636 882 738 969 §199
770 905 802 969 p.
826 882 910 948 295:
943 882 1005 948 οὐδ’
1039 881 1131 954 οὕτως
1165 884 1339 952 οὶποςαπέον
1370 893 1408 963 τῇ
1433 883 1522 948 πίλει
1546 881 1727 958 reducaris.

536 990 619 1057 Fals.
651 990 729 1076 Lag.
762 988 866 1074 §128
896 1010 928 1074 p.
954 987 1037 1054 380:
1070 991 1224 1063 οίποςῆναι
1257 996 1312 1063 τῆς
1337 989 1465 1069 πατρίου
1488 989 1621 1069 ίευρίας.
1647 989 1728 1055 Ibid.

537 1095 640 1182 §143
671 1117 703 1181 p.
728 1093 812 1160 385:
845 1093 1038 1174 οίφεςηκέναι
1072 1094 1218 1159 οἱποίντοιν
1243 1093 1294 1158 κα1
1319 1101 1377 1159 τῶν
1401 1094 1569 1172 κτημοίπυν
1592 1095 1644 1160 καί
1671 1097 1729 1161 τῶν

537 1201 727 1283 τυμμοίχυν.
758 1200 889 1266 Zenoth.
921 1199 1002 1284 §18
1033 1222 1064 1286 p.
1089 1199 1173 1266 887:
1204 1205 1256 1264 τοῦ
1289 1201 1374 1266 οίτου
1407 1197 1611 1281 οίφιςοίμεία,
1644 1202 1729 1286 quod

536 1329 611 1374 sane
635 1307 698 1372 dici
721 1327 785 1371 non
803 1307 911 1392 potuit
930 1306 1127 1384 ιὀπεχίμεία.
1153 1304 1319 1370 Dubitatio
1339 1308 1443 1372 oritur
1461 1308 1543 1372 circa
1562 1306 1728 1393 Symmor.

537 1412 617 1498 §24
648 1434 679 1498 p.
707 1410 789 1477 184:
820 1406 897 1475 οἱίτυ
929 1410 1009 1475 πολὺ
1033 1415 1086 1475 τοῦ
1110 1410 1231 1490 πορίσαι
1257 1415 1306 1475 νῦν
1329 1412 1646 1490 αποτχιίτομεν,
1672 1411 1730 1477 ubi

536 1539 637 1604 quum
668 1520 702 1581 in
733 1515 849 1581 Aldina
879 1514 1011 1602 'Paylcri
1033 1515 1162 1602 legatur
1186 1515 1447 1597 αποχρηοίμεία,
1472 1517 1623 1584 Reiskius
1646 1538 1731 1583 ccm-

537 1624 703 1689 mendavit
732 1622 979 1701 αποτχητίμεία
1011 1620 1065 1688 vel
1096 1620 1407 1697 αποπητίμεία·
1432 1626 1590 1709 posterius
1614 1624 1730 1707 utique

536 1734 685 1814 praestat.
716 1724 868 1793 Ceterum
899 1727 1033 1793 conferri
1066 1730 1174 1813 potuit
1206 1725 1349 1792 Blassius
1379 1731 1413 1793 iu
1436 1727 1551 1794 Museo
1574 1728 1729 1794 Rhenano

536 1833 656 1900 XLVII
679 1855 710 1919 p.
735 1832 811 1898 285.

581 2024 599 2106 ᾖ
621 2019 663 2087 37
687 2043 718 2107 p.
741 2018 799 2086 74:
824 2018 928 2085 οὐδένα
949 2021 1012 2097 γὰρ
1033 2019 1202 2097 βουλοίμην
1224 2018 1262 2085 οόν
1282 2019 1386 2098 ἔγωγε
1405 2020 1466 2085 οὐδ’
1486 2022 1511 2085 εί
1531 2021 1731 2102 (δεκοίκις)

536 2126 650 2198 δίκαιίς
676 2128 721 2194 ἐτ’
746 2127 950 2203 οίπολωλέναι,
976 2127 1060 2202 μετὰ
1084 2130 1137 2190 τοῦ
1162 2124 1286 2190 ποίνποον
1310 2126 1442 2191 κινδύνου
1463 2126 1515 2191 κα1
1537 2135 1591 2201 τῆς
1612 2125 1730 2207 ζημίας

537 2233 620 2306 δίκην
644 2233 802 2310 ὑποσχεῖν.
827 2232 967 2316 Apparet
987 2231 1064 2315 quid
1083 2231 1286 2297 inserendum
1304 2252 1372 2297 esse
1392 2252 1547 2297 censeam.
1573 2229 1622 2297 Of.
1643 2231 1730 2297 Fals.

536 2337 614 2423 Lag.
646 2336 726 2421 §53
758 2359 788 2422 p.
821 2335 904 2401 358:
936 2335 996 2401 oct·
1028 2337 1053 2401 εί
1086 2336 1208 2408 δεκάκις
1241 2338 1393 2409 Φίλιππος
1427 2338 1539 2409 αὐτοὺς
1571 2334 1728 2414 ἐξηποίτα.

535 2442 677 2529 Philipp.
702 2441 749 2507 ΙΙΙ
772 2444 790 2526 §
811 2440 853 2507 65
878 2463 909 2527 p.
935 2440 1016 2506 128:
1049 2440 1189 2506 τείνοίναι
1220 2443 1283 2523 γὰρ
1313 2440 1454 2523 μυριίκις
1479 2451 1614 2521 κρεῖττον
1639 2443 1655 2516 ἢ
1682 2467 1730 2507 κο-

535 2549 648 2631 λακείρι
672 2571 701 2612 τι
724 2555 849 2622 ποιῆσαι
874 2548 1030 2627 Φιλίππῳ.

985 2668 1282 2749 (Θουίίιιαοόυιοίυν).

851 2953 893 2999 ru
917 2950 1052 3001 seucum
1074 2950 1241 3001 smsrcrs.
1266 2951 1334 3002 urs.
1360 2935 1413 3001 62.

580 3072 629 3135 Nc
651 3072 887 3135 Αοίοονοοκιίιοοο
909 3072 1027 3156 quidem
1047 3110 1089 3119 —
1109 3072 1290 3158 Lysistrata
1313 3075 1360 3138 ait
1380 3111 1422 3122 -
1442 3076 1552 3139 οιίοιιιιί
1575 3076 1725 3156 mulieres,

534 3184 608 3247 quas
630 3162 758 3225 omnium
773 3162 891 3244 primae
913 3164 970 3225 hac
983 3164 1195 3247 festinatum
1211 3165 1365 3245 putabam.

580 3252 629 3317 Ad
652 3252 729 3318 haec
751 3255 865 3317 comici
889 3253 987 3318 verbs
1009 3256 1042 3317 in
1066 3253 1198 3319 scholiis
1221 3254 1381 3339 adscripta
1403 3253 1574 3341 leguntur:

580 3343 719 3419 είκίτιος,
740 3343 805 3407 ἐπεί
827 3344 986 3420 πολεμικοί
1010 3344 1084 3420 <οί>
1105 3347 1283 3423 Ἀχαρνεῖς.
1297 3345 1485 3420 -είκίτοοι,
1506 3346 1572 3410 ἐπεὶ
1594 3347 1607 3410 ὃ
1629 3348 1723 3422 δῆμοι

534 3440 592 3498 τῶν
611 3432 786 3512 Ἀχαρνέων
806 3434 982 3511 ἐτετίμητο,
1003 3434 1053 3498 διὰ
1074 3439 1164 3498 τοῦτο
1184 3436 1242 3505 τοὶς
1264 3435 1374 3500 ἐκεῖίεν
1394 3437 1544 3520 προσδοκᾷ
1557 3446 1722 3513 γυναῖκας.

578 3524 670 3587 Prior
689 3530 798 3588 eutem
817 3525 996 3590 observatio
1016 3526 1121 3590 cuivis
1141 3528 1325 3610 perspicua,
1346 3526 1446 3591 sedin
1459 3529 1632 3611 posteriore
1644 3529 1724 3612 quid

533 3614 593 3678 sibi
617 3612 690 3679 vult
712 3613 1060 3700 plusquamperfectum
1086 3613 1270 3688 ἐτετίμητοί
1293 3616 1394 3693 Nihil,
1419 3620 1540 3703 opinor.
1566 3617 1724 3684 Rescribi-

531 3724 645 3769 musne
667 3706 771 3789 igitur
793 3702 943 3778 ἐτιμᾶτοί
963 3703 1015 3770 Sic
1032 3705 1222 3769 habebimus
1241 3704 1275 3769 id
1295 3706 1379 3790 quod
1395 3711 1494 3772 vertit
1512 3714 1589 3787 (non
1606 3708 1720 3788 edidit)

532 3794 741 3860 Rutherfcrd:
775 3796 851 3871 „the
882 3801 1000 3860 esteem
1031 3797 1065 3858 in
1089 3794 1193 3859 which
1219 3796 1274 3860 the
1297 3796 1389 3861 deme
1413 3798 1451 3863 cf
1469 3798 1632 3863 Acharrae
1657 3822 1723 3865 was

531 3883 607 3950 held
636 3883 766 3949 induces
790 3885 991 3971 Lysistrata''
1016 3890 1074 3949 etc.
1105 3884 1167 3950 Sed
1191 3906 1291 3970 neque
1316 3889 1394 3951 satis
1417 3894 1489 3972 apte
1513 3887 1637 3953 dictum
1660 3893 1724 3954 erit

530 3975 656 4039 nudum
677 3973 762 4039 illud
784 3978 952 4052 πιμῖιοίαι,
977 3995 1078 4058 neque
1099 3996 1215 4041 verum
1233 3978 1311 4054 erit;
1333 3998 1408 4042 nem
1426 3976 1496 4043 loco
1514 3977 1724 4066 Thucydideo

532 4068 589 4149 qui
618 4064 681 4129 huc
712 4065 789 4129 facit
810 4073 953 4130 notantur
974 4067 1081 4151 potius
1106 4068 1300 4131 rusticorum
1324 4069 1425 4132 animi
1448 4071 1533 4133 iusto
1557 4068 1721 4136 elatiores:

532 4157 558 4219 oi
583 4156 740 4235 Ἀχαρνης
765 4157 822 4221 οίί
830 4181 942 4231 μενοι
968 4157 1053 4235 παρὰ
1078 4157 1185 4235 τΦίοιν
1210 4158 1314 4228 αὐτοῖς
1339 4160 1391 4222 οὐκ
1416 4159 1589 4238 ἐλαχίστην
1612 4170 1722 4239 μοῖραν

532 4242 610 4310 εἶναι
643 4244 818 4322 Ἀθηναίων,
846 4249 885 4318 ὥς
909 4247 1009 4310 αὐτῶν
1035 4248 1051 4320 η
1076 4253 1119 4321 γη
1144 4246 1306 4324 ἐτέμνετο,
1333 4249 1437 4325 ἐνῆγον
1461 4253 1515 4322 την
1540 4248 1637 4324 ἔξοδον
1661 4251 1723 4328 μοί-

532 4350 636 4400 λιοτα.
660 4334 771 4419 Neque
794 4334 887 4401 aliter
910 4339 977 4422 ipse
1001 4339 1142 4402 comicus
1162 4336 1200 4401 de
1218 4336 1284 4402 illis
1304 4339 1496 4404 carbonariis
1516 4346 1564 4405 est
1583 4340 1721 4407 locutus.

577 4424 659 4504 Quid
683 4425 806 4491 multa:
832 4427 1086 4492 emendationem
1108 4427 1260 4511 praebent
1281 4430 1352 4511 ipsa
1375 4450 1454 4513 quae
1477 4429 1575 4495 attuli
1594 4430 1723 4519 Thucy-

532 4514 615 4581 didis
646 4516 752 4580 verba.
785 4515 822 4580 ln
847 4515 967 4582 scholio
989 4537 1053 4581 una
1076 4518 1169 4582 hasta
1192 4518 1350 4583 abundat:
1375 4541 1436 4585 non
1462 4530 1720 4587 eTeTIMHTO

532 4605 734 4671 scribendum
746 4611 794 4671 cst
806 4607 860 4671 sed
871 4617 923 4671 ΕΤ
929 4615 1122 4671 ΕΤΜΗΤΟ.
1137 4608 1282 4688 Qrecaiam
1290 4611 1524 4673 Acharaenaium
1532 4613 1600 4691 apri
1611 4615 1723 4677 υοοίοίὶ

532 4704 627 4774 mant,
650 4698 753 4760 horam
775 4698 913 4762 mulieres
935 4698 1063 4762 οοοιοίυιιο
1084 4698 1199 4779 primae
1221 4700 1332 4784 adfore
1355 4701 1490 4784 putabat
1509 4702 1698 4788 Lysistrata.

1559 4811 1589 4857 v.
1616 4793 1652 4858 b.
