4525 5950
439 1296 779 1391 COMMENTUM
810 1295 934 1386 AELI
969 1294 1166 1385 DONATI
1197 1294 1268 1383 Al)
1298 1291 1621 1386 TERENTIUM.

976 1533 1099 1574 SCRIPSIT

841 1716 882 1781 H.
908 1715 944 1781 T.
976 1715 1233 1782 KARSTEN.

945 2003 1129 2048 *Φο-

1025 2264 1050 2330 1.

575 2481 616 2527 ΒΕ
641 2480 815 2528 Paaacluuo
838 2480 1038 2528 scuomoauu
1062 2480 1206 2528 AUOTORB
1229 2480 1307 2529 Posr
1331 2479 1492 2527 DONATUM.

485 2663 632 2728 Plurima
662 2662 783 2728 scholia
816 2685 895 2749 quae
927 2663 998 2728 Aeli
1027 2664 1146 2729 Donati
1169 2686 1284 2730 nomen
1309 2685 1381 2749 prae
1405 2685 1438 2729 se
1461 2663 1568 2727 ferunt
1590 2682 1628 2726 ex

438 2770 530 2837 illius
560 2772 787 2835 commentario
818 2778 971 2856 perpetuo
1002 2770 1041 2835 ad
1074 2770 1201 2836 Terenti
1233 2770 1358 2837 fabulas
1389 2770 1531 2835 derivate
1562 2788 1629 2832 esse

435 2882 522 2943 inter
545 2898 653 2942 omnes
677 2884 815 2954 constat,
840 2897 896 2941 neo
920 2880 1026 2942 minus
1050 2886 1198 2962 apertum
1222 2865 1271 2945 est
1289 2882 1392 2965 ipsius
1409 2883 1628 2943 commentum

435 2983 477 3051 ad
511 3006 567 3049 nos
602 2986 783 3069 pervenisse
818 2990 1001 3049 truncatum
1033 2984 1208 3050 laceratum
1239 2985 1375 3051 aliorum
1405 2984 1629 3050 additamentis

434 3090 613 3156 identidem
634 3089 875 3174 interpolatum.
901 3089 956 3167 „si
981 3095 1146 3176 quaeritur
1164 3096 1223 3174 (sic
1246 3093 1390 3159 Wessner
1409 3095 1442 3156 in
1461 3089 1559 3177 praef.
1579 3086 1627 3152 ed.

436 3221 469 3284 p.
494 3202 595 3276 mm),
619 3218 699 3262 num
721 3196 791 3261 fieri
814 3201 933 3283 possit,
962 3212 999 3262 ut
1018 3198 1124 3284 aliqua
1144 3221 1183 3264 ex
1203 3207 1292 3285 parte
1313 3201 1492 3286 genuinum
1512 3194 1629 3260 Donati

435 3309 658 3368 commentum
679 3324 717 3367 ex
742 3303 800 3367 hae
824 3303 1019 3369 scholiorum
1043 3306 1203 3392 farragine
1224 3304 1379 3382 eliciatur,
1400 3303 1549 3389 equidem
1569 3300 1629 3363 hoc

435 3432 499 3476 non
524 3431 671 3494 prorsum
694 3413 901 3495 negaverim,
922 3410 976 3475 sed
997 3432 1045 3475 rea
1066 3412 1149 3476 mihi
1169 3412 1296 3476 videtur
1314 3410 1485 3476 admodum
1506 3408 1629 3472 lubrica

437 3524 472 3581 et
495 3514 678 3581 intricata’'.
704 3516 855 3580 Attamen
879 3523 1036 3600 temptata
1059 3524 1107 3581 est
1131 3526 1164 3582 et
1188 3519 1339 3603 temptari
1363 3515 1507 3590 debebit,
1532 3512 1629 3577 donee

437 3626 579 3710 genuina
619 3643 637 3687 a
681 3625 817 3707 spuriis,
859 3632 1016 3706 quantum
1061 3623 1129 3689 fieri
1170 3627 1327 3710 potuerit,
1363 3621 1628 3707 separaverimus.

435 3730 580 3796 Fuerunt
611 3732 667 3815 qui
697 3735 783 3794 certa
812 3727 1007 3794 scholiorum
1039 3750 1156 3815 genera
1186 3729 1309 3795 Donato
1334 3728 1522 3815 plerumque
1545 3723 1630 3790 addi-

437 3836 552 3914 cenda,
587 3834 651 3900 alia
682 3835 720 3899 ab
745 3837 837 3898 eoin
862 3855 978 3921 genere
1001 3834 1210 3901 abiudicanda
1233 3857 1300 3901 esse
1323 3841 1503 3909 censerent,
1528 3830 1582 3896 sed
1605 3831 1629 3893 ii

440 3964 555 4030 parum
578 3941 797 4027 profecerunt,
822 3961 897 4005 cum
921 3941 959 4005 de
982 3941 1033 4006 his
1056 3942 1228 4027 generibus
1252 3945 1381 4007 varium
1404 3948 1435 4006 et
1455 3958 1568 4024 anceps
1588 3938 1629 3999 sit

436 4048 605 4114 iudicium.
638 4045 705 4111 Alii
733 4044 947 4111 formularum
970 4045 1169 4132 quarundam
1192 4052 1225 4112 et
1249 4049 1508 4112 coniunctionum
1532 4061 1629 4107 usum

437 4161 513 4233 („ut
536 4153 710 4229 diximus”,
737 4172 818 4238 „ego
841 4151 954 4237 puto”,
981 4151 1089 4229 „sed”‚
1116 4153 1245 4230 „nam”,
1268 4161 1321 4231 „et
1340 4152 1460 4229 simul’,
1481 4150 1544 4215 alia
1563 4168 1630 4234 per·

434 4258 555 4339 multa)
586 4256 853 4343 interpolatorum
884 4260 1047 4323 nationem
1080 4259 1180 4345 vulgo
1204 4260 1337 4345 prodere
1360 4261 1627 4330 aestimaverunt;

433 4367 526 4451 atqui
557 4385 596 4429 ne
627 4363 771 4428 Donatus
795 4363 925 4449 quidem
950 4368 1110 4430 occasione
1135 4365 1242 4431 oblata
1265 4367 1304 4432 ab
1328 4368 1379 4431 his
1402 4363 1550 4431 formulis
1573 4366 1629 4425 aut

435 4471 730 4547 coniunctionibus,
764 4477 800 4534 ut
828 4490 885 4554 par
910 4477 975 4547 est,
1000 4473 1165 4536 abstinuit.
1191 4471 1361 4539 Verissime
1386 4471 1464 4538 olim
1488 4469 1631 4535 Wessne-

435 4599 510 4657 rus,
546 4579 580 4641 in
617 4576 764 4640 Bursiani
803 4576 884 4640 Ann.
926 4597 954 4640 a.
998 4576 1083 4641 1902
1116 4601 1147 4664 p.
1183 4577 1246 4643 176
1271 4600 1348 4665 sqq„
1390 4580 1449 4643 hos
1483 4580 1628 4641 virorum

436 4682 604 4747 doctorum
635 4690 767 4747 conatus
797 4681 900 4747 adhuc
931 4684 1039 4746 irritos
1068 4683 1166 4748 fuisse
1189 4684 1347 4750 iudicavit
1370 4692 1465 4770 atque
1488 4688 1534 4750 ita
1557 4704 1629 4748 con-

436 4788 551 4854 clusit:
578 4787 661 4866 „uin
684 4788 902 4886 annithsrndes
925 4787 1096 4875 Ergebnies
1119 4789 1197 4854 lasst
1220 4791 1287 4855 sich
1310 4813 1371 4856 nur
1394 4802 1548 4858 erwarten
1568 4814 1630 4858 von

1453 4912 1484 4961 14
