4525 5950
642 674 710 740 390
1171 695 1310 743 ovmms.

773 858 912 923 iniecere
936 859 1040 934 diem,
1066 858 1170 924 veluti
1194 881 1269 925 cum
1294 861 1429 926 flumina
1451 870 1543 928 natas

774 964 935 1029 Exhalant
957 965 1108 1042 nebulas,
1132 988 1189 1031 nec
1209 966 1257 1031 sol
1281 968 1468 1033 admittitur
1489 971 1584 1035 infra

638 1069 843 1156 Comparatio
863 1075 924 1135 iata
943 1071 1038 1155 plane
1056 1093 1255 1157 supervacua
1275 1082 1341 1139 est:
1361 1083 1549 1140 narraturus
1568 1080 1657 1141 enim
1681 1092 1733 1142 est
1752 1090 1840 1162 poeta

639 1177 800 1262 quomodo
830 1176 957 1254 favilla,
990 1199 1071 1263 quae
1094 1179 1133 1243 de
1157 1179 1340 1244 Memnonis
1364 1203 1442 1267 rogo
1466 1186 1592 1269 surgit,
1618 1187 1652 1246 iu
1677 1204 1778 1248 avem
1801 1187 1841 1247 sit

637 1304 797 1349 conversa.
826 1281 921 1350 Gerte
944 1305 1060 1368 parum
1083 1294 1132 1349 est
1155 1285 1274 1350 diserta
1297 1308 1399 1370 neque
1422 1287 1529 1352 ullum
1553 1288 1631 1352 huic
1655 1288 1731 1353 loco
1756 1290 1842 1354 affert

638 1388 751 1455 decus:
771 1393 876 1454 omnis
895 1393 982 1455 enim
1002 1391 1111 1454 sumus
1130 1392 1189 1455 hoc
1209 1391 1304 1456 hahet
1322 1400 1360 1456 ut
1379 1392 1495 1456 similis
1515 1396 1556 1457 sit
1569 1397 1681 1458 cuivis
1695 1395 1840 1460 nebulae.

639 1495 684 1560 Et
712 1498 800 1560 omni
830 1506 916 1561 caret
947 1518 1042 1561 sensu
1074 1518 1136 1561 vox
1167 1519 1197 1581 q.
1221 1519 1249 1562 6.
1282 1506 1381 1563 nour.
1406 1499 1525 1564 'Potum
1548 1500 1640 1563 istud
1667 1501 1768 1563 relati

640 1602 732 1688 infra
763 1605 830 1666 scin
862 1623 924 1686 quo
949 1602 1043 1667 modo
1066 1610 1179 1667 natum
1202 1601 1266 1667 sit?
1290 1604 1410 1669 Eodem
1433 1605 1530 1669 modo
1553 1627 1620 1690 quo
1648 1612 1722 1669 tam
1746 1605 1841 1671 multi

639 1729 753 1774 versus
783 1708 868 1793 apud
898 1708 1089 1772 Horatium:
1116 1730 1245 1773 versum
1270 1711 1475 1775 inchoaverat
1499 1717 1614 1795 poeta,
1639 1712 1839 1797 supplendus

638 1813 695 1879 ille
724 1823 803 1891 erat,
834 1813 1099 1898 supplementum
1130 1814 1235 1880 denuo
1267 1837 1389 1880 novum
1422 1838 1550 1881 versum
1575 1821 1706 1902 peperit
1732 1817 1838 1895 (Videt

640 1918 680 1984 de
703 1919 837 1985 Horatio
861 1921 959 1984 Poeta
981 1942 1012 2004 p.
1038 1919 1082 1984 33
1093 1929 1186 2005 sqq).

686 2024 753 2091 720
775 2027 912 2103 (Aeneas
935 2028 1069 2110 eiusque
1091 2029 1257 2105 comites):

773 2132 925 2196 Proxima
946 2132 1128 2197 Phaeacum
1152 2130 1300 2196 felicibus
1323 2133 1427 2196 obsita
1449 2135 1555 2216 pomis

774 2238 861 2303 Rura
884 2244 1009 2321 petunt.
1033 2237 1150 2321 Epiros
1173 2238 1212 2302 ah
1235 2237 1286 2301 hia
1310 2248 1505 2324 regnataque
1528 2242 1600 2302 vati

774 2344 948 2408 Buthrotos
972 2343 1119 2430 Phrygio
1142 2343 1357 2428 simulataque
1379 2342 1474 2408 Troia
1498 2351 1638 2409 tenetur.

639 2451 749 2533 Epiros
780 2451 817 2513 ab
848 2451 896 2512 lia
926 2456 1058 2512 tenetur:
1091 2452 1164 2533 quis
1192 2472 1255 2514 non
1279 2458 1372 2534 putat
1396 2451 1569 2514 verborum
1594 2450 1737 2516 illorum
1760 2453 1838 2516 hunc

639 2579 767 2622 sensum
800 2576 886 2621 esse:
919 2577 959 2632 „a
990 2555 1187 2620 Phaeacibus
1217 2564 1354 2632 tenetur,
1385 2559 1407 2619 i.
1432 2578 1459 2620 6.
1492 2556 1664 2620 habitatur
1690 2558 1836 2643 Epirus.”

639 2663 730 2743 Quod
754 2669 859 2726 tamen
884 2669 1012 2746 poetam
1036 2660 1178 2726 noluisse
1201 2683 1250 2726 res
1271 2665 1343 2746 ipsa
1365 2661 1499 2726 clamat:
1525 2660 1623 2747 plane
1642 2667 1736 2728 enim
1756 2662 1836 2728 istud

636 2790 656 2833 a
687 2771 823 2833 veritate
854 2767 1019 2843 abhorret,
1050 2788 1170 2852 neque,
1202 2770 1229 2830 si
1260 2775 1353 2852 poeta
1384 2774 1448 2831 tam
1471 2767 1687 2851 impudenter
1710 2770 1835 2834 mentiri

638 2872 793 2939 voluisset
813 2880 850 2938 ut
869 2872 1028 2937 Phaeacas
1047 2871 1167 2937 incolas
1187 2872 1306 2937 diceret
1323 2873 1428 2957 Epiri,
1445 2872 1622 2957 quidquam
1637 2875 1834 2958 profecisset:

639 2980 721 3046 nihil
752 2983 838 3045 enim
870 2979 958 3044 aliud
982 2980 1034 3044 hic
1057 2979 1219 3063 spectabat
1242 3000 1337 3064 quam
1364 2986 1400 3042 ut
1423 2980 1483 3042 sibi
1508 2983 1688 3044 transitum
1715 2986 1835 3066 pararat

639 3087 677 3152 ad
709 3088 884 3170 sequentia.
918 3085 1007 3170 Ergo
1035 3084 1173 3149 dubium
1204 3106 1268 3149 non
1300 3092 1349 3148 est
1379 3087 1456 3169 quin
1487 3087 1548 3149 isto
1581 3087 1701 3167 Epiros
1734 3088 1772 3149 ab
1793 3087 1834 3148 tis

639 3199 755 3256 tenetur
778 3191 838 3256 hoc
862 3190 1077 3278 significetur:
1105 3198 1199 3275 „post
1221 3190 1279 3255 hos
1302 3191 1489 3270 (Phaeacas)
1512 3212 1612 3256 naves
1635 3195 1767 3257 Aeneae
1788 3214 1835 3276 ap

638 3298 804 3385 pelluntur
835 3297 873 3362 ad
897 3296 1067 3381 Epirum.”
1098 3295 1182 3375 Quid
1205 3295 1293 3360 aliud
1315 3303 1364 3360 est
1387 3317 1444 3360 suo
1467 3300 1575 3380 ipsum
1602 3301 1751 3363 sermoni
1773 3300 1833 3362 vim

639 3406 741 3470 facere
767 3406 828 3467 nisi
852 3404 911 3468 hoc
934 3399 1004 3467 est?

686 3508 752 3574 750
787 3509 833 3573 Da
856 3508 954 3573 Acide
973 3507 1203 3572 formosissimo
1223 3506 1474 3582 adolescentulo,
1495 3509 1587 3570 cuius
1610 3527 1725 3574 amore
1745 3530 1836 3594 quon·

641 3615 715 3679 dam
738 3617 870 3691 arserit,
894 3616 939 3677 sic
962 3616 1077 3697 incipit
1101 3634 1226 3678 narrare
1251 3610 1400 3677 Galatea:

775 3722 851 3785 Acis
874 3727 958 3795 erat,
983 3719 1092 3784 Fauno
1115 3719 1323 3805 nymphaque
1345 3716 1554 3804 Symaethide
1578 3725 1709 3794 cretus,

774 3826 895 3912 Magna
918 3825 1049 3910 quidem
1072 3827 1235 3909 patrisque
1258 3827 1309 3888 sui
1333 3826 1507 3908 matrisque
1530 3820 1701 3907 voluptas,

775 3931 891 3998 Nostra
915 3938 1022 3995 tamen
1046 3933 1159 3996 maior.
1184 3930 1267 3993 Nam
1290 3950 1343 3994 me
1366 3929 1427 3993 sibi
1447 3931 1596 3992 iunxerat
1621 3932 1693 3992 uni.

684 4038 848 4103 Hactenus
872 4041 979 4103 omnia
1003 4039 1124 4122 optime
1147 4036 1339 4120 procedunt,
1364 4042 1397 4099 et
1419 4040 1494 4098 suut
1515 4032 1587 4098 luce
1607 4032 1755 4099 clariora.
1775 4033 1831 4099 Sed

640 4145 808 4211 videamus
833 4144 910 4229 quid
934 4143 1028 4208 addat
1051 4143 1196 4227 nympha
1217 4141 1256 4205 ad
1280 4146 1454 4206 amatorem
1479 4159 1575 4204 suum
1596 4138 1811 4205 laudandum:

774 4250 913 4315 Pulcher
935 4258 968 4314 et
991 4251 1112 4314 octonis
1136 4251 1255 4311 iterum
1280 4245 1440 4311 natalibus
1463 4247 1542 4309 actis

775 4356 927 4441 Signarat
952 4362 1074 4420 teneras
1097 4353 1190 4419 molli
1211 4352 1364 4437 lanugine
1386 4350 1496 4415 malas.

639 4465 759 4528 Parum
796 4461 899 4528 abfuit
934 4464 1010 4546 quin
1046 4461 1162 4524 horum
1197 4479 1350 4523 versuum
1386 4456 1522 4521 altarum
1556 4453 1733 4519 delendum
1769 4474 1828 4519 esso

641 4570 851 4645 declararem,
884 4568 940 4632 sed
971 4568 1106 4651 repressi
1129 4586 1198 4642 me,
1222 4563 1409 4649 intelligens
1430 4560 1487 4625 illo
1509 4568 1671 4644 expuncto
1695 4564 1828 4645 priorem

640 4676 777 4761 pendere
809 4680 841 4738 et
872 4679 1000 4737 tantum
1023 4692 1086 4735 non
1109 4690 1203 4734 sensu
1227 4689 1342 4732 carere.
1368 4667 1479 4731 Restat
1502 4685 1580 4750 ergo
1604 4670 1642 4727 ut
1667 4668 1736 4750 ipse
1760 4666 1827 4728 Acis

639 4801 713 4845 suas
733 4779 834 4844 malas
853 4777 1005 4864 lanugine
1025 4778 1167 4861 signasse
1186 4774 1320 4849 dicatur,
1341 4770 1424 4857 quod
1442 4783 1513 4835 tum
1529 4769 1664 4833 demum
1677 4771 1826 4834 sermonis
