4525 5950
1063 711 1205 761 riorus.
1657 689 1722 758 377

534 879 688 943 omnibus
723 878 905 964 elegantius
938 881 1142 944 enuntiatum
1177 879 1306 944 videtur
1340 877 1421 943 illud
1449 878 1541 965 fuleo
1570 879 1633 942 ictu
1663 879 1724 943 telo

532 985 665 1049 hortium
694 984 773 1048 citra
800 985 969 1049 cadebant?
998 984 1081 1064 Quid
1113 986 1198 1049 enim
1229 985 1282 1050 hic
1311 984 1363 1051 vel
1393 983 1432 1050 ad
1462 987 1723 1071 perspicuitatem

532 1091 588 1157 vel
620 1091 659 1157 ad
682 1098 885 1157 venustatem
909 1089 1128 1157 desideratur?
1157 1091 1240 1171 Quid
1264 1090 1336 1156 addi
1359 1097 1484 1178 poterat
1507 1094 1573 1156 sine
1596 1112 1724 1157 summo

532 1200 714 1285 elegantiae
748 1198 890 1284 periculo
926 1205 1021 1285 atque
1057 1197 1134 1263 adeo
1166 1195 1326 1284 pernicie?
1359 1198 1450 1262 Falso
1482 1199 1560 1262 ictu:
1594 1219 1724 1284 corpora

531 1309 690 1371 nimirum
722 1326 790 1370 esse
821 1305 949 1370 umbras
977 1304 1049 1370 illas
1079 1305 1246 1389 putabant.
1278 1303 1418 1370 Hoocine
1447 1304 1553 1369 voluit
1574 1302 1724 1370 Tacitus?

532 1412 607 1477 Non
631 1415 754 1496 opinor,
779 1411 851 1477 sed:
878 1412 1014 1499 „longas
1038 1409 1113 1476 illae
1136 1412 1267 1476 umbrae
1289 1410 1465 1476 efficiebant
1488 1417 1525 1476 ut
1547 1411 1724 1497 despatio,

532 1518 620 1604 quod
649 1521 735 1583 inter
764 1521 922 1584 exercitus
946 1525 1044 1595 esset,
1070 1523 1102 1582 et
1126 1518 1164 1583 de
1188 1516 1273 1593 loco,
1298 1518 1355 1582 ubi
1377 1524 1497 1582 starent
1520 1519 1645 1595 hostes,
1670 1517 1724 1583 Vi·

531 1623 659 1690 telliani
678 1623 896 1690 fallerentur.''
917 1624 1006 1690 Haec
1025 1622 1129 1689 Taciti
1150 1645 1240 1689 mens
1260 1624 1339 1701 fuit,
1360 1623 1429 1702 sed,
1451 1623 1554 1710 qualis
1572 1624 1627 1690 illc
1639 1647 1725 1692 error

530 1732 649 1797 fuisset
682 1736 862 1796 accuratius
897 1732 1072 1796 describere
1108 1730 1303 1816 supersedit3
1340 1733 1534 1807 rectissime,
1571 1753 1645 1797 nam
1680 1735 1725 1798 sio

531 1837 694 1925 praeclara
713 1841 855 1902 nascitur
874 1837 1054 1922 descriptio.
1076 1838 1117 1902 At
1138 1836 1231 1902 aliter
1250 1836 1381 1902 librario
1401 1840 1523 1914 visum,
1545 1837 1598 1902 vel
1617 1841 1724 1924 potius

531 1947 615 2011 viris
646 1943 764 2022 doctis,
796 1947 868 2030 qui,
901 1943 952 2008 illi
982 1945 1142 2020 obsecuti,
1175 1943 1214 2008 ad
1237 1943 1322 2008 huno
1345 1964 1445 2029 usque
1468 1943 1553 2008 diem
1576 1948 1609 2009 in
1634 1951 1723 2011 textu

530 2055 735 2116 retinuerunt
754 2058 839 2136 (post
850 2051 954 2135 falso)
974 2050 1129 2115 insulsam
1148 2052 1385 2115 annotationem
1404 2058 1439 2112 ut
1461 2051 1494 2113 iu
1517 2072 1649 2133 corpora.
1675 2055 1724 2117 An

529 2156 720 2223 Vitellianos
744 2156 782 2222 de
804 2156 964 2221 industria
986 2157 1125 2222 humum
1149 2155 1222 2221 telis
1246 2159 1313 2220 suis
1335 2159 1466 2242 petiisse
1489 2155 1662 2243 putemus?

579 2262 622 2328 H.
646 2262 704 2341 ΙΙΙ,
730 2262 783 2329 31.
808 2260 964 2329 Cremona
988 2268 1173 2350 expugnata
1195 2265 1229 2326 in
1253 2266 1350 2327 victos
1374 2261 1564 2329 Vitellianos
1586 2267 1724 2331 uictores

532 2370 744 2456 „ingerebant
775 2370 906 2455 probra,
939 2370 1140 2434 intentabant
1171 2370 1295 2446 ictus”;
1327 2390 1402 2435 mox
1430 2376 1538 2435 tamen
1561 2373 1608 2435 ira
1630 2374 1725 2436 cessit

534 2475 770 2542 misericordiae
794 2482 843 2541 et:

580 2583 702 2661 ,subiit
735 2582 911 2666 recordatio
945 2581 1018 2647 illos
1054 2603 1139 2662 esse,
1174 2585 1230 2667 qui
1265 2603 1365 2667 nuper
1397 2581 1540 2648 Bedriaci
1570 2586 1724 2650 uictoriae

534 2696 777 2775 temperassent.
809 2688 870 2754 Sed
896 2690 951 2754 ubi
975 2687 1109 2756 Caecina
1132 2693 1297 2774 praetexta
1319 2687 1547 2776 lictoribusque
1569 2693 1723 2778 insignis,

532 2795 658 2860 dimota
680 2795 792 2872 turba,
815 2798 964 2873 incessit,
989 2815 1134 2860 exarsere
1157 2795 1328 2861 victores.'’

577 2902 715 2967 Putavit
745 2901 862 2966 sciolus
887 2905 961 2967 haec
984 2900 1154 2988 aliquando
1178 2901 1299 2967 lectum
1322 2905 1364 2966 iri
1387 2903 1426 2967 ab
1449 2902 1633 2968 bominibus
1656 2905 1724 2969 bar·

533 3011 639 3086 baris,
675 3012 730 3094 qui
765 3029 822 3073 sna
852 3018 963 3094 sponte
994 3029 1011 3074 e
1043 3010 1149 3073 verbis
1176 2999 1334 3091 praetecta
1364 3009 1574 3095 lutoabueqac
1595 3011 1725 3093 insignis

531 3138 629 3203 quem
654 3115 806 3180 honorem
830 3102 905 3180 cum
930 3118 1070 3181 maxime
1092 3119 1244 3204 gessisset
1267 3114 1402 3183 Caecina
1425 3117 1545 3183 efficere
1567 3139 1629 3184 non
1653 3140 1723 3204 pos·

530 3229 613 3288 sent.
644 3224 821 3288 Annotavit
852 3244 946 3310 ergo:
979 3223 1097 3300 amuel,
1128 3223 1214 3307 quod
1236 3222 1448 3300 vocabulum,
1473 3226 1505 3287 in
1530 3231 1655 3290 textum
1679 3247 1724 3289 re

534 3336 685 3414 ceptum,
717 3350 802 3393 nunc
825 3332 894 3413 ipsa
917 3329 1005 3404 sede,
1031 3350 1126 3414 quam
1152 3333 1337 3416 occupauit,
1361 3329 1436 3396 falsi
1460 3334 1626 3417 arguitur:
1652 3337 1724 3417 post

532 3436 621 3499 turba
646 3437 732 3499 enim
755 3433 887 3520 legitur.

577 3540 620 3606 H.
653 3539 710 3618 ΙΙΙ,
743 3539 797 3604 49.
833 3539 870 3604 ln
905 3542 1055 3627 Aegypto
1091 3563 1166 3606 cum
1201 3548 1283 3607 esset
1314 3545 1412 3608 etiam
1443 3541 1655 3630 Vespasianus
1685 3545 1723 3611 de

531 3647 647 3735 proelii
672 3645 895 3714 Cremonensis
919 3650 1009 3713 exitu
1033 3648 1070 3712 fit
1093 3651 1226 3713 certior:

577 3754 646 3831 „uo
670 3756 894 3840 properantius
919 3753 1147 3820 Alexandriam
1170 3757 1295 3841 pergit,
1320 3762 1357 3820 ut
1376 3754 1476 3821 fracto
1495 3755 1617 3821 Vitellii
1637 3778 1724 3823 erer-

529 3865 599 3927 citu
632 3861 744 3926 urbem
775 3882 901 3947 quoqne
925 3870 1074 3927 externae
1096 3864 1165 3947 opis
1187 3861 1332 3948 indigam
1357 3863 1440 3927 lame
1464 3872 1604 3950 urgeret.
1628 3863 1724 3929 Nam-

529 3990 592 4054 que
609 3968 632 4048 ¹)
651 3973 684 4033 et
704 3968 844 4033 Africam
863 3975 948 4033 terra
967 3971 1113 4053 marique
1128 3967 1279 4033 inuadere
1295 3969 1438 4053 parabat,
1455 3968 1571 4034 clausis
1583 3991 1724 4037 annonae

529 4073 683 4139 subsidiis
705 4076 848 4159 inopiam
872 4094 907 4139 ac
931 4073 1122 4139 discordiam
1148 4073 1232 4138 hosti
1255 4074 1429 4139 facturus.’'

573 4180 740 4265 Numquid
772 4183 814 4244 iis
846 4179 1032 4245 hominibus
1064 4201 1097 4245 se
1130 4182 1266 4245 scribere
1290 4183 1419 4265 putavit
1441 4178 1588 4257 Tacitus,
1612 4184 1667 4265 qui
1690 4185 1724 4246 in

530 4306 594 4371 qua
616 4294 706 4370 parte
730 4287 816 4351 orbis
839 4293 996 4351 terrarum
1023 4289 1190 4373 provincia
1213 4287 1320 4352 Africa
1339 4290 1400 4352 sita
1419 4295 1500 4352 essct
1520 4286 1723 4373 ignorarent?

531 4391 575 4456 itt
599 4394 628 4455 si
652 4394 795 4476 putavit,
820 4412 900 4455 num
924 4393 1102 4478 quidquam
1126 4414 1158 4458 se
1182 4395 1222 4457 iis
1245 4392 1451 4478 profuturum
1472 4393 1644 4459 arbitratus
1664 4402 1722 4474 est,

531 4502 559 4562 ei
591 4497 783 4564 adscriberet
818 4501 915 4563 codem
938 4499 1032 4562 latere
1055 4496 1167 4562 eitam?
1190 4498 1294 4565 Immo
1317 4499 1493 4585 magistelli
1517 4502 1579 4564 ista
1601 4509 1650 4565 est
1672 4522 1723 4565 an·

530 4607 657 4669 notatio
687 4626 789 4690 neque
812 4606 896 4671 docti
919 4605 1095 4671 admodum
1121 4613 1154 4670 et
1177 4610 1210 4671 in
1234 4606 1396 4670 scribendo
1419 4627 1531 4692 parum
1556 4604 1722 4692 elegantis.

569 4852 594 4911 1)
612 4850 730 4913 Nouoque:
749 4850 832 4914 ecquid
850 4850 958 4916 ianque?
