4525 5950
541 680 585 747 46
1069 699 1201 751 sunnon.

538 867 623 954 quod
653 868 774 933 arboris
805 888 841 933 ac
872 869 934 932 sati
966 868 1107 946 bonum,
1140 869 1194 934 sed
1226 869 1286 935 hoc
1316 869 1461 935 nondum
1492 876 1541 935 est
1570 872 1604 935 in
1629 875 1736 957 prima

537 975 666 1053 fronde,
697 974 818 1040 nedum
847 976 881 1039 in
911 974 1066 1039 somine.'’
1097 974 1169 1041 Hoc
1192 976 1288 1042 modo
1312 979 1339 1041 si
1361 979 1460 1043 verba
1483 978 1600 1043 tradita
1625 983 1739 1064 accipi-

538 1104 626 1161 mus,
651 1082 785 1146 fortasse
816 1087 927 1145 auctor
957 1080 1054 1166 paulo
1085 1083 1251 1147 obscurius
1282 1083 1334 1148 hic
1365 1083 1491 1149 locutus
1522 1105 1589 1149 esse
1621 1089 1738 1151 merito

537 1188 600 1254 dici
623 1193 749 1273 potest,
774 1186 865 1253 nulla
890 1192 997 1253 tamen
1021 1190 1203 1254 mutatione
1226 1210 1306 1274 opus
1329 1210 1396 1255 esse
1420 1190 1560 1256 videtur.

581 1391 663 1456 Ibid.
687 1391 740 1457 24.
776 1392 855 1455 livino
879 1392 992 1455 beotiam
1018 1414 1080 1455 ease
1104 1400 1133 1456 te
1157 1393 1279 1471 iudica,
1303 1417 1364 1457 acm
1389 1394 1480 1471 vicie,
1505 1417 1580 1480 quae
1602 1396 1737 1461 homines

538 1498 688 1579 eripiunt,
713 1504 834 1580 optant,
859 1499 1047 1576 costodiunt,
1072 1498 1154 1562 nihil
1175 1499 1341 1578 inueneris,
1364 1523 1423 1563 con
1444 1501 1510 1564 dico
1530 1503 1609 1586 quod
1628 1503 1736 1580 malie,

538 1606 591 1668 aed
611 1606 691 1689 qood
712 1603 799 1668 celis.

581 1708 723 1774 Verbum
753 1708 889 1791 eripiunt
920 1712 1031 1795 utique
1063 1717 1251 1796 corruptum
1285 1732 1352 1777 esse
1384 1733 1511 1791 censeo;
1545 1713 1623 1797 quid
1647 1718 1737 1780 enim

538 1814 684 1881 hocloco
704 1814 885 1901 significare
906 1813 1031 1900 potest?
1052 1815 1099 1881 De
1120 1815 1240 1882 talibus
1261 1819 1346 1882 enini
1367 1817 1472 1883 solum
1491 1819 1586 1883 rebus
1606 1819 1736 1898 dicitur,

537 1942 617 2006 quas
646 1922 766 1985 iniusto
793 1921 888 1985 modo
913 1921 1141 2007 adipiscimnr;
1166 1929 1200 1987 at
1222 1922 1340 1988 Seneca
1362 1924 1414 1989 hio
1439 1923 1476 1989 de
1502 1926 1653 1990 omnibus
1677 1928 1739 1991 for·

536 2035 632 2092 tunae
656 2028 745 2092 bonis
772 2047 975 2112 quocumque
1002 2029 1097 2094 modo
1124 2031 1278 2115 quaesitis
1302 2029 1456 2116 loquitur.
1484 2030 1550 2096 Nec
1572 2053 1636 2097 non
1658 2034 1737 2098 ordo

536 2134 706 2199 verborum
740 2135 818 2198 satis
850 2132 1008 2198 mirabilis
1031 2141 1098 2199 est:
1123 2138 1267 2220 primum
1291 2135 1444 2218 eripiunt,
1469 2136 1582 2202 deinde
1608 2146 1735 2220 optant,

537 2238 672 2324 denique
696 2239 877 2303 cutodiunt.
912 2239 997 2303 Mihi
1019 2242 1054 2303 in
1077 2248 1219 2305 mentem
1244 2244 1333 2306 venit
1356 2242 1491 2324 cap-icat,
1516 2243 1600 2327 quod
1625 2249 1735 2309 tamen

535 2352 666 2432 propter
689 2366 822 2431 sequens
845 2352 950 2428 optant
965 2345 989 2425 ¹)
1012 2348 1075 2410 nisi
1099 2347 1285 2413 dubitanter
1307 2368 1482 2434 proponere
1505 2370 1568 2414 non
1592 2349 1707 2415 audeo.

572 2561 597 2625 l)
616 2563 652 2610 An
670 2565 694 2609 et
711 2561 755 2609 hcc
772 2559 857 2608 vitiose
874 2560 990 2608 traditum
1008 2575 1052 2625 pro
1069 2563 1203 2623 appetant?

887 2810 929 2855 io
953 2808 1096 2856 vnnomn
1119 2810 1192 2856 anu.
1217 2811 1229 2855 1
1253 2790 1296 2855 39
1312 2809 1378 2868 sqq,

1128 2944 1277 3011 Pallasne
1302 2965 1435 3011 exurere
1458 2945 1591 3013 classem

671 3038 826 3121 Argivom
850 3041 947 3121 atque
970 3038 1057 3120 ipsos
1080 3039 1188 3121 potuit
1212 3037 1419 3122 submergere
1438 3044 1535 3123 ponto

671 3129 766 3191 unius
792 3127 832 3190 ob
855 3147 971 3191 noxam
994 3134 1027 3192 et
1049 3127 1148 3191 furias
1173 3128 1279 3192 Aiacis
1304 3125 1409 3193 Oilei?

670 3217 744 3299 Ipso
766 3216 851 3281 Iovis
874 3217 1023 3302 rapidum
1048 3216 1187 3282 iaculato
1210 3240 1227 3283 e
1251 3219 1392 3283 nubibus
1415 3221 1525 3305 ignem

671 3309 859 3391 disiecitque
883 3310 959 3372 ratis
983 3310 1162 3392 evertitque
1186 3329 1322 3394 aequora
1345 3312 1468 3387 ventis,

670 3399 757 3461 ittam
779 3401 991 3483 exspirantem
1018 3398 1167 3463 transfixo
1191 3406 1317 3485 pectore
1342 3400 1486 3465 flammas

670 3489 798 3553 turbine
821 3492 975 3574 corripuit
997 3489 1190 3575 scopuloque
1213 3490 1319 3554 infixit
1342 3497 1453 3567 acuto;

669 3586 719 3644 ast
742 3600 819 3664 ego,
845 3601 925 3665 quae
948 3581 1057 3646 divom
1080 3580 1192 3647 incedo
1216 3583 1327 3667 regina
1351 3581 1500 3666 Iovisque

670 3677 703 3735 et
725 3690 813 3734 soror
835 3677 868 3735 et
891 3674 1045 3749 coniunx,
1069 3693 1134 3737 una
1157 3693 1232 3736 cum
1254 3679 1351 3759 gente
1376 3678 1424 3736 tot
1447 3693 1545 3737 annos

672 3758 756 3825 bella
778 3780 865 3846 gero.

578 3851 641 3915 His
672 3853 705 3915 in
737 3853 882 3916 versibus
912 3872 1114 3936 nequaquam
1142 3852 1225 3917 clare
1249 3858 1381 3937 apparet
1405 3874 1440 3918 ea
1463 3856 1623 3939 oppositio
1647 3877 1728 3941 quae

533 3948 658 4006 exstare
693 3942 826 4007 debebat
855 3949 928 4006 tum
958 3946 1042 4006 inter
1073 3943 1256 4008 Minervam
1287 3950 1319 4008 et
1351 3944 1506 4009 Iunonem
1538 3951 1610 4009 tum
1642 3949 1728 4012 inter

534 4054 630 4097 naves
661 4037 692 4097 et
726 4034 855 4097 Aiacem
888 4034 941 4112 (cf.
965 4036 1009 4097 sis
1032 4032 1115 4098 illud
1139 4035 1261 4097 classem
1285 4035 1422 4114 Argivom
1447 4042 1536 4119 utque
1559 4036 1671 4117 ipsoa):
1696 4045 1727 4103 et

533 4125 615 4188 mihi
646 4122 776 4207 quidem
807 4127 863 4190 vix
895 4145 963 4188 esse
987 4123 1201 4188 dubitandum
1226 4125 1355 4189 videtur
1379 4130 1456 4210 quin
1480 4147 1497 4190 e
1522 4126 1636 4191 multis
1661 4127 1726 4192 illis

533 4217 589 4300 qui
618 4213 823 4279 volventibus
855 4217 945 4279 annis
970 4214 1105 4301 Vergilii
1130 4218 1273 4279 carmina
1296 4219 1532 4301 exscripserunt
1555 4218 1594 4281 ab
1617 4215 1726 4304 aliquo

532 4310 579 4370 ita
608 4310 773 4389 peccatum
805 4306 916 4383 fuerit,
949 4312 986 4370 ut
1010 4327 1090 4391 quae
1115 4306 1239 4370 fuerant
1262 4305 1319 4368 illa
1343 4312 1376 4371 et
1399 4309 1496 4390 ipama
1520 4312 1727 4393 pronomina,

533 4417 569 4462 ea
592 4397 831 4461 commiscuerit
853 4403 948 4480 atque
971 4399 1004 4459 in
1029 4396 1162 4461 alterius
1181 4396 1319 4461 alterum
1338 4397 1445 4462 sedem
1465 4398 1581 4464 leviter
1601 4406 1727 4465 mutata

532 4488 635 4553 forma
668 4489 808 4572 migrare
842 4489 992 4572 coegerit.
1028 4487 1119 4568 Quod
1150 4490 1178 4552 si
1208 4509 1322 4552 verum
1354 4495 1419 4565 est,
1451 4492 1498 4554 ita
1521 4489 1727 4576 refingendus

531 4584 580 4644 est
601 4577 709 4643 locus:

667 4668 733 4730 Illa
756 4666 842 4731 Iovis
865 4667 1013 4752 rapidum
1037 4673 1098 4732 cet.

666 4759 762 4840 speum
786 4760 999 4843 exspirantem
1023 4766 1084 4824 cet.
1325 4758 1372 4823 M.
1397 4760 1531 4826 Limon
1554 4762 1678 4828 ΕΔΜ.

1039 4880 1233 4889 -ι--ι
