4525 5950
1059 669 1200 720 rsmros.
1502 670 1504 674 ’
1654 651 1720 719 396

525 832 615 899 nihil
646 834 793 900 referre.”
825 835 868 900 H.
892 836 934 913 Π,
960 834 997 901 7:
1031 857 1109 913 „nec
1140 836 1274 912 referre,
1299 833 1468 901 Vitellium
1499 857 1538 900 an
1562 835 1721 902 Othonem

526 944 739 1026 superstitem
770 942 897 1008 fortuna
927 943 1073 1009 laceret.'’
1107 941 1149 1007 Η.
1183 941 1240 1019 ΙΠ,
1274 940 1332 1006 66:
1368 942 1421 1017 „id
1449 941 1556 1007 solum
1587 943 1721 1022 referre,

527 1049 747 1112 novissimum
766 1051 917 1133 spiritum
938 1070 993 1133 per
1011 1048 1189 1114 ludibrium
1208 1057 1240 1114 et
1264 1047 1475 1114 contumelias
1498 1049 1660 1114 effundant
1682 1071 1721 1114 an

528 1176 589 1240 per
609 1155 798 1220 virtutem.”
823 1155 917 1220 Vides
941 1156 1090 1220 omnibus
1111 1156 1197 1220 hisce
1215 1157 1381 1221 sententiis
1401 1155 1535 1221 eundem
1555 1177 1623 1221 esse
1642 1154 1723 1221 colo

530 1281 621 1338 rem,
653 1261 784 1326 eandem
815 1262 1096 1328 acerbitatem
1122 1268 1218 1346 atque
1250 1262 1347 1326 verbo
1377 1260 1476 1346 refert
1498 1260 1624 1326 nullum
1648 1262 1722 1327 addi

531 1370 728 1454 genitivum.
750 1368 834 1448 Quid
854 1390 946 1454 ergo,
967 1372 995 1434 si
1014 1374 1196 1434 statuamus
1215 1375 1322 1434 nostro
1342 1368 1549 1454 quoqueloco
1561 1372 1722 1455 scripsisse

531 1473 701 1539 Taciturn:
729 1496 811 1551 „non
836 1476 968 1552 referre,
989 1478 1016 1541 si
1036 1477 1237 1542 citharoedus
1257 1476 1480 1541 demoveretur
1498 1484 1531 1541 et
1550 1476 1723 1562 tragoedus

530 1578 760 1646 succederet''?
790 1580 821 1646 N
824 1602 878 1645 um
908 1581 1094 1648 incredibile
1125 1588 1173 1647 est
1201 1582 1404 1667 adscripsisse
1427 1581 1583 1667 aliquem:
1610 1583 1724 1660 „dede-

531 1686 633 1763 oori’'‚
658 1707 720 1770 quo
743 1692 906 1772 utcunque
929 1687 1124 1773 significaret
1147 1688 1206 1754 hoo
1225 1687 1309 1753 velle
1329 1695 1505 1753 auctorem:
1528 1688 1635 1766 „idem
1655 1710 1723 1755 esse

533 1795 705 1876 utriusque
737 1795 785 1857 rei
815 1793 949 1859 dedecus
972 1799 1003 1858 et
1027 1793 1159 1859 eandem
1184 1791 1461 1879 turpitudinem''t
1484 1792 1589 1858 Immo
1613 1795 1724 1860 audire

533 1899 618 1963 mibi
640 1899 780 1963 hominis
804 1920 915 1964 vocem
938 1899 1057 1964 videor.
1392 1915 1394 1918 ·

578 2006 618 2069 A.
643 2003 712 2081 XV,
740 2003 792 2069 69.
826 2003 975 2070 Vestinus
999 2004 1126 2082 consul,
1156 2004 1274 2071 Neroni
1299 2025 1374 2090 prae
1396 2008 1509 2071 ceteris
1531 2005 1723 2071 mortalibus

528 2113 676 2187 invisus,
708 2113 793 2175 inter
816 2113 901 2197 ipsas
923 2110 1033 2197 epulas
1056 2114 1185 2178 immite
1209 2112 1248 2176 ab
1271 2113 1464 2196 imperatore
1488 2113 1603 2197 accipit
1625 2115 1725 2198 impe-

531 2220 640 2294 rium,
665 2217 749 2302 quod
771 2218 937 2283 confestim
962 2220 1160 2302 exsequitur:

581 2322 803 2401 „circumdati
833 2327 963 2389 interim
994 2324 1155 2405 custodia,
1187 2326 1244 2408 qui
1273 2322 1372 2388 simul
1401 2317 1644 2403 discubuerant,
1668 2347 1725 2391 nec

530 2433 598 2496 nisi
626 2439 777 2516 provecta
799 2438 890 2495 nocte
912 2433 1023 2495 omissi
1046 2438 1138 2507 sunt,
1163 2439 1332 2515 postquam
1356 2451 1508 2517 pavorem
1532 2452 1661 2510 eorum,
1685 2453 1723 2498 ex

533 2558 648 2604 mensa
667 2539 804 2602 exitium
824 2539 1059 2622 opperientium
1078 2541 1111 2602 et
1128 2539 1326 2622 imaginatus
1345 2543 1378 2602 et
1395 2537 1531 2602 irridens
1550 2536 1634 2602 Nero
1647 2540 1724 2603 satis

533 2643 689 2731 supplicii
711 2641 809 2709 luisse
833 2646 879 2708 ait
902 2665 959 2729 pro
983 2641 1088 2729 epulis
1112 2642 1366 2708 consularibus.’'

581 2749 667 2815 Tum
691 2749 822 2814 demum
846 2748 949 2814 Taciti
973 2751 1025 2815 hic
1049 2770 1182 2814 manum
1206 2770 1431 2835 agnoscemus,
1456 2753 1483 2814 si
1502 2754 1676 2835 utrumque
1696 2757 1725 2814 et

531 2866 617 2936 (tam
639 2854 722 2920 illud
745 2854 829 2939 quod
853 2863 925 2921 ante
950 2877 1047 2940 quam
1067 2855 1152 2941 quod
1172 2863 1242 2941 post
1263 2855 1445 2936 imaginatus
1462 2854 1596 2940 legitur)
1615 2854 1726 2919 simul-

531 2985 597 3050 que
617 2954 822 3049 participium
843 2962 974 3026 irridens
994 2961 1222 3028 deleverimus:
1245 2967 1437 3049 „postquam
1450 2984 1600 3048 pavorem
1612 2983 1723 3028 eorum

531 3094 574 3137 ex
599 3090 709 3135 mensa
731 3072 867 3134 exitium
893 3072 1128 3155 opperientium
1150 3072 1348 3156 imaginatus
1367 3070 1451 3135 Nero
1474 3072 1551 3134 satis
1575 3067 1724 3154 supplicii

531 3177 633 3243 luisse
665 3175 743 3240 ait.”
775 3174 893 3261 Ecquis
920 3184 1067 3240 nostrum
1090 3197 1174 3240 nunc
1197 3174 1373 3240 monendus
1396 3178 1495 3240 etiam
1519 3181 1567 3239 est
1591 3175 1631 3239 ab
1654 3174 1725 3236 trra

533 3286 624 3348 dente
647 3282 724 3347 haec
747 3281 873 3347 Nerone
896 3279 1001 3347 diota?
1024 3281 1121 3346 Haud
1144 3284 1265 3367 opinor.

583 3390 620 3453 A.
648 3386 730 3465 XVI,
755 3386 787 3451 2.
819 3388 869 3452 Ab
898 3391 1072 3474 impostore
1103 3388 1255 3473 deceptus
1285 3386 1370 3452 Nero
1400 3390 1547 3473 ingentes
1570 3387 1631 3451 sibi
1655 3388 1724 3450 auri

533 3495 702 3560 thesauros
733 3501 873 3579 repertos
904 3494 1055 3572 credidit,
1087 3515 1225 3579 cumque
1253 3494 1332 3559 forte
1355 3493 1468 3559 eodem
1491 3498 1633 3578 tempore
1654 3490 1725 3557 ludi

532 3598 786 3688 quinquennales
805 3598 1037 3665 celebrarentur
1056 3598 1181 3685 largam
1201 3600 1282 3666 hano
1300 3602 1488 3685 imperatori
1499 3597 1648 3665 adulandi
1661 3618 1726 3662 ma·

533 3710 651 3773 teriem
682 3706 775 3771 avide
806 3709 1011 3791 arripuerunt
1033 3713 1187 3771 oratores:
1213 3728 1275 3771 non
1298 3706 1466 3771 confusum
1490 3704 1562 3769 aliis
1585 3703 1726 3770 metallis

534 3814 593 3880 sed
617 3834 736 3898 purum
760 3819 876 3897 putum
901 3834 918 3877 e
941 3819 1025 3878 terra
1049 3815 1217 3897 provenire
1240 3833 1355 3878 aurum
1379 3810 1615 3877 declamabant:

585 3940 751 4005 „quaeque
780 3917 843 3984 alia
874 3940 1002 3985 summa
1025 3918 1173 3984 facundia
1195 3941 1252 3984 nee
1275 3922 1398 3984 minore
1421 3917 1604 3984 adulatione
1627 3916 1725 4003 finge

533 4028 631 4101 bant,
655 4027 758 4089 securi
780 4024 818 4090 de
842 4022 994 4089 facilitate
1018 4023 1206 4089 credentis.''

581 4132 644 4196 Hic
676 4152 709 4197 se
741 4129 943 4217 magistellos
971 4133 1132 4196 continere
1156 4151 1218 4194 non
1241 4133 1349 4215 potuit
1371 4132 1447 4214 quin
1470 4128 1725 4215 indignationem

534 4260 630 4306 suam
660 4241 694 4303 in
722 4241 868 4323 margine
892 4238 1070 4302 annotando
1096 4236 1268 4314 „servilia”
1292 4237 1495 4323 significaret.
1520 4236 1562 4302 Et
1585 4260 1668 4302 nunc
1691 4242 1725 4303 in

535 4354 630 4413 textu
660 4345 798 4431 legitur:
833 4365 996 4430 „quaeque
1019 4343 1083 4409 alia
1106 4365 1234 4409 summa
1254 4343 1402 4409 facundia
1423 4365 1481 4408 nec
1504 4346 1627 4410 minore
1651 4345 1725 4410 adu·

533 4454 655 4519 latione
676 4450 805 4517 servilia
828 4448 1029 4537 fingebant”!
1062 4449 1124 4515 Sed
1148 4453 1341 4536 quicumque
1363 4450 1525 4515 Taciteam
1548 4454 1723 4516 orationem

530 4559 631 4646 probe
666 4564 772 4622 notam
804 4547 900 4623 habet
933 4564 1099 4642 amatque,
1134 4579 1172 4622 ex
1203 4555 1379 4642 exemplari
1411 4578 1469 4621 suo
1501 4560 1723 4642 importunum

531 4663 623 4731 istud
644 4663 769 4727 sevitia
792 4664 909 4730 erodet.

584 4773 622 4839 Α.
647 4769 732 4847 xvi,
759 4771 787 4836 o.
814 4769 860 4838 Do
886 4771 995 4838 sunere
1018 4770 1183 4858 Poppaeae
1207 4773 1240 4833 et
1263 4767 1325 4836 elia
1347 4775 1379 4835 et
1401 4767 1477 4835 haee
1500 4768 1655 4859 legimus:
