4525 5950
945 738 1186 786 nanosnnnnns.
1594 721 1658 786 311

459 902 518 963 ἐπὶ
544 907 602 964 τῶν
625 908 748 979 τειχῶν,
772 904 861 987 regio
885 923 995 966 versus
1019 901 1150 967 castella
1173 901 1363 988 appellatur.
1389 901 1500 965 Fuisse
1520 908 1659 966 tractum

461 1006 620 1072 Thraciae
644 1008 686 1070 rat
711 1008 803 1088 τείχη
829 1007 969 1084 dietum,
995 1013 1033 1072 ut
1051 1010 1085 1071 in
1105 1006 1218 1092 Belgio
1239 1007 1282 1070 lea
1300 1005 1448 1070 ίαννίὲνιι
1466 1027 1483 1071 6
1504 1027 1577 1092 pag.
1593 1004 1657 1072 397
1738 1082 1745 1093 ,

463 1112 626 1178 66116161”.
658 1110 776 1178 Contra
808 1116 950 1198 assurgit
972 1113 1010 1177 de
1034 1134 1122 1177 more
1146 1111 1187 1179 G.
1213 1112 1256 1176 H.
1280 1111 1469 1177 Sohaierus:
1497 1111 1580 1189 „Sed
1602 1110 1659 1177 ille

463 1221 536 1302 ipse
567 1216 657 1283 loeus
687 1217 857 1304 vulgatam
887 1221 965 1282 satis
996 1217 1139 1283 tuetur”.
1170 1217 1240 1283 Hoo
1270 1239 1345 1282 vero
1368 1216 1561 1282 emblemate
1584 1238 1659 1282 eum

464 1321 589 1389 Cobeto
624 1330 802 1410 expuncto,
836 1326 957 1388 ineerta
990 1326 1032 1387 sit
1062 1322 1186 1388 Reiskii
1217 1325 1376 1409 suspicio,
1408 1322 1462 1387 sed
1493 1325 1526 1386 in
1549 1324 1659 1409 paneis

464 1431 611 1514 speciosa
640 1435 697 1493 est.
729 1429 800 1514 Ipse
831 1428 1001 1494 Sehiferus
1031 1427 1168 1505 alieubi,
1199 1429 1238 1492 ad
1262 1426 1376 1494 (loson.
1402 1427 1504 1513 §215
1525 1451 1556 1515 p.
1581 1427 1659 1506 300,
1772 1433 1778 1444 '

464 1538 501 1601 vi
532 1536 679 1600 veritatis
710 1534 825 1600 duetus
855 1533 1015 1621 signifieat
1044 1555 1077 1599 se
1108 1532 1203 1600 Oorai
1234 1536 1398 1599 assentiri:
1432 1541 1658 1612 Κατννυρεῑται

466 1648 569 1712 κοινῶς
602 1641 615 1703 ὁ
644 1639 807 1718 Ῥείοιιιος,
831 1644 869 1710 ὥς
893 1643 1042 1719 τολμηρὸς
1067 1641 1110 1712 είς
1135 1641 1193 1709 τίις
1218 1639 1379 1717 διορθώσεις
1404 1662 1475 1704 του·
1501 1640 1656 1717 ιὶπίβαλα

464 1750 496 1810 κ’
518 1748 579 1824 ἐγὼ
597 1749 718 1819 πολλὰς
738 1746 773 1824 ἐξ
790 1748 889 1810 αὐτῶν
910 1747 973 1809 ἀπὸ
992 1748 1046 1817 τὴν
1067 1744 1182 1809 ἔκδοσίν
1200 1769 1258 1821 μου
1278 1748 1318 1816 ὠς
1332 1745 1546 1823 ἐσφαλμένοις.
1565 1747 1657 1810 Ἀλλ’

464 1848 548 1926 ὅμως
580 1858 715 1928 προτιμῶ
745 1855 800 1924 τὴν
827 1851 952 1929 γόνιμον
980 1851 1099 1927 τόλμαν
1122 1856 1175 1915 τοῦ
1199 1852 1345 1914 Ῥειοκίου
1369 1852 1432 1917 ἀπὸ
1457 1854 1578 1915 πολλῶν
1603 1853 1659 1916 ἄλ-

461 1973 527 2021 λων
559 1958 684 2022 ἐαδοτῶν
716 1960 769 2030 τὴν
799 1965 901 2035 seipas
932 1956 1112 2032 εὐλάβειαν.
1144 1956 1316 2022 Verissime
1347 1956 1406 2021 hoc
1440 1955 1563 2020 dictum
1590 1964 1655 2023 est:

461 2070 515 2128 est
547 2062 672 2127 Reiskii
702 2062 808 2137 τόλμα
839 2065 866 2127 61
898 2083 961 2149 qua
990 2062 1054 2128 alia
1085 2062 1229 2140 γόνιμος,
1262 2062 1316 2127 sed
1349 2064 1365 2135 ἦ
1390 2070 1476 2142 ςεῑροι
1501 2060 1656 2140 εὐλάβειαι

460 2167 562 2232 bodie
584 2170 618 2231 in
641 2168 760 2232 honore
783 2173 842 2232 est.

511 2386 616 2471 §191
648 2409 680 2472 p.
706 2386 789 2451 401:
822 2387 847 2450 ol
880 2385 1067 2464 προδιδόντες
1101 2385 1152 2448 καὶ
1180 2387 1241 2468 [οἱ]
1266 2386 1576 2465 παραπρεσβεύοντες
1602 2387 1654 2452 καὶ

460 2495 527 2577 [oi]
552 2493 786 2570 δωροδοκοῦντες.
811 2492 883 2557 11611
908 2492 973 2557 1616
997 2494 1151 2556 1161616111
1175 2490 1359 2557 articulum.

511 2698 529 2780 ᾖ
553 2695 616 2761 193
641 2719 671 2781 p.
697 2695 781 2760 401:
807 2693 891 2773 ἤρετο
915 2696 1051 2774 Σοὶτυρον
1069 2742 1076 2759 .
1092 2741 1122 2760 ..
1144 2696 1213 2758 τίνοι
1234 2695 1301 2778 [ἐν]
1320 2696 1419 2775 ἑαυτῷ
1440 2697 1652 2776 μικροψυχίαν

462 2804 480 2876 ἢ
519 2805 593 2880 πρὸς
631 2803 724 2866 αὐτὸν
759 2801 868 2873 οὶιρδίαν
902 2802 1080 2880 ἐνεορακώς,
1113 2802 1177 2867 ari.
1210 2800 1350 2868 Oobetus
1382 2807 1652 2889 praepositionem

458 2907 611 2987 sustulit;
643 2909 696 2974 hio
728 2928 853 2993 quoqne
883 2907 1026 2974 Blassius
1056 2914 1141 2974 tacet
1170 2915 1203 2974 et
1234 2908 1351 2974 dixeris
1380 2909 1544 2976 interdum
1578 2932 1653 2977 eum

467 3014 581 3077 Variae
611 3014 765 3077 lectiones
794 3020 827 3078 et
857 3013 1057 3076 Mimallones
1084 3013 1197 3077 (hilion
1221 3019 1277 3079 aut
1299 3017 1428 3080 omnino
1453 3037 1515 3080 non
1539 3037 1653 3103 cogno

458 3123 550 3187 visse
572 3126 629 3184 aut
650 3126 734 3185 certe
757 3119 966 3206 indiligenter
987 3118 1192 3185 lectitavisse.

508 3339 526 3421 ξ
550 3336 614 3400 194
639 3358 669 3421 p.
695 3337 777 3401 401:
803 3338 898 3400 εἰπεῖν
923 3340 1080 3421 [parra]
1104 3338 1197 3403 αὑτὸν
1221 3335 1266 3401 ὅτι
1294 3335 1326 3411 ἦν
1350 3341 1433 3419 αὐτῷ
1458 3339 1551 3417 ξένος.
1573 3341 1650 3406 Dele

457 3442 547 3529 quod
569 3463 684 3527 parum
707 3441 869 3528 eleganter
891 3445 1044 3507 iteratum
1068 3450 1116 3508 est
1140 3465 1178 3508 er
1203 3465 1304 3530 praec.
1329 3446 1357 3528 ξ.

506 3663 525 3745 §
549 3659 611 3724 195
635 3681 665 3744 p.
688 3660 772 3725 402:
797 3667 945 3736 προῖκα
969 3661 1001 3724 δὲ
1025 3662 1159 3737 προσθείς
1182 3662 1307 3727 ε’νδώου.
1329 3660 1568 3747 Apollophanes
1588 3683 1653 3728 una

455 3770 546 3831 certe
565 3764 672 3851 plures
692 3766 774 3831 filias
793 3767 945 3845 habebat;
968 3774 1161 3852 quapropter
1180 3772 1392 3834 necessarium
1413 3778 1461 3834 est
1483 3778 1651 3847 προῖκας.

507 3982 610 4068 §201
643 4006 675 4069 p.
702 3984 788 4049 404:
821 3975 842 4047 ἃ
868 3983 894 4047 δ’
919 3985 981 4061 ἐγὼ
1005 3983 1171 4057 πέπυσμαι
1195 3987 1323 4060 μέλλειν
1348 3988 1440 4050 αὐτὸν
1464 3989 1578 4066 λέγειν,
1605 3989 1650 4054 ἒςί

457 4093 518 4166 μὲν
552 4091 771 4165 ἐγγυτάτω
803 4090 929 4166 μανίας.
953 4088 1058 4176 Lege:
1083 4092 1210 4168 ἐγγὺς
1236 4097 1371 4156 ταῦτα
1397 4095 1530 4171 μανίας,
1555 4097 1651 4159 sicuti

454 4215 554 4279 saepe
576 4194 680 4259 dioere
703 4193 795 4260 solet.

504 4398 522 4481 ξ
543 4395 609 4461 230
633 4418 665 4480 p.
690 4395 773 4460 412:
798 4397 812 4461 ὅ
836 4396 893 4471 μὲν
916 4397 967 4459 τὸν
991 4398 1051 4461 υἱὸν
1076 4396 1201 4475 ἔπεμψε
1223 4401 1368 4478 Φιλίππῳ
1388 4403 1455 4479 πρὶν
1476 4403 1517 4472 εἷς
1539 4400 1649 4479 ἄνδρας

453 4501 623 4580 ἐγγράψαι
649 4502 677 4583 [ί
700 4502 844 4579 μιαρὸς
870 4503 1047 4587 operes}
1080 4504 1189 4569 Etiam
1211 4508 1244 4570 in
1268 4509 1309 4569 iis
1334 4528 1413 4591 qnae
1437 4510 1581 4592 proxime
1606 4529 1651 4572 se

450 4614 601 4692 quantur
624 4609 742 4672 omissa
765 4613 841 4672 sunt
864 4611 992 4693 propria
1016 4612 1156 4674 nomina.
1180 4610 1303 4675 Soiolus
1328 4611 1509 4698 Phrynonis
1533 4634 1649 4678 nomen

451 4715 610 4798 cognovit
633 4733 673 4776 er
697 4712 803 4797 §233.
