<?xml version="1.0" encoding="UTF-8"?>
<!DOCTYPE html PUBLIC "-//W3C//DTD XHTML 1.0 Transitional//EN"
    "http://www.w3.org/TR/xhtml1/DTD/xhtml1-transitional.dtd">
<html xmlns="http://www.w3.org/1999/xhtml" xml:lang="en" lang="en">
 <head>
  <title>
</title>
<meta http-equiv="Content-Type" content="text/html;charset=utf-8" />
  <meta name='ocr-system' content='tesseract 3.04.00' />
  <meta name='ocr-capabilities' content='ocr_page ocr_carea ocr_par ocr_line ocrx_word'/>
</head>
<body>
  <div class='ocr_page' id='page_1' title='image "./mnemosyne07verdgoog_0085.png"; bbox 0 0 4525 5950; ppageno 0'>
   <div class='ocr_carea' id='block_1_1' title="bbox 533 669 1202 736">
    <p class='ocr_par' dir='ltr' id='par_1_1' title="bbox 533 669 1202 736">
     <span class='ocr_line' id='line_1_1' title="bbox 533 669 1202 736; baseline 0 0"><span class='ocrx_word' id='word_1_1' title='bbox 533 669 575 736; x_wconf 78' lang='lat'>70</span> <span class='ocrx_word' id='word_1_2' title='bbox 1059 689 1202 736; x_wconf 72' lang='lat' dir='ltr'>ricinos.</span> 
     </span>
    </p>
   </div>
   <div class='ocr_carea' id='block_1_2' title="bbox 437 852 1726 4851">
    <p class='ocr_par' dir='ltr' id='par_1_2' title="bbox 437 852 1726 1670">
     <span class='ocr_line' id='line_1_2' title="bbox 437 852 1726 938; baseline 0.001 -22"><span class='ocrx_word' id='word_1_3' title='bbox 437 887 439 891; x_wconf 95' lang='lat'>·</span> <span class='ocrx_word' id='word_1_4' title='bbox 527 853 684 917; x_wconf 80' lang='lat' dir='ltr'>eiusmodi</span> <span class='ocrx_word' id='word_1_5' title='bbox 714 853 804 917; x_wconf 86' lang='lat' dir='ltr'>illam</span> <span class='ocrx_word' id='word_1_6' title='bbox 837 875 904 918; x_wconf 89' lang='lat' dir='ltr'>rem</span> <span class='ocrx_word' id='word_1_7' title='bbox 936 853 1034 917; x_wconf 89' lang='lat' dir='ltr'>fuisse</span> <span class='ocrx_word' id='word_1_8' title='bbox 1057 860 1094 917; x_wconf 89' lang='lat' dir='ltr'>ut</span> <span class='ocrx_word' id='word_1_9' title='bbox 1119 856 1332 938; x_wconf 78' lang='lat' dir='ltr'>pervicaciam</span> <span class='ocrx_word' id='word_1_10' title='bbox 1357 853 1501 917; x_wconf 92' lang='lat' dir='ltr'>redderet</span> <span class='ocrx_word' id='word_1_11' title='bbox 1524 873 1622 937; x_wconf 90' lang='lat' dir='ltr'>quam</span> <span class='ocrx_word' id='word_1_12' title='bbox 1646 852 1726 917; x_wconf 88' lang='lat' dir='ltr'>stul-</span> 
     </span>
     <span class='ocr_line' id='line_1_3' title="bbox 527 958 1724 1045; baseline 0 -23"><span class='ocrx_word' id='word_1_13' title='bbox 527 962 698 1024; x_wconf 90' lang='lat' dir='ltr'>tissimam.</span> <span class='ocrx_word' id='word_1_14' title='bbox 724 958 811 1043; x_wconf 78' lang='lat' dir='ltr'>Ergo</span> <span class='ocrx_word' id='word_1_15' title='bbox 830 962 863 1022; x_wconf 90' lang='lat' dir='ltr'>in</span> <span class='ocrx_word' id='word_1_16' title='bbox 885 959 1044 1024; x_wconf 82' lang='lat' dir='ltr'>adiectivo</span> <span class='ocrx_word' id='word_1_17' title='bbox 1059 960 1179 1040; x_wconf 76' lang='lat' dir='ltr'>peritos</span> <span class='ocrx_word' id='word_1_18' title='bbox 1198 981 1333 1024; x_wconf 80' lang='lat' dir='ltr'>acumen</span> <span class='ocrx_word' id='word_1_19' title='bbox 1353 959 1483 1045; x_wconf 84' lang='lat' dir='ltr'>aliquod</span> <span class='ocrx_word' id='word_1_20' title='bbox 1502 961 1606 1024; x_wconf 91' lang='lat' dir='ltr'>inesse</span> <span class='ocrx_word' id='word_1_21' title='bbox 1618 959 1724 1035; x_wconf 87' lang='lat' dir='ltr'>debet,</span> 
     </span>
     <span class='ocr_line' id='line_1_4' title="bbox 526 1065 1723 1150; baseline 0 -22"><span class='ocrx_word' id='word_1_22' title='bbox 526 1072 558 1128; x_wconf 90' lang='lat' dir='ltr'>et</span> <span class='ocrx_word' id='word_1_23' title='bbox 579 1085 689 1129; x_wconf 86' lang='lat' dir='ltr'>revera</span> <span class='ocrx_word' id='word_1_24' title='bbox 709 1067 810 1140; x_wconf 89' lang='lat' dir='ltr'>inest,</span> <span class='ocrx_word' id='word_1_25' title='bbox 832 1068 858 1128; x_wconf 87' lang='lat' dir='ltr'>si</span> <span class='ocrx_word' id='word_1_26' title='bbox 879 1068 923 1130; x_wconf 89' lang='lat' dir='ltr'>sic</span> <span class='ocrx_word' id='word_1_27' title='bbox 943 1067 1135 1148; x_wconf 81' lang='lat' dir='ltr'>accipimus:</span> <span class='ocrx_word' id='word_1_28' title='bbox 1161 1068 1300 1150; x_wconf 87' lang='lat' dir='ltr'>„peritos</span> <span class='ocrx_word' id='word_1_29' title='bbox 1325 1065 1517 1130; x_wconf 90' lang='lat' dir='ltr'>militarium</span> <span class='ocrx_word' id='word_1_30' title='bbox 1540 1067 1723 1129; x_wconf 90' lang='lat' dir='ltr'>animorum</span> 
     </span>
     <span class='ocr_line' id='line_1_5' title="bbox 526 1168 1723 1256; baseline 0.001 -23"><span class='ocrx_word' id='word_1_31' title='bbox 526 1170 660 1254; x_wconf 90' lang='lat' dir='ltr'>ideoque</span> <span class='ocrx_word' id='word_1_32' title='bbox 683 1190 801 1255; x_wconf 82' lang='lat' dir='ltr'>gnaros</span> <span class='ocrx_word' id='word_1_33' title='bbox 820 1169 1038 1256; x_wconf 82' lang='lat' dir='ltr'>periculorum</span> <span class='ocrx_word' id='word_1_34' title='bbox 1059 1192 1077 1235; x_wconf 88' lang='lat' dir='ltr'>a</span> <span class='ocrx_word' id='word_1_35' title='bbox 1097 1168 1258 1234; x_wconf 83' lang='lat' dir='ltr'>militibus</span> <span class='ocrx_word' id='word_1_36' title='bbox 1279 1170 1502 1235; x_wconf 88' lang='lat' dir='ltr'>instantium&#39;’.</span> <span class='ocrx_word' id='word_1_37' title='bbox 1526 1169 1608 1235; x_wconf 83' lang='lat' dir='ltr'>Tam</span> <span class='ocrx_word' id='word_1_38' title='bbox 1627 1173 1723 1249; x_wconf 90' lang='lat' dir='ltr'>iners,</span> 
     </span>
     <span class='ocr_line' id='line_1_6' title="bbox 526 1275 1723 1362; baseline 0.001 -23"><span class='ocrx_word' id='word_1_39' title='bbox 526 1278 682 1362; x_wconf 81' lang='lat' dir='ltr'>ignavus,</span> <span class='ocrx_word' id='word_1_40' title='bbox 718 1275 937 1340; x_wconf 88' lang='lat' dir='ltr'>somnolentus</span> <span class='ocrx_word' id='word_1_41' title='bbox 972 1276 1069 1341; x_wconf 89' lang='lat' dir='ltr'>homo</span> <span class='ocrx_word' id='word_1_42' title='bbox 1105 1276 1187 1340; x_wconf 81' lang='lat' dir='ltr'>Laco</span> <span class='ocrx_word' id='word_1_43' title='bbox 1222 1282 1290 1341; x_wconf 91' lang='lat' dir='ltr'>erat</span> <span class='ocrx_word' id='word_1_44' title='bbox 1321 1280 1358 1340; x_wconf 88' lang='lat' dir='ltr'>ut</span> <span class='ocrx_word' id='word_1_45' title='bbox 1389 1277 1565 1361; x_wconf 90' lang='lat' dir='ltr'>quidquam</span> <span class='ocrx_word' id='word_1_46' title='bbox 1596 1276 1723 1341; x_wconf 90' lang='lat' dir='ltr'>credere</span> 
     </span>
     <span class='ocr_line' id='line_1_7' title="bbox 527 1380 1722 1468; baseline 0.001 -23"><span class='ocrx_word' id='word_1_47' title='bbox 527 1380 628 1446; x_wconf 91' lang='lat' dir='ltr'>nollet</span> <span class='ocrx_word' id='word_1_48' title='bbox 659 1382 697 1446; x_wconf 92' lang='lat' dir='ltr'>de</span> <span class='ocrx_word' id='word_1_49' title='bbox 729 1381 880 1468; x_wconf 89' lang='lat' dir='ltr'>periculis</span> <span class='ocrx_word' id='word_1_50' title='bbox 911 1403 992 1466; x_wconf 90' lang='lat' dir='ltr'>quae</span> <span class='ocrx_word' id='word_1_51' title='bbox 1023 1385 1057 1445; x_wconf 91' lang='lat' dir='ltr'>in</span> <span class='ocrx_word' id='word_1_52' title='bbox 1088 1384 1200 1446; x_wconf 88' lang='lat' dir='ltr'>castris</span> <span class='ocrx_word' id='word_1_53' title='bbox 1231 1389 1452 1457; x_wconf 86' lang='lat' dir='ltr'>nascerentur;</span> <span class='ocrx_word' id='word_1_54' title='bbox 1484 1390 1556 1445; x_wconf 94' lang='lat' dir='ltr'>tum</span> <span class='ocrx_word' id='word_1_55' title='bbox 1589 1381 1722 1446; x_wconf 92' lang='lat' dir='ltr'>demum</span> 
     </span>
     <span class='ocr_line' id='line_1_8' title="bbox 528 1486 1724 1572; baseline 0 -20"><span class='ocrx_word' id='word_1_56' title='bbox 528 1487 623 1552; x_wconf 89' lang='lat' dir='ltr'>fiebat</span> <span class='ocrx_word' id='word_1_57' title='bbox 653 1488 781 1565; x_wconf 87' lang='lat' dir='ltr'>firmus,</span> <span class='ocrx_word' id='word_1_58' title='bbox 807 1491 908 1552; x_wconf 90' lang='lat' dir='ltr'>immo</span> <span class='ocrx_word' id='word_1_59' title='bbox 933 1486 1048 1552; x_wconf 82' lang='lat' dir='ltr'>stolide</span> <span class='ocrx_word' id='word_1_60' title='bbox 1072 1490 1241 1572; x_wconf 86' lang='lat' dir='ltr'>pervicax,</span> <span class='ocrx_word' id='word_1_61' title='bbox 1266 1509 1339 1551; x_wconf 92' lang='lat' dir='ltr'>cum</span> <span class='ocrx_word' id='word_1_62' title='bbox 1364 1487 1500 1572; x_wconf 88' lang='lat' dir='ltr'>aliquis,</span> <span class='ocrx_word' id='word_1_63' title='bbox 1524 1489 1577 1551; x_wconf 92' lang='lat' dir='ltr'>cui</span> <span class='ocrx_word' id='word_1_64' title='bbox 1601 1487 1724 1552; x_wconf 81' lang='lat' dir='ltr'>milites</span> 
     </span>
     <span class='ocr_line' id='line_1_9' title="bbox 528 1591 1586 1670; baseline 0 -14"><span class='ocrx_word' id='word_1_65' title='bbox 528 1597 666 1658; x_wconf 89' lang='lat' dir='ltr'>notiores</span> <span class='ocrx_word' id='word_1_66' title='bbox 690 1601 811 1670; x_wconf 91' lang='lat' dir='ltr'>essent,</span> <span class='ocrx_word' id='word_1_67' title='bbox 837 1615 965 1658; x_wconf 89' lang='lat' dir='ltr'>monere</span> <span class='ocrx_word' id='word_1_68' title='bbox 989 1615 1064 1657; x_wconf 92' lang='lat' dir='ltr'>eum</span> <span class='ocrx_word' id='word_1_69' title='bbox 1089 1601 1119 1658; x_wconf 91' lang='lat' dir='ltr'>et</span> <span class='ocrx_word' id='word_1_70' title='bbox 1144 1591 1278 1658; x_wconf 88' lang='lat' dir='ltr'>meliora</span> <span class='ocrx_word' id='word_1_71' title='bbox 1300 1592 1410 1657; x_wconf 89' lang='lat' dir='ltr'>docere</span> <span class='ocrx_word' id='word_1_72' title='bbox 1433 1593 1586 1657; x_wconf 89' lang='lat' dir='ltr'>studeret.</span> 
     </span>
    </p>

    <p class='ocr_par' dir='ltr' id='par_1_3' title="bbox 525 1698 1724 2418">
     <span class='ocr_line' id='line_1_10' title="bbox 573 1698 1724 1785; baseline 0.002 -22"><span class='ocrx_word' id='word_1_73' title='bbox 573 1700 615 1764; x_wconf 88' lang='lat' dir='ltr'>H.</span> <span class='ocrx_word' id='word_1_74' title='bbox 639 1699 664 1776; x_wconf 87' lang='lat' dir='ltr'>l,</span> <span class='ocrx_word' id='word_1_75' title='bbox 686 1699 739 1764; x_wconf 80' lang='lat'>34.</span> <span class='ocrx_word' id='word_1_76' title='bbox 763 1701 983 1776; x_wconf 85' lang='lat' dir='ltr'>„Praemissus</span> <span class='ocrx_word' id='word_1_77' title='bbox 1005 1706 1111 1764; x_wconf 89' lang='lat' dir='ltr'>tamen</span> <span class='ocrx_word' id='word_1_78' title='bbox 1131 1702 1166 1762; x_wconf 90' lang='lat' dir='ltr'>in</span> <span class='ocrx_word' id='word_1_79' title='bbox 1187 1705 1289 1762; x_wconf 88' lang='lat' dir='ltr'>castra</span> <span class='ocrx_word' id='word_1_80' title='bbox 1308 1698 1382 1763; x_wconf 89' lang='lat' dir='ltr'>Piso</span> <span class='ocrx_word' id='word_1_81' title='bbox 1403 1705 1440 1763; x_wconf 92' lang='lat' dir='ltr'>ut</span> <span class='ocrx_word' id='word_1_82' title='bbox 1459 1701 1586 1762; x_wconf 87' lang='lat' dir='ltr'>iuvenis</span> <span class='ocrx_word' id='word_1_83' title='bbox 1606 1720 1724 1785; x_wconf 84' lang='lat' dir='ltr'>magno</span> 
     </span>
     <span class='ocr_line' id='line_1_11' title="bbox 525 1802 1722 1888; baseline 0.001 -19"><span class='ocrx_word' id='word_1_84' title='bbox 525 1808 668 1881; x_wconf 91' lang='lat' dir='ltr'>nomine,</span> <span class='ocrx_word' id='word_1_85' title='bbox 701 1808 819 1869; x_wconf 88' lang='lat' dir='ltr'>recenti</span> <span class='ocrx_word' id='word_1_86' title='bbox 851 1805 959 1869; x_wconf 86' lang='lat' dir='ltr'>favore</span> <span class='ocrx_word' id='word_1_87' title='bbox 992 1812 1024 1868; x_wconf 91' lang='lat' dir='ltr'>et</span> <span class='ocrx_word' id='word_1_88' title='bbox 1054 1805 1198 1868; x_wconf 88' lang='lat' dir='ltr'>infensus</span> <span class='ocrx_word' id='word_1_89' title='bbox 1222 1802 1296 1869; x_wconf 81' lang='lat' dir='ltr'>Tito</span> <span class='ocrx_word' id='word_1_90' title='bbox 1320 1803 1431 1882; x_wconf 87' lang='lat' dir='ltr'>Vinio,</span> <span class='ocrx_word' id='word_1_91' title='bbox 1457 1825 1513 1868; x_wconf 92' lang='lat' dir='ltr'>seu</span> <span class='ocrx_word' id='word_1_92' title='bbox 1537 1806 1614 1888; x_wconf 91' lang='lat' dir='ltr'>quia</span> <span class='ocrx_word' id='word_1_93' title='bbox 1637 1812 1722 1882; x_wconf 90' lang='lat' dir='ltr'>erat,</span> 
     </span>
     <span class='ocr_line' id='line_1_12' title="bbox 526 1908 1723 1994; baseline 0 -19"><span class='ocrx_word' id='word_1_94' title='bbox 526 1932 582 1975; x_wconf 91' lang='lat' dir='ltr'>seu</span> <span class='ocrx_word' id='word_1_95' title='bbox 607 1913 682 1994; x_wconf 90' lang='lat' dir='ltr'>quia</span> <span class='ocrx_word' id='word_1_96' title='bbox 705 1913 778 1974; x_wconf 90' lang='lat' dir='ltr'>irati</span> <span class='ocrx_word' id='word_1_97' title='bbox 801 1914 848 1974; x_wconf 89' lang='lat' dir='ltr'>ita</span> <span class='ocrx_word' id='word_1_98' title='bbox 872 1910 1034 1986; x_wconf 87' lang='lat' dir='ltr'>volebant;</span> <span class='ocrx_word' id='word_1_99' title='bbox 1057 1917 1088 1974; x_wconf 90' lang='lat' dir='ltr'>et</span> <span class='ocrx_word' id='word_1_100' title='bbox 1109 1908 1234 1974; x_wconf 84' lang='lat' dir='ltr'>facilius</span> <span class='ocrx_word' id='word_1_101' title='bbox 1254 1910 1292 1975; x_wconf 93' lang='lat' dir='ltr'>de</span> <span class='ocrx_word' id='word_1_102' title='bbox 1313 1910 1384 1975; x_wconf 91' lang='lat' dir='ltr'>odio</span> <span class='ocrx_word' id='word_1_103' title='bbox 1404 1910 1577 1975; x_wconf 90' lang='lat' dir='ltr'>creditur’&#39;.</span> <span class='ocrx_word' id='word_1_104' title='bbox 1599 1909 1723 1975; x_wconf 90' lang='lat' dir='ltr'>Ultima</span> 
     </span>
     <span class='ocr_line' id='line_1_13' title="bbox 527 2013 1722 2102; baseline 0.001 -23"><span class='ocrx_word' id='word_1_105' title='bbox 527 2014 681 2079; x_wconf 84' lang='lat' dir='ltr'>vocabula</span> <span class='ocrx_word' id='word_1_106' title='bbox 712 2022 741 2078; x_wconf 80' lang='lat' dir='ltr'>et</span> <span class='ocrx_word' id='word_1_107' title='bbox 764 2015 901 2098; x_wconf 75' lang='lat' dir='ltr'>facilior</span> <span class='ocrx_word' id='word_1_108' title='bbox 1025 2015 1159 2078; x_wconf 77' lang='lat' dir='ltr'>creditur</span> <span class='ocrx_word' id='word_1_109' title='bbox 1188 2038 1249 2079; x_wconf 89' lang='lat' dir='ltr'>non</span> <span class='ocrx_word' id='word_1_110' title='bbox 1282 2015 1321 2079; x_wconf 91' lang='lat' dir='ltr'>ad</span> <span class='ocrx_word' id='word_1_111' title='bbox 1353 2015 1502 2079; x_wconf 88' lang='lat' dir='ltr'>Pisonem</span> <span class='ocrx_word' id='word_1_112' title='bbox 1530 2013 1722 2102; x_wconf 84' lang='lat' dir='ltr'>Viniumque</span> 
     </span>
     <span class='ocr_line' id='line_1_14' title="bbox 527 2120 1721 2206; baseline 0 -20"><span class='ocrx_word' id='word_1_113' title='bbox 527 2122 608 2186; x_wconf 88' lang='lat' dir='ltr'>solos</span> <span class='ocrx_word' id='word_1_114' title='bbox 640 2124 819 2206; x_wconf 90' lang='lat' dir='ltr'>pertinent,</span> <span class='ocrx_word' id='word_1_115' title='bbox 850 2122 904 2186; x_wconf 90' lang='lat' dir='ltr'>sed</span> <span class='ocrx_word' id='word_1_116' title='bbox 936 2121 1119 2206; x_wconf 83' lang='lat' dir='ltr'>generalem</span> <span class='ocrx_word' id='word_1_117' title='bbox 1150 2120 1309 2206; x_wconf 87' lang='lat' dir='ltr'>quandam</span> <span class='ocrx_word' id='word_1_118' title='bbox 1339 2121 1481 2185; x_wconf 90' lang='lat' dir='ltr'>efficiunt</span> <span class='ocrx_word' id='word_1_119' title='bbox 1512 2125 1721 2186; x_wconf 88' lang='lat' dir='ltr'>sententiam:</span> 
     </span>
     <span class='ocr_line' id='line_1_15' title="bbox 528 2225 1721 2312; baseline -0.002 -20"><span class='ocrx_word' id='word_1_120' title='bbox 528 2231 658 2292; x_wconf 89' lang='lat' dir='ltr'>omnino</span> <span class='ocrx_word' id='word_1_121' title='bbox 693 2249 768 2292; x_wconf 87' lang='lat' dir='ltr'>oum</span> <span class='ocrx_word' id='word_1_122' title='bbox 802 2227 841 2290; x_wconf 91' lang='lat' dir='ltr'>ad</span> <span class='ocrx_word' id='word_1_123' title='bbox 878 2227 989 2291; x_wconf 92' lang='lat' dir='ltr'>odium</span> <span class='ocrx_word' id='word_1_124' title='bbox 1026 2234 1229 2312; x_wconf 87' lang='lat' dir='ltr'>provocatur,</span> <span class='ocrx_word' id='word_1_125' title='bbox 1265 2225 1392 2291; x_wconf 83' lang='lat' dir='ltr'>facilius</span> <span class='ocrx_word' id='word_1_126' title='bbox 1423 2227 1498 2291; x_wconf 90' lang='lat' dir='ltr'>huic</span> <span class='ocrx_word' id='word_1_127' title='bbox 1529 2235 1721 2312; x_wconf 81' lang='lat' dir='ltr'>argumento</span> 
     </span>
     <span class='ocr_line' id='line_1_16' title="bbox 529 2333 1427 2418; baseline -0.002 -20"><span class='ocrx_word' id='word_1_128' title='bbox 529 2355 625 2418; x_wconf 92' lang='lat' dir='ltr'>quam</span> <span class='ocrx_word' id='word_1_129' title='bbox 650 2337 762 2397; x_wconf 88' lang='lat' dir='ltr'>ceteris</span> <span class='ocrx_word' id='word_1_130' title='bbox 786 2334 934 2397; x_wconf 88' lang='lat' dir='ltr'>omnibus</span> <span class='ocrx_word' id='word_1_131' title='bbox 958 2353 1068 2396; x_wconf 89' lang='lat' dir='ltr'>aurem</span> <span class='ocrx_word' id='word_1_132' title='bbox 1093 2333 1245 2416; x_wconf 89' lang='lat' dir='ltr'>praebent</span> <span class='ocrx_word' id='word_1_133' title='bbox 1270 2334 1427 2396; x_wconf 91' lang='lat' dir='ltr'>homines.</span> 
     </span>
    </p>

    <p class='ocr_par' dir='ltr' id='par_1_4' title="bbox 528 2437 1722 2833">
     <span class='ocr_line' id='line_1_17' title="bbox 576 2437 1721 2523; baseline -0.001 -20"><span class='ocrx_word' id='word_1_134' title='bbox 576 2439 676 2503; x_wconf 80' lang='lat' dir='ltr'>Aliter</span> <span class='ocrx_word' id='word_1_135' title='bbox 699 2461 731 2504; x_wconf 92' lang='lat' dir='ltr'>se</span> <span class='ocrx_word' id='word_1_136' title='bbox 756 2460 805 2503; x_wconf 93' lang='lat' dir='ltr'>res</span> <span class='ocrx_word' id='word_1_137' title='bbox 829 2440 926 2503; x_wconf 92' lang='lat' dir='ltr'>babet</span> <span class='ocrx_word' id='word_1_138' title='bbox 946 2442 978 2502; x_wconf 90' lang='lat' dir='ltr'>in</span> <span class='ocrx_word' id='word_1_139' title='bbox 1000 2437 1164 2502; x_wconf 86' lang='lat' dir='ltr'>vocabulis</span> <span class='ocrx_word' id='word_1_140' title='bbox 1185 2438 1393 2522; x_wconf 89' lang='lat' dir='ltr'>quibusdam,</span> <span class='ocrx_word' id='word_1_141' title='bbox 1415 2437 1571 2523; x_wconf 89' lang='lat' dir='ltr'>quaealio</span> <span class='ocrx_word' id='word_1_142' title='bbox 1585 2439 1721 2523; x_wconf 91' lang='lat' dir='ltr'>quodam</span> 
     </span>
     <span class='ocr_line' id='line_1_18' title="bbox 528 2543 1720 2628; baseline -0.001 -19"><span class='ocrx_word' id='word_1_143' title='bbox 528 2546 597 2610; x_wconf 92' lang='lat' dir='ltr'>loco</span> <span class='ocrx_word' id='word_1_144' title='bbox 629 2544 790 2609; x_wconf 87' lang='lat' dir='ltr'>subsimili</span> <span class='ocrx_word' id='word_1_145' title='bbox 821 2547 943 2609; x_wconf 89' lang='lat' dir='ltr'>ratione</span> <span class='ocrx_word' id='word_1_146' title='bbox 974 2543 1237 2628; x_wconf 88' lang='lat' dir='ltr'>praecedentibus</span> <span class='ocrx_word' id='word_1_147' title='bbox 1268 2552 1344 2607; x_wconf 91' lang='lat' dir='ltr'>sunt</span> <span class='ocrx_word' id='word_1_148' title='bbox 1376 2565 1506 2608; x_wconf 82' lang='lat' dir='ltr'>annexa.</span> <span class='ocrx_word' id='word_1_149' title='bbox 1540 2544 1583 2608; x_wconf 88' lang='lat' dir='ltr'>H.</span> <span class='ocrx_word' id='word_1_150' title='bbox 1617 2545 1643 2622; x_wconf 87' lang='grc' dir='ltr'>Ι,</span> <span class='ocrx_word' id='word_1_151' title='bbox 1670 2545 1720 2608; x_wconf 85' lang='grc'>41.</span> 
     </span>
     <span class='ocr_line' id='line_1_19' title="bbox 528 2649 1722 2736; baseline 0.002 -22"><span class='ocrx_word' id='word_1_152' title='bbox 528 2651 702 2736; x_wconf 88' lang='lat' dir='ltr'>Postquam</span> <span class='ocrx_word' id='word_1_153' title='bbox 722 2650 851 2715; x_wconf 81' lang='lat' dir='ltr'>Tacitus</span> <span class='ocrx_word' id='word_1_154' title='bbox 873 2653 1015 2714; x_wconf 88' lang='lat' dir='ltr'>narravit</span> <span class='ocrx_word' id='word_1_155' title='bbox 1035 2653 1139 2715; x_wconf 88' lang='lat' dir='ltr'>varios</span> <span class='ocrx_word' id='word_1_156' title='bbox 1159 2671 1226 2714; x_wconf 86' lang='lat' dir='ltr'>esse</span> <span class='ocrx_word' id='word_1_157' title='bbox 1246 2649 1284 2713; x_wconf 90' lang='lat' dir='ltr'>de</span> <span class='ocrx_word' id='word_1_158' title='bbox 1305 2653 1463 2734; x_wconf 90' lang='lat' dir='ltr'>supremis</span> <span class='ocrx_word' id='word_1_159' title='bbox 1484 2649 1605 2715; x_wconf 86' lang='lat' dir='ltr'>Galbae</span> <span class='ocrx_word' id='word_1_160' title='bbox 1617 2653 1722 2716; x_wconf 84' lang='lat' dir='ltr'>verbis</span> 
     </span>
     <span class='ocr_line' id='line_1_20' title="bbox 528 2756 923 2833; baseline 0 -13"><span class='ocrx_word' id='word_1_161' title='bbox 528 2778 690 2833; x_wconf 88' lang='lat' dir='ltr'>rumores,</span> <span class='ocrx_word' id='word_1_162' title='bbox 716 2758 793 2821; x_wconf 89' lang='lat' dir='ltr'>haee</span> <span class='ocrx_word' id='word_1_163' title='bbox 817 2756 923 2820; x_wconf 87' lang='lat' dir='ltr'>addit:</span> 
     </span>
    </p>

    <p class='ocr_par' dir='ltr' id='par_1_5' title="bbox 575 2860 1341 2946">
     <span class='ocr_line' id='line_1_21' title="bbox 575 2860 1341 2946; baseline -0.001 -21"><span class='ocrx_word' id='word_1_164' title='bbox 575 2884 659 2939; x_wconf 87' lang='lat' dir='ltr'>„non</span> <span class='ocrx_word' id='word_1_165' title='bbox 682 2862 830 2926; x_wconf 88' lang='lat' dir='ltr'>interfuit</span> <span class='ocrx_word' id='word_1_166' title='bbox 852 2861 1065 2926; x_wconf 89' lang='lat' dir='ltr'>occidentium</span> <span class='ocrx_word' id='word_1_167' title='bbox 1089 2862 1166 2946; x_wconf 91' lang='lat' dir='ltr'>quid</span> <span class='ocrx_word' id='word_1_168' title='bbox 1191 2860 1341 2925; x_wconf 87' lang='lat' dir='ltr'>diceret.&#39;&#39;</span> 
     </span>
    </p>

    <p class='ocr_par' dir='ltr' id='par_1_6' title="bbox 526 2966 1723 4323">
     <span class='ocr_line' id='line_1_22' title="bbox 574 2966 1721 3043; baseline 0 -11"><span class='ocrx_word' id='word_1_169' title='bbox 574 2969 731 3043; x_wconf 88' lang='lat' dir='ltr'>Putasne,</span> <span class='ocrx_word' id='word_1_170' title='bbox 765 2966 987 3032; x_wconf 89' lang='lat' dir='ltr'>tantummodo</span> <span class='ocrx_word' id='word_1_171' title='bbox 1011 2968 1178 3031; x_wconf 73' lang='lat' dir='ltr'>exornandi</span> <span class='ocrx_word' id='word_1_172' title='bbox 1201 2989 1295 3031; x_wconf 89' lang='lat' dir='ltr'>causa</span> <span class='ocrx_word' id='word_1_173' title='bbox 1318 2967 1474 3032; x_wconf 87' lang='lat' dir='ltr'>vocabula</span> <span class='ocrx_word' id='word_1_174' title='bbox 1497 2967 1554 3034; x_wconf 91' lang='lat' dir='ltr'>illa</span> <span class='ocrx_word' id='word_1_175' title='bbox 1578 2966 1721 3034; x_wconf 76' lang='lat' dir='ltr'>adiecta?</span> 
     </span>
     <span class='ocr_line' id='line_1_23' title="bbox 527 3072 1722 3157; baseline 0 -18"><span class='ocrx_word' id='word_1_176' title='bbox 527 3075 598 3139; x_wconf 95' lang='lat' dir='ltr'>Non</span> <span class='ocrx_word' id='word_1_177' title='bbox 631 3094 690 3157; x_wconf 82' lang='lat' dir='ltr'>ego</span> <span class='ocrx_word' id='word_1_178' title='bbox 699 3096 706 3152; x_wconf 91' lang='lat'>;</span> <span class='ocrx_word' id='word_1_179' title='bbox 740 3095 814 3137; x_wconf 86' lang='lat' dir='ltr'>nam</span> <span class='ocrx_word' id='word_1_180' title='bbox 847 3095 908 3137; x_wconf 92' lang='lat' dir='ltr'>non</span> <span class='ocrx_word' id='word_1_181' title='bbox 939 3072 1101 3137; x_wconf 81' lang='lat' dir='ltr'>Taciteam</span> <span class='ocrx_word' id='word_1_182' title='bbox 1134 3073 1274 3138; x_wconf 90' lang='lat' dir='ltr'>indolem</span> <span class='ocrx_word' id='word_1_183' title='bbox 1300 3073 1456 3138; x_wconf 88' lang='lat' dir='ltr'>eiusmodi</span> <span class='ocrx_word' id='word_1_184' title='bbox 1480 3074 1612 3139; x_wconf 87' lang='lat' dir='ltr'>referret</span> <span class='ocrx_word' id='word_1_185' title='bbox 1636 3096 1722 3140; x_wconf 91' lang='lat' dir='ltr'>orna·</span> 
     </span>
     <span class='ocr_line' id='line_1_24' title="bbox 527 3178 1723 3265; baseline 0.003 -23"><span class='ocrx_word' id='word_1_186' title='bbox 527 3188 690 3255; x_wconf 89' lang='lat' dir='ltr'>mentum;</span> <span class='ocrx_word' id='word_1_187' title='bbox 724 3181 769 3242; x_wconf 89' lang='lat' dir='ltr'>sic</span> <span class='ocrx_word' id='word_1_188' title='bbox 792 3178 938 3263; x_wconf 90' lang='lat' dir='ltr'>loquitur</span> <span class='ocrx_word' id='word_1_189' title='bbox 961 3181 1014 3242; x_wconf 92' lang='lat' dir='ltr'>cui</span> <span class='ocrx_word' id='word_1_190' title='bbox 1040 3178 1137 3243; x_wconf 93' lang='lat' dir='ltr'>molle</span> <span class='ocrx_word' id='word_1_191' title='bbox 1161 3187 1208 3242; x_wconf 90' lang='lat' dir='ltr'>est</span> <span class='ocrx_word' id='word_1_192' title='bbox 1232 3188 1342 3262; x_wconf 88' lang='lat' dir='ltr'>pectus</span> <span class='ocrx_word' id='word_1_193' title='bbox 1366 3186 1398 3242; x_wconf 92' lang='lat' dir='ltr'>et</span> <span class='ocrx_word' id='word_1_194' title='bbox 1421 3178 1459 3242; x_wconf 90' lang='lat' dir='ltr'>ad</span> <span class='ocrx_word' id='word_1_195' title='bbox 1483 3178 1634 3243; x_wconf 84' lang='lat' dir='ltr'>lacrimas</span> <span class='ocrx_word' id='word_1_196' title='bbox 1658 3202 1723 3265; x_wconf 83' lang='lat' dir='ltr'>pro</span> 
     </span>
     <span class='ocr_line' id='line_1_25' title="bbox 526 3283 1722 3368; baseline -0.001 -19"><span class='ocrx_word' id='word_1_197' title='bbox 526 3308 622 3360; x_wconf 90' lang='lat' dir='ltr'>num,</span> <span class='ocrx_word' id='word_1_198' title='bbox 658 3306 718 3349; x_wconf 92' lang='lat' dir='ltr'>non</span> <span class='ocrx_word' id='word_1_199' title='bbox 755 3287 805 3348; x_wconf 90' lang='lat' dir='ltr'>vir</span> <span class='ocrx_word' id='word_1_200' title='bbox 840 3285 931 3348; x_wconf 90' lang='lat' dir='ltr'>fortis</span> <span class='ocrx_word' id='word_1_201' title='bbox 962 3284 1122 3368; x_wconf 86' lang='lat' dir='ltr'>pauloque</span> <span class='ocrx_word' id='word_1_202' title='bbox 1155 3285 1274 3361; x_wconf 89' lang='lat' dir='ltr'>durior,</span> <span class='ocrx_word' id='word_1_203' title='bbox 1307 3283 1410 3368; x_wconf 88' lang='lat' dir='ltr'>qualis</span> <span class='ocrx_word' id='word_1_204' title='bbox 1443 3292 1491 3348; x_wconf 89' lang='lat' dir='ltr'>est</span> <span class='ocrx_word' id='word_1_205' title='bbox 1514 3284 1647 3349; x_wconf 75' lang='lat' dir='ltr'>Tacitus</span> <span class='ocrx_word' id='word_1_206' title='bbox 1669 3293 1722 3350; x_wconf 94' lang='lat' dir='ltr'>aut</span> 
     </span>
     <span class='ocr_line' id='line_1_26' title="bbox 527 3388 1723 3474; baseline -0.001 -19"><span class='ocrx_word' id='word_1_207' title='bbox 527 3399 612 3455; x_wconf 91' lang='lat' dir='ltr'>certe</span> <span class='ocrx_word' id='word_1_208' title='bbox 644 3389 746 3453; x_wconf 79' lang='lat' dir='ltr'>viden</span> <span class='ocrx_word' id='word_1_209' title='bbox 771 3388 852 3454; x_wconf 87' lang='lat' dir='ltr'>vult.</span> <span class='ocrx_word' id='word_1_210' title='bbox 879 3390 950 3454; x_wconf 90' lang='lat' dir='ltr'>Non</span> <span class='ocrx_word' id='word_1_211' title='bbox 974 3390 1190 3454; x_wconf 88' lang='lat' dir='ltr'>misericordia</span> <span class='ocrx_word' id='word_1_212' title='bbox 1216 3390 1289 3453; x_wconf 92' lang='lat' dir='ltr'>haec</span> <span class='ocrx_word' id='word_1_213' title='bbox 1315 3393 1498 3474; x_wconf 87' lang='lat' dir='ltr'>provocavit</span> <span class='ocrx_word' id='word_1_214' title='bbox 1522 3391 1638 3467; x_wconf 90' lang='lat' dir='ltr'>verba,</span> <span class='ocrx_word' id='word_1_215' title='bbox 1664 3414 1723 3456; x_wconf 90' lang='lat' dir='ltr'>uon</span> 
     </span>
     <span class='ocr_line' id='line_1_27' title="bbox 528 3493 1723 3580; baseline 0 -19"><span class='ocrx_word' id='word_1_216' title='bbox 528 3498 580 3562; x_wconf 89' lang='lat' dir='ltr'>bic</span> <span class='ocrx_word' id='word_1_217' title='bbox 606 3496 699 3561; x_wconf 91' lang='lat' dir='ltr'>deflet</span> <span class='ocrx_word' id='word_1_218' title='bbox 722 3495 837 3579; x_wconf 90' lang='lat' dir='ltr'>aliquis</span> <span class='ocrx_word' id='word_1_219' title='bbox 861 3498 1010 3560; x_wconf 88' lang='lat' dir='ltr'>miseram</span> <span class='ocrx_word' id='word_1_220' title='bbox 1036 3493 1157 3560; x_wconf 86' lang='lat' dir='ltr'>Galbae</span> <span class='ocrx_word' id='word_1_221' title='bbox 1181 3503 1317 3571; x_wconf 90' lang='lat' dir='ltr'>sortem,</span> <span class='ocrx_word' id='word_1_222' title='bbox 1349 3499 1405 3580; x_wconf 90' lang='lat' dir='ltr'>qui</span> <span class='ocrx_word' id='word_1_223' title='bbox 1429 3517 1524 3560; x_wconf 84' lang='lat' dir='ltr'>senex</span> <span class='ocrx_word' id='word_1_224' title='bbox 1548 3498 1615 3560; x_wconf 92' lang='lat' dir='ltr'>iam</span> <span class='ocrx_word' id='word_1_225' title='bbox 1640 3497 1723 3561; x_wconf 91' lang='lat' dir='ltr'>infir·</span> 
     </span>
     <span class='ocr_line' id='line_1_28' title="bbox 528 3602 1722 3686; baseline -0.001 -19"><span class='ocrx_word' id='word_1_226' title='bbox 528 3624 601 3667; x_wconf 92' lang='lat' dir='ltr'>mus</span> <span class='ocrx_word' id='word_1_227' title='bbox 625 3609 692 3665; x_wconf 91' lang='lat' dir='ltr'>tam</span> <span class='ocrx_word' id='word_1_228' title='bbox 712 3602 923 3666; x_wconf 80' lang='lat' dir='ltr'>inexorabiles</span> <span class='ocrx_word' id='word_1_229' title='bbox 943 3610 1055 3665; x_wconf 89' lang='lat' dir='ltr'>nactus</span> <span class='ocrx_word' id='word_1_230' title='bbox 1075 3605 1118 3665; x_wconf 89' lang='lat' dir='ltr'>sit</span> <span class='ocrx_word' id='word_1_231' title='bbox 1138 3602 1353 3683; x_wconf 87' lang='lat' dir='ltr'>adversarios;</span> <span class='ocrx_word' id='word_1_232' title='bbox 1378 3602 1547 3666; x_wconf 87' lang='lat' dir='ltr'>historicus</span> <span class='ocrx_word' id='word_1_233' title='bbox 1567 3602 1722 3686; x_wconf 89' lang='lat' dir='ltr'>loquitur,</span> 
     </span>
     <span class='ocr_line' id='line_1_29' title="bbox 528 3705 1723 3794; baseline 0 -22"><span class='ocrx_word' id='word_1_234' title='bbox 528 3712 581 3793; x_wconf 93' lang='lat' dir='ltr'>qui</span> <span class='ocrx_word' id='word_1_235' title='bbox 606 3729 663 3772; x_wconf 91' lang='lat' dir='ltr'>cur</span> <span class='ocrx_word' id='word_1_236' title='bbox 687 3715 752 3771; x_wconf 87' lang='lat' dir='ltr'>tam</span> <span class='ocrx_word' id='word_1_237' title='bbox 777 3728 891 3791; x_wconf 90' lang='lat' dir='ltr'>parum</span> <span class='ocrx_word' id='word_1_238' title='bbox 917 3713 1038 3772; x_wconf 90' lang='lat' dir='ltr'>constet</span> <span class='ocrx_word' id='word_1_239' title='bbox 1060 3708 1098 3771; x_wconf 90' lang='lat' dir='ltr'>de</span> <span class='ocrx_word' id='word_1_240' title='bbox 1119 3710 1278 3794; x_wconf 89' lang='lat' dir='ltr'>supremis</span> <span class='ocrx_word' id='word_1_241' title='bbox 1299 3705 1419 3772; x_wconf 82' lang='lat' dir='ltr'>Galbae</span> <span class='ocrx_word' id='word_1_242' title='bbox 1440 3708 1545 3771; x_wconf 90' lang='lat' dir='ltr'>verbis</span> <span class='ocrx_word' id='word_1_243' title='bbox 1566 3712 1723 3772; x_wconf 88' lang='lat' dir='ltr'>rationem</span> 
     </span>
     <span class='ocr_line' id='line_1_30' title="bbox 528 3811 1723 3898; baseline 0 -20"><span class='ocrx_word' id='word_1_244' title='bbox 528 3815 641 3879; x_wconf 89' lang='lat' dir='ltr'>reddit.</span> <span class='ocrx_word' id='word_1_245' title='bbox 668 3814 755 3877; x_wconf 89' lang='lat' dir='ltr'>Haec</span> <span class='ocrx_word' id='word_1_246' title='bbox 779 3817 917 3877; x_wconf 91' lang='lat' dir='ltr'>enimin</span> <span class='ocrx_word' id='word_1_247' title='bbox 939 3816 1047 3898; x_wconf 87' lang='lat' dir='ltr'>paucis</span> <span class='ocrx_word' id='word_1_248' title='bbox 1068 3811 1134 3876; x_wconf 91' lang='lat' dir='ltr'>illis</span> <span class='ocrx_word' id='word_1_249' title='bbox 1154 3817 1262 3877; x_wconf 89' lang='lat' dir='ltr'>insunt</span> <span class='ocrx_word' id='word_1_250' title='bbox 1286 3813 1461 3878; x_wconf 84' lang='lat' dir='ltr'>vocabulis:</span> <span class='ocrx_word' id='word_1_251' title='bbox 1485 3815 1723 3890; x_wconf 81' lang='lat' dir='ltr'>„audireverba</span> 
     </span>
     <span class='ocr_line' id='line_1_31' title="bbox 526 3915 1723 4004; baseline -0.002 -20"><span class='ocrx_word' id='word_1_252' title='bbox 526 3920 582 3984; x_wconf 92' lang='lat' dir='ltr'>illa</span> <span class='ocrx_word' id='word_1_253' title='bbox 614 3926 738 4003; x_wconf 87' lang='lat' dir='ltr'>praeter</span> <span class='ocrx_word' id='word_1_254' title='bbox 767 3921 871 4001; x_wconf 86' lang='lat' dir='ltr'>ipsos,</span> <span class='ocrx_word' id='word_1_255' title='bbox 911 3921 966 4002; x_wconf 93' lang='lat' dir='ltr'>qui</span> <span class='ocrx_word' id='word_1_256' title='bbox 999 3915 1137 3982; x_wconf 85' lang='lat' dir='ltr'>Galbam</span> <span class='ocrx_word' id='word_1_257' title='bbox 1171 3918 1371 3993; x_wconf 89' lang='lat' dir='ltr'>occiderunt,</span> <span class='ocrx_word' id='word_1_258' title='bbox 1403 3940 1496 3983; x_wconf 92' lang='lat' dir='ltr'>nemo</span> <span class='ocrx_word' id='word_1_259' title='bbox 1528 3924 1655 4004; x_wconf 88' lang='lat' dir='ltr'>potuit;</span> <span class='ocrx_word' id='word_1_260' title='bbox 1692 3927 1723 3983; x_wconf 92' lang='lat' dir='ltr'>at</span> 
     </span>
     <span class='ocr_line' id='line_1_32' title="bbox 528 4024 1723 4109; baseline -0.001 -19"><span class='ocrx_word' id='word_1_261' title='bbox 528 4025 661 4090; x_wconf 91' lang='lat' dir='ltr'>illorum</span> <span class='ocrx_word' id='word_1_262' title='bbox 693 4046 754 4088; x_wconf 88' lang='lat' dir='ltr'>nou</span> <span class='ocrx_word' id='word_1_263' title='bbox 785 4024 933 4087; x_wconf 90' lang='lat' dir='ltr'>interfuit</span> <span class='ocrx_word' id='word_1_264' title='bbox 964 4024 1040 4108; x_wconf 93' lang='lat' dir='ltr'>quid</span> <span class='ocrx_word' id='word_1_265' title='bbox 1074 4024 1226 4100; x_wconf 89' lang='lat' dir='ltr'>disceret,</span> <span class='ocrx_word' id='word_1_266' title='bbox 1260 4046 1336 4109; x_wconf 81' lang='lat' dir='ltr'>ergo</span> <span class='ocrx_word' id='word_1_267' title='bbox 1360 4033 1468 4108; x_wconf 84' lang='lat' dir='ltr'>postea</span> <span class='ocrx_word' id='word_1_268' title='bbox 1492 4024 1601 4089; x_wconf 89' lang='lat' dir='ltr'>nullus</span> <span class='ocrx_word' id='word_1_269' title='bbox 1627 4025 1666 4089; x_wconf 92' lang='lat' dir='ltr'>de</span> <span class='ocrx_word' id='word_1_270' title='bbox 1688 4046 1723 4089; x_wconf 89' lang='lat' dir='ltr'>ea</span> 
     </span>
     <span class='ocr_line' id='line_1_33' title="bbox 528 4129 1722 4196; baseline 0.001 -1"><span class='ocrx_word' id='word_1_271' title='bbox 528 4154 562 4195; x_wconf 92' lang='lat' dir='ltr'>re</span> <span class='ocrx_word' id='word_1_272' title='bbox 593 4131 725 4194; x_wconf 92' lang='lat' dir='ltr'>idoneus</span> <span class='ocrx_word' id='word_1_273' title='bbox 758 4132 849 4193; x_wconf 86' lang='lat' dir='ltr'>testis</span> <span class='ocrx_word' id='word_1_274' title='bbox 873 4130 1128 4194; x_wconf 86' lang='lat' dir='ltr'>inveniebatur.”</span> <span class='ocrx_word' id='word_1_275' title='bbox 1156 4129 1253 4193; x_wconf 90' lang='lat' dir='ltr'>Unice</span> <span class='ocrx_word' id='word_1_276' title='bbox 1279 4151 1388 4195; x_wconf 90' lang='lat' dir='ltr'>veram</span> <span class='ocrx_word' id='word_1_277' title='bbox 1414 4133 1493 4195; x_wconf 89' lang='lat' dir='ltr'>banc</span> <span class='ocrx_word' id='word_1_278' title='bbox 1516 4152 1583 4195; x_wconf 86' lang='lat' dir='ltr'>esse</span> <span class='ocrx_word' id='word_1_279' title='bbox 1607 4132 1722 4196; x_wconf 92' lang='lat' dir='ltr'>horum</span> 
     </span>
     <span class='ocr_line' id='line_1_34' title="bbox 529 4233 1678 4323; baseline 0 -22"><span class='ocrx_word' id='word_1_280' title='bbox 529 4237 700 4301; x_wconf 90' lang='lat' dir='ltr'>verborum</span> <span class='ocrx_word' id='word_1_281' title='bbox 724 4234 967 4318; x_wconf 82' lang='lat' dir='ltr'>explicationem</span> <span class='ocrx_word' id='word_1_282' title='bbox 992 4233 1044 4298; x_wconf 82' lang='lat' dir='ltr'>vel</span> <span class='ocrx_word' id='word_1_283' title='bbox 1068 4257 1084 4299; x_wconf 92' lang='lat' dir='ltr'>e</span> <span class='ocrx_word' id='word_1_284' title='bbox 1109 4235 1177 4299; x_wconf 88' lang='lat' dir='ltr'>solo</span> <span class='ocrx_word' id='word_1_285' title='bbox 1203 4237 1342 4320; x_wconf 88' lang='lat' dir='ltr'>perfecto</span> <span class='ocrx_word' id='word_1_286' title='bbox 1366 4238 1513 4322; x_wconf 72' lang='lat' dir='ltr'>interfuit</span> <span class='ocrx_word' id='word_1_287' title='bbox 1535 4246 1678 4323; x_wconf 87' lang='lat' dir='ltr'>apparet.</span> 
     </span>
    </p>

    <p class='ocr_par' dir='ltr' id='par_1_7' title="bbox 527 4338 1724 4533">
     <span class='ocr_line' id='line_1_35' title="bbox 573 4338 1724 4425; baseline 0.004 -21"><span class='ocrx_word' id='word_1_288' title='bbox 573 4341 616 4404; x_wconf 90' lang='lat' dir='ltr'>H.</span> <span class='ocrx_word' id='word_1_289' title='bbox 649 4340 671 4412; x_wconf 86' lang='grc' dir='ltr'>Ι,</span> <span class='ocrx_word' id='word_1_290' title='bbox 700 4338 752 4405; x_wconf 83' lang='lat'>72.</span> <span class='ocrx_word' id='word_1_291' title='bbox 791 4340 905 4424; x_wconf 81' lang='lat' dir='ltr'>„Apud</span> <span class='ocrx_word' id='word_1_292' title='bbox 941 4338 1077 4405; x_wconf 90' lang='lat' dir='ltr'>Galbam</span> <span class='ocrx_word' id='word_1_293' title='bbox 1109 4339 1175 4404; x_wconf 80' lang='lat' dir='ltr'>Titi</span> <span class='ocrx_word' id='word_1_294' title='bbox 1209 4340 1295 4405; x_wconf 90' lang='lat' dir='ltr'>Vinii</span> <span class='ocrx_word' id='word_1_295' title='bbox 1325 4345 1468 4425; x_wconf 91' lang='lat' dir='ltr'>potentia</span> <span class='ocrx_word' id='word_1_296' title='bbox 1499 4343 1648 4407; x_wconf 88' lang='lat' dir='ltr'>defensus</span> <span class='ocrx_word' id='word_1_297' title='bbox 1676 4350 1724 4409; x_wconf 87' lang='lat' dir='ltr'>est</span> 
     </span>
     <span class='ocr_line' id='line_1_36' title="bbox 527 4444 1437 4533; baseline -0.001 -22"><span class='ocrx_word' id='word_1_298' title='bbox 527 4444 735 4533; x_wconf 74' lang='lat' dir='ltr'>(Tigellinus)</span> <span class='ocrx_word' id='word_1_299' title='bbox 761 4449 974 4531; x_wconf 81' lang='lat' dir='ltr'>praetexentis</span> <span class='ocrx_word' id='word_1_300' title='bbox 998 4455 1157 4510; x_wconf 87' lang='lat' dir='ltr'>servatam</span> <span class='ocrx_word' id='word_1_301' title='bbox 1182 4447 1220 4509; x_wconf 91' lang='lat' dir='ltr'>ab</span> <span class='ocrx_word' id='word_1_302' title='bbox 1245 4467 1281 4510; x_wconf 89' lang='lat' dir='ltr'>eo</span> <span class='ocrx_word' id='word_1_303' title='bbox 1304 4445 1437 4510; x_wconf 87' lang='lat' dir='ltr'>filiam&#39;&#39;.</span> 
     </span>
    </p>

    <p class='ocr_par' dir='ltr' id='par_1_8' title="bbox 525 4550 1725 4851">
     <span class='ocr_line' id='line_1_37' title="bbox 574 4550 1723 4634; baseline 0.005 -19"><span class='ocrx_word' id='word_1_304' title='bbox 574 4551 623 4615; x_wconf 80' lang='lat' dir='ltr'>Ex</span> <span class='ocrx_word' id='word_1_305' title='bbox 657 4553 736 4634; x_wconf 90' lang='lat' dir='ltr'>ipsis</span> <span class='ocrx_word' id='word_1_306' title='bbox 772 4552 877 4615; x_wconf 86' lang='lat' dir='ltr'>verbis</span> <span class='ocrx_word' id='word_1_307' title='bbox 909 4554 965 4614; x_wconf 84' lang='lat' dir='ltr'>vir</span> <span class='ocrx_word' id='word_1_308' title='bbox 996 4551 1112 4615; x_wconf 81' lang='lat' dir='ltr'>efficias</span> <span class='ocrx_word' id='word_1_309' title='bbox 1143 4550 1181 4615; x_wconf 91' lang='lat' dir='ltr'>de</span> <span class='ocrx_word' id='word_1_310' title='bbox 1214 4550 1374 4617; x_wconf 88' lang='lat' dir='ltr'>Galbaene</span> <span class='ocrx_word' id='word_1_311' title='bbox 1407 4573 1445 4616; x_wconf 93' lang='lat' dir='ltr'>an</span> <span class='ocrx_word' id='word_1_312' title='bbox 1478 4552 1517 4617; x_wconf 89' lang='lat' dir='ltr'>de</span> <span class='ocrx_word' id='word_1_313' title='bbox 1550 4553 1635 4620; x_wconf 91' lang='lat' dir='ltr'>Vinii</span> <span class='ocrx_word' id='word_1_314' title='bbox 1658 4555 1723 4622; x_wconf 87' lang='lat' dir='ltr'>filia</span> 
     </span>
     <span class='ocr_line' id='line_1_38' title="bbox 527 4653 1725 4745; baseline 0.005 -25"><span class='ocrx_word' id='word_1_315' title='bbox 527 4677 632 4721; x_wconf 87' lang='lat' dir='ltr'>sermo</span> <span class='ocrx_word' id='word_1_316' title='bbox 668 4659 726 4733; x_wconf 90' lang='lat' dir='ltr'>sit,</span> <span class='ocrx_word' id='word_1_317' title='bbox 763 4657 817 4721; x_wconf 93' lang='lat' dir='ltr'>sed</span> <span class='ocrx_word' id='word_1_318' title='bbox 849 4653 969 4721; x_wconf 87' lang='lat' dir='ltr'>Galbae</span> <span class='ocrx_word' id='word_1_319' title='bbox 1001 4664 1108 4720; x_wconf 90' lang='lat' dir='ltr'>tamen</span> <span class='ocrx_word' id='word_1_320' title='bbox 1142 4655 1240 4721; x_wconf 88' lang='lat' dir='ltr'>filiam</span> <span class='ocrx_word' id='word_1_321' title='bbox 1271 4658 1446 4743; x_wconf 80' lang='lat' dir='ltr'>significari</span> <span class='ocrx_word' id='word_1_322' title='bbox 1476 4663 1725 4745; x_wconf 88' lang='lat' dir='ltr'>esequentibus</span> 
     </span>
     <span class='ocr_line' id='line_1_39' title="bbox 525 4761 1721 4851; baseline 0.008 -26"><span class='ocrx_word' id='word_1_323' title='bbox 525 4771 656 4847; x_wconf 89' lang='lat' dir='ltr'>apparet</span> <span class='ocrx_word' id='word_1_324' title='bbox 688 4763 810 4838; x_wconf 87' lang='lat' dir='ltr'>verbis,</span> <span class='ocrx_word' id='word_1_325' title='bbox 836 4783 917 4846; x_wconf 87' lang='lat' dir='ltr'>quae</span> <span class='ocrx_word' id='word_1_326' title='bbox 941 4770 973 4826; x_wconf 90' lang='lat' dir='ltr'>et</span> <span class='ocrx_word' id='word_1_327' title='bbox 996 4765 1066 4847; x_wconf 87' lang='lat' dir='ltr'>ipsa</span> <span class='ocrx_word' id='word_1_328' title='bbox 1086 4761 1226 4847; x_wconf 90' lang='lat' dir='ltr'>aliquam</span> <span class='ocrx_word' id='word_1_329' title='bbox 1252 4768 1419 4850; x_wconf 90' lang='lat' dir='ltr'>requirunt</span> <span class='ocrx_word' id='word_1_330' title='bbox 1443 4766 1721 4851; x_wconf 83' lang='lat' dir='ltr'>explanationem:</span> 
     </span>
    </p>
   </div>
   <div class='ocr_carea' id='block_1_3' title="bbox 0 0 2269 5940">
    <p class='ocr_par' dir='ltr' id='par_1_9' title="bbox 0 0 2269 5940">
     <span class='ocr_line' id='line_1_40' title="bbox 0 0 2269 5940; baseline 0 0"><span class='ocrx_word' id='word_1_331' title='bbox 0 0 2269 5940; x_wconf 95' lang='lat' dir='ltr'> </span> 
     </span>
    </p>
   </div>
  </div>
 </body>
</html>
