4525 5950
1002 697 1118 746 mvnvs.
1573 679 1636 744 281

445 863 615 926 variaverit
647 883 702 946 pro
736 868 927 948 argumento
957 862 1065 926 efferre
1094 883 1156 926 non
1188 862 1273 927 licet.
1309 860 1459 929 Ceterum
1485 864 1523 928 de
1545 865 1640 928 verbo

444 966 593 1032 variandi
627 967 711 1052 apud
748 973 895 1032 nostrum
930 967 1087 1032 Riemann
1123 967 1257 1046 (Ebudes
1288 974 1347 1033 etc.
1380 990 1410 1053 p.
1443 969 1523 1048 204)
1553 972 1639 1054 egit,

446 1093 544 1156 quem
568 1093 651 1137 nnus
674 1071 764 1137 locus
787 1072 909 1137 XXIII.
939 1072 1023 1137 13.4
1046 1073 1169 1159 fugisse
1193 1074 1329 1138 videtur.

499 1282 619 1347 XXIII.
647 1282 678 1347 5.
696 1283 754 1348 13:
780 1285 828 1347 bie
850 1284 994 1368 infandis
1010 1291 1117 1366 pastae
1141 1285 1249 1366 apabie,
1273 1307 1345 1368 qaae
1364 1285 1533 1367 cantinpere
1551 1287 1641 1349 etiam

447 1389 542 1471 nesae
564 1390 615 1466 eit,
639 1410 666 1454 e.
680 1411 709 1474 q.
724 1410 749 1453 s.
1262 1472 1267 1480 .

495 1493 675 1578 Aliquando
698 1494 738 1558 ad
763 1492 853 1562 cart.
878 1493 915 1557 V.
943 1493 1071 1559 1218:
1097 1495 1263 1557 Artabazus
1286 1517 1349 1558 cum
1369 1495 1425 1571 bie,
1446 1495 1498 1579 qui
1517 1496 1641 1577 imperio

437 1601 601 1682 parebant,
636 1600 815 1684 Graecisque
844 1599 992 1662 militibus
1024 1599 1207 1663 Parthienen
1232 1601 1364 1682 petebat,
1399 1601 1498 1663 omnia
1528 1601 1641 1664 tutiora

437 1704 669 1787 parricidarum
704 1704 839 1768 contuitu
873 1711 959 1768 ratae
990 1705 1068 1769 haec
1101 1708 1251 1790 ascripsi:
1290 1705 1374 1784 Quid
1409 1705 1640 1791 parricidarum

444 1812 670 1875 contuitus
701 1830 812 1875 nocere
834 1812 979 1896 potnerit
1005 1810 1152 1874 Artabazi
1177 1810 1338 1875 militibus
1361 1833 1424 1876 non
1451 1811 1561 1889 video,
1586 1811 1640 1876 sed

444 1918 554 2001 potius
573 1923 772 1981 contactu
792 1916 997 1980 scribendum
1017 1916 1155 1980 arbitror
1171 1917 1296 2001 (Progr.
1313 1914 1434 2002 Gymn.
1448 1917 1536 1981 Laid.
1554 1915 1640 1981 1894

444 2043 477 2106 p.
504 2020 571 2097 24).
602 2020 738 2108 Bentley
770 2021 850 2086 olim
882 2021 1231 2086 contubernio-
1259 2020 1401 2087 Hedicke
1433 2025 1641 2087 comitatu

444 2129 640 2202 coniecerat,
679 2125 794 2212 Stangl
826 2126 926 2190 edidit
960 2128 1171 2191 convictu.
1211 2126 1315 2191 Locus
1347 2126 1502 2192 Livianus
1533 2148 1640 2193 meam

447 2234 666 2297 coniecturam
698 2232 782 2295 haud
810 2252 925 2316 parum
949 2231 1115 2296 confirmat
1137 2253 1240 2316 neque
1264 2235 1371 2297 minus
1396 2232 1561 2309 Taciteus,
1586 2236 1639 2318 qui

445 2343 498 2401 est
529 2338 562 2399 in
594 2336 681 2401 Hist.
714 2335 754 2401 ΙΙ.
783 2335 842 2400 6οε
873 2338 965 2399 eimab
996 2344 1110 2400 ceterae
1133 2336 1264 2419 bepiaaee
1287 2344 1424 2401 cantata
1447 2345 1476 2401 et
1499 2341 1641 2401 adeam

451 2442 642 2506 Gemanica
673 2442 785 2505 militen
813 2442 934 2506 invidia
957 2443 1063 2506 balbam
1088 2443 1319 2506 meditabantur.
1346 2440 1429 2509 Cum
1453 2446 1642 2527 praesertim

445 2546 570 2612 codices
605 2568 681 2611 mss.
717 2546 888 2631 praebeant
920 2549 1065 2625 contuita,
1098 2569 1160 2612 non
1191 2546 1306 2612 leviter
1336 2550 1369 2611 in
1401 2547 1539 2613 editione
1570 2569 1642 2614 mea

444 2651 601 2718 Curtiene
632 2672 659 2715 a.
692 2649 779 2716 1897
804 2672 911 2716 meam
935 2654 1150 2717 coniecturam
1174 2655 1327 2735 recepisse
1352 2655 1535 2717 etiamnunc
1558 2655 1642 2718 mihi

444 2757 567 2822 videor.

495 2968 614 3034 XXIII.
643 2968 673 3034 9.
689 2968 725 3035 7:
758 2969 873 3033 cattam
901 2969 998 3052 bisiae
1028 2968 1226 3046 Hannibalis,
1257 2992 1338 3054 qaam
1362 2971 1473 3034 armati
1495 2971 1642 3036 caecitas

442 3077 593 3140 sustinere
610 3076 776 3160 nequiuere,
798 3098 880 3159 qaam
899 3077 999 3138 barret
1013 3076 1147 3157 papulae
1167 3077 1328 3153 Romanae,
1354 3083 1387 3139 ta
1405 3078 1589 3141 sustinebis?
1608 3087 1642 3142 ιιι

443 3184 484 3245 ab
515 3182 588 3244 abiis
619 3181 739 3244 aaaibia
770 3181 876 3264 desint,
899 3203 944 3243 me
966 3181 1063 3262 spatam
1079 3183 1313 3269 ferireuacrpae
1336 3204 1428 3245 meam
1452 3191 1642 3265 opponentem

436 3311 501 3371 pro
525 3309 644 3368 carpere
666 3287 852 3350 Hannibalis
864 3287 1059 3371 {sustinebisi

387 3443 389 3450 .
492 3394 581 3458 Idem
612 3393 747 3459 verbum
779 3395 881 3477 spatio
905 3398 971 3456 tam
996 3394 1115 3478 exiguo
1139 3397 1188 3456 ter
1212 3394 1402 3476 repetitum:
1427 3394 1574 3457 aestiuare
1598 3430 1640 3442 —

440 3499 603 3564 sustinebit
627 3536 669 3546 -
693 3498 853 3560 sustinebis
876 3497 1048 3562 lectionem
1073 3496 1225 3561 traditam
1248 3499 1281 3560 in
1305 3500 1522 3582 suspicionem
1546 3498 1642 3563 addu-

442 3626 514 3671 cere
544 3611 666 3688 potest,
698 3611 732 3666 at
762 3624 837 3667 vero
868 3606 1064 3688 quicumque
1094 3605 1282 3688 cognoverit
1304 3603 1401 3667 verba
1423 3604 1570 3668 sustinere
1592 3628 1642 3668 ae·

442 3709 566 3795 quivere
589 3730 606 3773 e
631 3711 812 3773 coniectura
835 3710 953 3792 scripta
974 3729 1057 3784 esse,
1077 3714 1111 3769 ιιι
1131 3728 1149 3771 a
1169 3706 1429 3772 Drakenborchio
1448 3730 1505 3793 pro
1525 3710 1642 3774 codicis

443 3836 507 3879 me.
539 3815 581 3892 it,
614 3814 650 3877 ab
681 3813 755 3876 abiis
787 3833 806 3877 a
838 3812 1082 3899 Meyerhoefero
1114 3833 1171 3897 pro
1204 3813 1265 3875 alie
1296 3834 1364 3878 esse
1389 3816 1588 3890 restitutum,
1613 3817 1643 3879 ei

444 3922 552 4005 magis
577 3922 675 3983 etiam
698 3919 789 3983 verbi
808 3917 925 4002 triplex
945 3920 1094 4002 repetitio
1114 3925 1262 4003 suspecta
1282 3918 1455 3984 videbitur.
1479 3918 1516 3983 In
1536 3920 1642 3985 codice

444 4046 506 4089 ms.
538 4031 605 4089 eet:
635 4026 813 4101 actitatae,
845 4023 929 4110 quod
959 4026 1025 4089 iam
1050 4023 1075 4088 I.
1100 4022 1136 4087 F.
1161 4021 1345 4090 Gronovius
1368 4027 1401 4088 in
1425 4026 1572 4088 uastam
1594 4048 1642 4087 aa

443 4138 556 4216 quaerat
579 4169 621 4179 —
648 4136 756 4215 postea
783 4130 939 4195 Woelfflin
963 4133 995 4194 in
1020 4154 1044 4193 a.
1069 4130 1226 4214 nequivere
1249 4132 1402 4194 mutavit.
1428 4132 1471 4193 At
1496 4133 1523 4194 si
1542 4129 1641 4194 semel

443 4237 681 4311 observaveris,
713 4237 761 4300 bis
793 4236 905 4300 deinde
934 4237 1068 4300 verbum
1092 4237 1221 4310 iterari,
1246 4256 1306 4299 non
1332 4237 1398 4299 iem
1422 4235 1455 4298 id
1480 4236 1641 4319 agendum

444 4361 514 4406 esse
538 4342 684 4423 putabis,
710 4346 747 4403 ut
768 4339 949 4404 infinitivus
974 4340 1121 4403 sustinere
1145 4339 1388 4423 quoquomodo
1409 4340 1641 4416 servetur,sed

443 4445 549 4510 multo
581 4447 686 4530 magis
717 4445 971 4509 contendendum
1003 4454 1041 4508 ut
1072 4465 1089 4509 e
1121 4448 1281 4529 scriptura
1316 4445 1484 4508 suetiaerca
1519 4445 1641 4529 aliquid

441 4557 576 4617 eruatur
599 4550 681 4634 quod
706 4550 819 4613 Livius
839 4551 975 4614 scribere
996 4552 1147 4632 potuerit.
1170 4549 1293 4629 Quibus
1314 4550 1522 4614 consideratis
1543 4557 1640 4614 atten-

443 4660 531 4722 tione
555 4656 782 4741 digniseimum
806 4655 910 4719 estid
936 4653 1020 4739 quod
1045 4653 1267 4719 Weissenborn
1291 4658 1435 4731 monuit,
1459 4654 1528 4719 fieri
1551 4676 1642 4739 posse

445 4769 484 4826 ut
509 4768 616 4825 noster
638 4763 800 4847 scripserit
824 4760 957 4836 timuere,
982 4759 1020 4824 cl.
1047 4758 1100 4823 Vl.
1125 4758 1156 4824 8.
1172 4759 1203 4835 5,
1229 4758 1297 4823 VII.
1323 4758 1376 4825 33.
1393 4758 1444 4825 17.
