4525 5950
917 706 1158 758 amoenamus.
1562 692 1628 758 435

443 874 550 947 ixavlo
576 871 801 948 decantationes
823 868 900 936 εἶναι
924 875 978 944 τίιν
1001 875 1102 948 τιμήν.
1126 872 1169 938 Et
1190 894 1264 938 sane
1287 875 1377 949 ι’κοινὺ
1398 875 1473 951 τιμὴ
1493 895 1529 940 ea
1547 875 1628 953 fnit,

441 1001 520 1045 nam
553 1001 682 1065 prorsus
716 1001 778 1045 non
812 978 920 1057 video,
957 999 1052 1064 quem
1087 982 1243 1046 maiorem
1273 980 1425 1046 honorem
1456 984 1626 1069 peregrino

404 1071 408 1077 Δ
442 1087 569 1152 homini
598 1089 685 1152 oives
712 1085 851 1152 tribuere
873 1088 995 1171 possint
1018 1106 1115 1171 quam
1138 1088 1241 1171 ipsam
1265 1088 1440 1153 civitatem.
1464 1088 1629 1154 Dedernnt

442 1213 508 1277 quo
538 1194 643 1257 maius
672 1191 831 1257 habebant
859 1190 942 1256 nihil
963 1196 996 1257 et
1018 1197 1126 1257 tamen
1149 1192 1283 1259 honores
1304 1191 1361 1258 illa
1384 1199 1487 1259 aetate
1510 1197 1573 1259 rari
1596 1199 1629 1260 et

441 1305 556 1364 tenues
586 1295 695 1364 erant?
726 1297 909 1365 Absurdnm
940 1297 999 1363 hoo
1030 1298 1171 1383 quidem.
1202 1297 1265 1365 Sed
1295 1299 1380 1384 quod
1410 1300 1448 1366 de
1478 1299 1628 1366 Perdicca

440 1402 603 1491 legimns,
634 1407 662 1468 si
693 1402 761 1469 fieri
792 1409 914 1489 potest,
946 1407 994 1469 est
1024 1406 1123 1469 etiam
1146 1404 1331 1470 absurdius:
1355 1406 1408 1471 οὐκ
1430 1407 1625 1486 ἐψηφίσαντο

442 1512 606 1590 ἀγώγιμον
640 1508 678 1574 ιίν
713 1533 758 1581 τις
796 1510 961 1590 ἑτοκτείνν
991 1510 1170 1589 Περδίκκαν,
1201 1513 1287 1576 ἀλλὰ
1320 1513 1479 1576 τολιτείιιν
1511 1510 1625 1577 {donar

441 1625 615 1683 MONON.
646 1615 735 1682 Itane
766 1614 862 1682 vero?
892 1616 981 1681 Num
1004 1616 1213 1682 Athenienses
1235 1619 1305 1704 regi
1327 1616 1538 1684 Macedonum
1562 1626 1626 1682 1οοι-

440 1726 584 1788 tmnmodo
615 1726 780 1790 civitatem
811 1719 1018 1789 obtulerunt?
1048 1721 1109 1787 Vix
1141 1723 1330 1789 haberemus
1360 1724 1520 1810 quomodo
1552 1724 1626 1790 hino

440 1852 607 1917 possemus
637 1834 672 1895 in
702 1831 809 1897 lunem
839 1850 1018 1917 emergere,
1050 1831 1113 1895 nisi
1143 1831 1256 1897 inisset
1284 1834 1340 1917 qui
1363 1830 1627 1898 declamationem

441 1938 511 2016 περὶ
531 1937 702 2015 ουντοίξεονς
723 1960 762 2004 ex
779 1937 905 2002 laciniis
925 1936 1116 2023 quibusdam
1137 1935 1390 2003 Demostheniois
1410 1944 1624 2023 componeret;

440 2045 495 2111 hio
525 2050 651 2122 antem,
682 2042 762 2129 323
794 2065 826 2128 p.
853 2040 927 2122 173,
951 2041 1117 2108 meliorem
1140 2040 1291 2109 (lodioem
1315 2048 1426 2109 nactus
1450 2064 1546 2129 quarn
1568 2065 1626 2110 nos

440 2150 614 2227 habemus,
637 2155 708 2214 tum
728 2148 767 2215 de
786 2146 941 2225 Menona,
962 2155 1034 2212 tnm
1057 2147 1095 2213 de
1117 2147 1267 2214 Perdinoa
1287 2148 1402 2215 iisdem
1424 2149 1529 2215 verbis
1550 2171 1627 2216 usus

439 2260 489 2321 ita
518 2257 644 2322 scribit:
677 2258 729 2321 οὑκ
761 2255 957 2335 ἐψηφίσαντο
989 2254 1157 2333 πολιτείαν,
1189 2256 1264 2319 ἀλλ’
1293 2254 1488 2320 ιὶτέλειοιν
1512 2254 1626 2321 ἔδωκαν

443 2364 543 2441 μόνον,
578 2385 634 2428 neo
667 2364 750 2427 mihi
783 2361 918 2427 dubium
953 2366 1002 2427 est
1035 2363 1112 2446 quin
1148 2359 1187 2426 ad
1221 2360 1302 2427 hano
1334 2360 1441 2428 luoem
1471 2361 1561 2428 loeus
1591 2365 1625 2428 in

441 2471 655 2534 Aristocraten
689 2468 896 2555 corrigendus
929 2469 982 2533 sit.
1018 2465 1097 2531 Vide
1127 2466 1286 2552 quomodo
1317 2464 1455 2534 Oobetus
1490 2468 1623 2535 Μίτοοίί.

440 2596 473 2660 p.
498 2573 538 2639 21
573 2581 605 2639 et
634 2573 677 2637 42
709 2573 781 2638 aliis
810 2572 889 2639 loeis
920 2594 959 2639 ex
981 2574 1099 2659 spuriis
1122 2563 1325 2638 Orationibus
1347 2576 1458 2659 petitis
1481 2573 1625 2640 sollerter

438 2702 519 2746 usus
550 2683 593 2746 sit
622 2679 662 2746 ad
684 2681 842 2767 genuinos
864 2677 950 2745 lones
972 2676 1193 2745 emendandos.
1225 2680 1296 2757 ssepi
1320 2686 1377 2753 τῆς
1399 2681 1547 2753 ἀτελείας
1569 2683 1625 2766 qui

440 2786 534 2875 plura
557 2787 665 2871 eupit,
689 2807 763 2852 eum
786 2784 934 2872 ablegare
958 2787 1035 2850 satis
1057 2789 1106 2850 est
1125 2783 1164 2849 ad
1184 2783 1337 2850 Wolfium
1355 2785 1395 2851 ad
1414 2785 1504 2872 Lept.
1524 2809 1556 2872 p.
1571 2786 1624 2866 71,

439 2892 638 2960 Βο00111110111
666 2893 730 2957 000.
758 2892 818 2956 Oto.
843 2891 858 2957 1
880 2914 912 2979 p.
934 2890 1010 2969 120,
1029 2889 1268 2957 Sohdmannnm
1287 2893 1324 2955 de
1344 2893 1476 2956 Comitio
1494 2916 1525 2981 p.
1547 2891 1622 2971 335,

438 3000 529 3067 ahos.
557 2999 749 3065 Habuerunt
772 3020 843 3066 eam
866 3002 1032 3066 civitatem
1056 2997 1208 3078 Sitalces,
1232 2999 1354 3077 Leuoo,
1378 2998 1492 3088 (lotys,
1517 2997 1624 3067 (terso

439 3106 582 3192 bleptes,
612 3103 724 3183 Toros,
754 3106 935 3193 Euagorae,
971 3104 1148 3192 Dionysius
1177 3104 1414 3192 Syracusanus,
1451 3103 1623 3173 Glearohns

439 3211 643 3292 Heracleota3
677 3234 740 3278 non
770 3214 833 3277 fnit
864 3212 986 3277 tributa
1015 3210 1158 3276 Stratoni
1187 3211 1335 3292 Sidonio,
1366 3212 1406 3278 01.
1430 3211 1528 3278 Insor.
1552 3214 1619 3277 Att.

437 3318 468 3383 Π
492 3340 523 3384 n.
547 3317 609 3396 86;
642 3321 719 3404 quin
750 3323 782 3383 et
803 3317 944 3404 indignis
968 3318 1089 3383 donum
1111 3319 1193 3383 10110
1216 3318 1328 3383 datum
1351 3318 1513 3384 interdum
1536 3340 1623 3385 revo-

439 3425 582 3502 cabatur,
618 3424 658 3489 01.
693 3423 803 3490 Noaer.
835 3422 915 3509 391
951 3446 982 3510 p.
1015 3422 1119 3489 1376:
1152 3416 1174 3489 ἃ
1205 3425 1237 3489 tr
1268 3425 1385 3497 ποίντες
1415 3425 1621 3502 μνημονεύετε

439 3530 589 3596 Πειίόλιιν
613 3554 648 3594 τε
672 3532 722 3595 τὸν
746 3531 906 3595 Θεττοιλὸν
925 3530 977 3594 xxi
1001 3530 1226 3606 Ἀπολλωνίδην
1245 3531 1296 3595 τὸν
1314 3530 1470 3596 Ὀλύνθιον
1489 3532 1621 3604 πολίτοις

438 3636 496 3702 ὑπὸ
529 3640 583 3700 τοῦ
615 3635 710 3714 δήμου
739 3637 916 3713 γενομένους
941 3637 1092 3715 ἀφείλετο
1115 3636 1149 3700 τὸ
1173 3635 1326 3711 δημόσιον.
1349 3636 1421 3702 Nisi
1443 3637 1622 3723 Xenophon

437 3742 628 3808 mortalium
658 3742 981 3809 maledicentissimus
1012 3742 1092 3820 1011,
1123 3741 1207 3807 nihil
1228 3749 1297 3808 erat
1317 3764 1373 3808 eur
1396 3749 1464 3808 tam
1485 3746 1622 3831 insignis

437 3850 538 3915 honos
566 3848 697 3916 Meneni
721 3849 891 3915 haberetur
912 3854 960 3927 et,
986 3847 1070 3934 qnod
1092 3847 1132 3913 ad
1154 3848 1338 3914 Perdiooom
1360 3851 1493 3927 attinet,
1525 3850 1622 3915 huius

437 3956 568 4043 quidem
588 3955 719 4042 perfidia
740 3976 802 4020 non
821 3953 959 4033 latebat,
980 3954 1018 4020 of.
1039 3951 1240 4039 Hermippus
1259 3974 1309 4041 ap.
1322 3952 1510 4041 Athenlp.
1523 3953 1620 4022 27D:

574 4062 625 4126 καὶ
649 4061 735 4142 πικροὶ
758 4060 922 4141 Περδίκκου
945 4060 1043 4139 ψεύδη
1068 4060 1172 4125 νοινοὶν
1195 4058 1277 4125 τάνυ
1300 4067 1445 4133 πολλοῖς.

482 4274 586 4361 3204
617 4296 647 4361 p.
673 4272 756 4339 6881
788 4274 854 4338 οὐδὲ
885 4274 947 4351 γὰο
982 4272 1066 4347 δίκην
1096 4271 1142 4337 ἔτι
1175 4271 1354 4350 λαμβάνειν
1387 4272 1507 4337 ἐθέλετε
1536 4276 1621 4353 raph

435 4390 496 4450 τῶν
524 4382 715 4463 ἀδικούντων,
747 4382 834 4445 ἀλλὰ
866 4380 917 4444 nal
949 4381 1032 4444 τοῦτ’
1064 4377 1311 4455 ἐξελήλυθεν
1342 4378 1374 4442 ἐκ
1406 4385 1462 4453 τῆς
1492 4379 1619 4449 vineoe.

434 4488 534 4555 Haud
557 4486 649 4553 facile
672 4489 841 4573 qnisquam
862 4488 910 4551 ita
928 4485 1055 4551 loeutus
1074 4491 1131 4552 eet.
1156 4482 1299 4552 Gonieoi:
1324 4481 1618 4559 ἐξολίλιττοιι.

431 4592 483 4663 Of.
508 4595 661 4660 Pantaen.
685 4591 758 4678 334
782 4614 812 4678 p.
838 4589 922 4657 9761
947 4592 979 4656 οιί
1003 4592 1066 4670 γὰρ
1089 4589 1123 4655 τὸ
1147 4593 1329 4670 γιγνώσκειν
1353 4590 1404 4654 καί
1427 4588 1557 4655 οννιένοι
1576 4590 1620 4655 τοὶ

432 4701 543 4767 δίκαιον
566 4699 648 4776 ὑμῶν
672 4696 840 4779 dinitidat
862 4695 1035 4772 δννιίοετιιι.
