4525 5950
545 674 590 740 813
1072 696 1215 742 inmte.

542 860 630 921 tibus
653 878 785 943 questus
808 881 882 923 suos
905 860 1015 922 eniine
1038 859 1224 944 plarldeque
1248 860 1499 944 proferentibus,
1525 859 1735 943 videmusque

541 968 769 1049 imperatorem
804 984 937 1050 questus
971 965 1045 1029 illas
1081 984 1361 1051 seusun-:scenam
1393 984 1424 1031 et
1456 966 1496 1030 de
1523 965 1644 1029 iisdem
1674 963 1735 1028 illia

541 1073 781 1135 centurionibus
801 1071 958 1135 iudicium
978 1093 1209 1155 censuramque
1228 1090 1439 1135 uertentem.
1460 1071 1533 1134 lion
1552 1091 1635 1156 ergo
1647 1071 1736 1133 ooeiai

542 1175 592 1240 iili
621 1196 722 1241 eraut.
756 1176 882 1240 Dixer‘s
913 1199 953 1240 ne
982 1200 1001 1241 e
1031 1182 1134 1262 eapite
1159 1178 1288 1262 ¹qui-iem
1312 1177 1355 1240 32³
1378 1177 1460 1241 effici
1482 1197 1576 1262 posse
1600 1174 1678 1239 illoa
1698 1173 1733 1238 ad

541 1304 645 1346 unum
663 1305 774 1347 omnes
794 1302 870 1346 tan-2
886 1305 955 1347 esse
966 1284 1159 1347 interieris-s.
1180 1281 1324 1348 Cant-edo
1335 1302 1500 1368 utcunque
1511 1281 1582 1346 lieri
1594 1283 1735 1366 potuisse

540 1406 578 1450 ut
609 1410 692 1451 unus
723 1408 755 1452 et
786 1388 869 1451 alter
897 1391 1071 1472 perniciem
1094 1388 1267 1472 effugeret.
1291 1388 1365 1463 κά,
1388 1391 1416 1452 si
1441 1408 1555 1452 rerum
1579 1383 1734 1470 estquod

541 1515 569 1557 c.
602 1493 646 1556 32
678 1512 836 1557 narratur.
868 1493 921 1556 rel
952 1516 1054 1556 uuum
1084 1494 1300 1578 superfuisse.
1332 1497 1389 1578 qui
1411 1497 1446 1557 in
1468 1492 1526 1557 illo
1548 1513 1650 1556 ceusu
1674 1492 1735 1554 auia

540 1614 625 1663 stare
656 1599 790 1682 pedibus
821 1618 945 1683 posset,
975 1599 1009 1661 id
1032 1619 1094 1683 ego
1119 1602 1326 1683 pertinaciter
1348 1620 1441 1684 nego.
1466 1601 1531 1661 Aut
1558 1601 1683 1660 mirum
1705 1597 1736 1658 in

540 1704 675 1768 modum
706 1725 788 1788 quae
817 1726 845 1767 e.
869 1704 914 1767 32
943 1703 1098 1788 leguntur
1118 1709 1228 1768 omnia
1250 1722 1346 1768 aucta
1367 1722 1442 1767 sunt
1467 1721 1499 1766 et
1524 1714 1737 1788 exaggerata,

539 1830 594 1874 aut
625 1832 739 1874 census
768 1809 826 1874 ilie
856 1811 985 1873 habitus
1016 1828 1064 1873 est
1089 1810 1128 1874 de
1153 1815 1268 1874 sauciis
1289 1810 1402 1874 lateris
1425 1813 1571 1874 animam
1596 1811 1653 1871 rix
1678 1813 1737 1870 ira-

540 1918 709 1981 hentibus:
733 1934 819 1980 certe
842 1937 935 1979 nemo
957 1937 1068 1979 eorum
1092 1915 1228 1979 militiae
1253 1915 1305 1979 rel
1328 1916 1432 1979 oniini
1454 1932 1551 1999 aptus
1572 1918 1641 1978 iam
1662 1921 1736 1977 erat.

587 2026 669 2085 Anu.
700 2020 726 2095 l,
758 2021 812 2084 56.
843 2018 1055 2085 Germanicus
1086 2022 1293 2105 ‚expeditum
1324 2025 1502 2085 examitum
1533 2024 1567 2083 in
1602 2017 1737 2085 Chattos

538 2128 646 2212 rapit''
677 2131 781 2211 iisque
813 2128 911 2201 „adeo
941 2132 1139 2213 improvisus
1169 2128 1314 2202 advenit,
1346 2144 1400 2201 ut,
1425 2126 1510 2211 quod
1534 2124 1738 2190 imbecillum

538 2250 643 2297 aetate
665 2255 701 2296 ae
724 2255 820 2307 sexu,
844 2237 957 2296 statim
980 2252 1110 2317 raptum
1132 2252 1187 2296 aut
1209 2233 1406 2297 trucidatum
1425 2236 1478 2296 sit.
1502 2231 1666 2295 lurentua
1685 2230 1739 2293 flu·

540 2360 614 2401 men
639 2338 799 2401 Adranam
819 2338 924 2401 nando
944 2342 1143 2403 traintem.
1165 2338 1388 2422 Romanosque
1408 2348 1539 2422 pontem
1559 2338 1738 2420 coeptantis

540 2445 705 2508 arcebant:
741 2444 814 2507 dein
850 2447 1018 2507 tormentis
1051 2447 1243 2529 sagittisque
1278 2443 1381 2527 pulsi,
1418 2446 1588 2526 temptatis
1621 2442 1739 2505 frustra

538 2550 791 2623 condicionibus,
812 2571 888 2613 eum
908 2549 1040 2633 quidam
1058 2549 1099 2613 ad
1119 2547 1347 2614 Germanicum
1366 2549 1603 2632 perfugissent,
1624 2546 1740 2631 reliqui

540 2659 669 2719 omissis
694 2659 785 2739 pagis
810 2659 952 2738 vicisque
972 2659 1006 2717 iu
1029 2655 1127 2718 siluas
1151 2654 1413 2740 disperguntur'ss

584 2764 654 2838 Quo
677 2760 787 2822 ordine
809 2759 885 2822 haec
909 2763 1017 2822 omnia
1039 2778 1131 2844 gesta
1155 2763 1218 2822 sint
1242 2781 1259 2822 e
1279 2758 1382 2822 Taciti
1402 2760 1507 2823 verbis
1523 2762 1581 2822 rix
1604 2758 1739 2832 efficias,

537 2869 606 2949 ipse
629 2865 662 2927 id
686 2882 839 2948 exputare
861 2865 973 2929 debes:
998 2865 1081 2948 quod
1105 2866 1161 2927 nbi
1185 2867 1306 2929 let-isti.
1331 2887 1379 2928 res
1404 2867 1464 2928 tibi
1487 2872 1550 2928 siai
1572 2872 1650 2928 aute
1671 2883 1741 2927 ocu·

536 2969 585 3034 los
608 2969 694 3033 clara
717 2974 814 3033 nimis
836 2987 933 3053 atque
957 2974 1141 3054 perspicua:
1167 2992 1227 3034 non
1252 2970 1291 3034 de
1313 2974 1456 3054 antiquis
1480 2970 1641 3034 Romania
1664 2970 1741 3033 haee

538 3078 658 3138 narrari
683 3076 743 3138 tibi
768 3075 918 3138 ridentur
941 3075 993 3137 sed
1018 3076 1056 3138 de
1080 3074 1146 3138 illis
1169 3075 1356 3159 aequalibus
1381 3079 1514 3151 nostris,
1539 3079 1598 3160 qui
1625 3075 1742 3139 Roma·

536 3183 588 3242 nis
618 3201 652 3243 se
681 3178 804 3242 similes
835 3201 989 3263 paresque
1017 3179 1200 3264 gloriantur
1222 3199 1318 3264 atque
1342 3181 1410 3244 dira
1433 3197 1518 3244 eerte
1543 3191 1576 3244 et
1602 3182 1743 3245 immani

536 3284 728 3349 crudelitate
747 3306 842 3367 tquae
861 3288 921 3348 nisi
942 3288 975 3347 in
988 3286 1235 3358 abiectissimos‚
1251 3289 1475 3369 pravissimos,
1487 3289 1742 3370 ignavissimos,

537 3392 684 3455 homines
707 3389 817 3452 eadere
841 3411 902 3452 non
923 3388 1018 3452 soleti
1038 3388 1256 3453 Romanorum
1277 3395 1431 3473 pessimos
1451 3412 1606 3475 superare
1627 3391 1743 3456 solent.

535 3496 572 3559 ln
598 3511 716 3557 terram
737 3494 881 3557 hostium
902 3493 1038 3557 Romani
1058 3494 1251 3568 adveniunt,
1272 3495 1326 3558 sed
1346 3499 1402 3579 qui
1422 3493 1623 3561 Chattorum
1641 3499 1744 3560 armis

535 3600 683 3685 gerendis
716 3620 806 3681 pares
837 3615 912 3659 suut
945 3612 1031 3660 trans
1064 3598 1183 3661 flumen
1216 3620 1250 3662 se
1281 3616 1463 3683 receperunt
1498 3604 1533 3663 iu
1565 3600 1657 3665 locos
1681 3602 1744 3665 sibi

536 3721 636 3788 aptos.
671 3704 746 3766 lrati
779 3701 915 3766 Romani
950 3700 1153 3776 imbellibus,
1186 3706 1331 3770 senibus.
1364 3708 1498 3780 sauciis,
1531 3710 1662 3790 aegris,
1689 3705 1743 3770 sed

535 3810 665 3873 seminis
699 3814 885 3891 praesertim
919 3808 1157 3889 infamibusque
1189 3809 1337 3871 necandis
1369 3830 1450 3891 quae
1481 3830 1540 3872 sua
1563 3814 1609 3874 eit
1635 3814 1744 3875 virius

536 3929 708 3979 ostentant.
744 3912 821 3975 lude
854 3927 949 3994 ponte
974 3914 1119 3974 traiicere
1144 3911 1262 3976 flumen
1288 3929 1410 3977 tentant
1434 3913 1593 3978 Romani:
1620 3916 1678 3979 diu
1704 3919 1744 3979 iia

535 4021 694 4084 obsistunt
719 4016 892 4090 Germani,
916 4037 973 4098 pro
996 4018 1059 4077 aris
1085 4016 1225 4099 focisque
1250 4035 1439 4102 pugnantes.
1465 4019 1529 4097 Qui
1549 4020 1610 4083 ubi
1631 4021 1744 4086 multi·

535 4123 613 4209 plici
645 4124 840 4207 praedonum
872 4140 1005 4183 numero
1028 4119 1137 4183 cedere
1161 4139 1332 4206 eoguntur,
1357 4127 1443 4208 pacis
1468 4124 1609 4189 offerunt
1635 4126 1745 4191 condi·

535 4233 655 4301 tiones,
679 4249 758 4311 quas
781 4226 851 4310 lupi
875 4229 929 4287 isti
955 4227 1015 4286 toti
1039 4225 1173 4307 praedae
1197 4227 1355 4292 inhiantes
1374 4251 1504 4307 taurum
1527 4234 1619 4295 enim
1639 4232 1743 4297 celare

532 4331 590 4397 illa
621 4334 787 4397 dicebatur
818 4346 902 4393 terra
932 4327 970 4391 cs.
1005 4327 1061 4400 xl,
1092 4329 1150 4406 20)
1182 4348 1345 4415 respuunt.
1382 4333 1474 4398 Nunc
1507 4337 1671 4419 „quidam
1704 4338 1742 4401 ad

533 4436 765 4502 Germanicum
798 4432 1008 4519 perfugiunt'’
1040 4435 1061 4494 i.
1083 4453 1129 4506 e.,
1157 4451 1190 4495 ut
1216 4458 1276 4520 ego
1299 4441 1419 4521 opinor,
1444 4460 1530 4503 unus
1555 4453 1590 4505 et
1615 4442 1742 4508 altere
1782 4509 1787 4520 ,

532 4542 657 4628 regulis
682 4545 784 4626 pretio
810 4547 906 4619 atque
929 4537 1094 4618 promissis
1118 4541 1244 4619 eapitur
1266 4544 1310 4603 ita
1332 4556 1366 4602 ut
1389 4563 1507 4627 magna
1529 4565 1607 4629 pars
1628 4548 1741 4632 populi

531 4652 565 4713 in
598 4649 794 4712 deditionem
827 4644 952 4704 venisse
985 4638 1140 4701 videatur.
1174 4644 1215 4704 At
1242 4644 1373 4727 reliqui,
1398 4650 1419 4708 i.
1440 4669 1467 4711 e.
1494 4652 1559 4733 ipsi
1586 4650 1658 4728 illi,
1685 4656 1740 4737 qui

529 4777 605 4841 prae
629 4757 742 4818 ceteris
766 4750 889 4813 strenui
914 4761 987 4807 sunt
1013 4741 1199 4821 bellatores,
1226 4771 1306 4812 nune
1327 4750 1383 4814 illa
1404 4769 1544 4818 utuntur
1565 4760 1739 4844 pugnandi
