4525 5950
976 708 1119 756 ramnus
1594 691 1636 757 ol

447 876 529 952 diri,
551 876 819 959 vehementerque
838 872 931 938 illam
952 873 1206 939 emendationem
1225 874 1372 959 probavit
1384 872 1521 939 Vlietins
1533 896 1635 952 mens,

446 1002 544 1066 quem
581 989 682 1047 morte
713 982 803 1045 nobis
835 986 982 1066 ereptum
1012 979 1164 1066 lugemus
1196 987 1352 1065 quotquot
1375 980 1545 1046 candidum
1570 982 1640 1047 eius

445 1095 559 1174 pectus
584 1090 767 1153 amavimus
792 1093 823 1152 et
845 1089 969 1172 ingenii
992 1107 1125 1151 acumen
1149 1085 1299 1150 admirati
1321 1108 1443 1152 sumus.
1470 1087 1581 1152 Postea
1605 1090 1638 1152 in

446 1195 565 1259 Rittcri
589 1195 729 1259 editione
753 1193 821 1257 vidi
843 1195 907 1257 iam
932 1191 1035 1256 Nerio
1057 1192 1144 1256 idem
1167 1194 1291 1257 venisse
1310 1194 1343 1256 in
1362 1197 1514 1257 mentem.
1540 1192 1638 1257 Haud

444 1309 567 1366 temere
592 1322 668 1388 crgo
691 1299 772 1364 illud
790 1301 953 1382 poscebant
976 1302 1160 1363 etiamnunc
1184 1298 1334 1375 defendo,
1359 1320 1434 1364 cum
1453 1302 1640 1384 praesertim

445 1429 527 1493 quac
559 1417 669 1473 contra
699 1414 774 1472 sunt
805 1405 903 1472 allata
931 1405 1152 1471 infirmissima
1174 1406 1352 1471 videantur.
1376 1406 1487 1470 Primo
1510 1411 1639 1491 aspectu

441 1515 581 1580 traditae
604 1514 735 1579 lectioni
758 1511 916 1578 auxilium
941 1513 1022 1577 ferre
1045 1512 1173 1577 videtur
1196 1511 1281 1598 quod
1304 1511 1388 1596 apud
1411 1512 1554 1576 Plinium
1577 1511 1637 1597 Ilp.

441 1619 498 1697 VI,
525 1619 569 1684 20
600 1619 732 1706 legitur,
764 1620 820 1683 ubi
850 1621 884 1683 in
915 1617 1032 1683 similis
1063 1618 1162 1684 cladis
1200 1621 1380 1684 narratione
1415 1618 1491 1684 baec
1522 1619 1636 1684 habes:

441 1725 525 1804 „alii
555 1725 688 1802 liberos,
713 1725 768 1790 alii
792 1728 945 1810 coniuges
969 1726 1101 1790 vocibus
1126 1725 1329 1811 requirebant
1352 1726 1483 1790 vocibus
1505 1728 1639 1791 noscita-

442 1832 557 1910 bant'',
590 1832 644 1898 sed
674 1833 720 1897 ibi
743 1832 934 1918 requirebant
958 1834 1027 1897 eius
1051 1833 1142 1897 verbi
1164 1831 1279 1917 implet
1303 1838 1425 1917 partes,
1450 1833 1532 1918 quod
1555 1832 1640 1917 apud

440 1938 595 2003 Tacitum
626 1946 675 2004 est
705 1938 923 2024 reponendum
951 1940 1140 2020 (poscebant)
1167 1944 1199 2003 et
1229 1938 1346 2002 comduc
1376 1939 1524 2004 necutere
1555 1946 1639 2005 recte

438 2046 573 2123 dicitur,
603 2052 635 2110 at
663 2045 832 2109 ululatibne
861 2052 889 2108 et
916 2044 1029 2127 pemitu
1060 2047 1216 2109 noscebant
1246 2045 1421 2110 absurdum
1444 2053 1492 2111 est
1515 2049 1639 2131 eritque

439 2173 582 2237 semper.
616 2151 737 2232 Quodsi
770 2155 841 2238 quis
872 2173 908 2217 eo
939 2152 1106 2238 confugiat
1137 2157 1175 2216 nt
1198 2151 1283 2216 dicat
1306 2154 1402 2217 etiam
1429 2173 1557 2230 eornm,
1582 2155 1639 2238 qui

439 2258 516 2322 dira
546 2256 633 2323 clade
664 2259 775 2323 andita
806 2265 1029 2335 accurrerunt,
1061 2256 1206 2323 ululatus
1236 2265 1268 2322 et
1294 2261 1436 2343 gemitus
1460 2261 1638 2338 exst'tisse,

440 2385 546 2449 quam
575 2363 693 2428 durum
725 2367 954 2451 ingratumque
977 2363 1058 2429 illud
1082 2367 1125 2429 sit
1148 2365 1293 2429 observet
1316 2363 1399 2449 quod
1422 2367 1456 2429 in
1480 2367 1639 2430 sententia

438 2474 490 2535 ita
513 2477 651 2547 structa,
676 2478 714 2535 ut
737 2471 814 2536 haec
838 2479 902 2549 est,
928 2470 1060 2536 aliaest
1084 2474 1165 2535 ratio
1188 2472 1285 2556 primi
1308 2470 1443 2536 ablativi
1465 2470 1547 2549 cmu,
1571 2470 1634 2536 alia

437 2580 684 2661 insequentium
706 2577 873 2641 ululatibus
896 2584 924 2641 et
943 2578 1066 2660 pemitn.

487 2792 526 2855 A.
552 2790 595 2853 IV
619 2812 646 2855 c.
673 2790 714 2856 67
740 2793 785 2855 111
808 2792 942 2877 incipit:

488 2900 555 2974 „At
587 2895 702 2964 Caesar
737 2897 889 2964 dedicatis
925 2918 981 2985 per
1014 2894 1224 2983 Campaniam
1254 2897 1401 2983 templis,
1433 2918 1630 2984 quamquam

433 3004 543 3070 edicto
563 3008 756 3081 monuisset,
778 3027 817 3070 ne
838 3007 910 3089 quis
929 3008 1071 3090 quietem
1084 3007 1153 3069 eius
1164 3006 1379 3090 inrumperet,
1400 3026 1636 3092 concursusque

433 3110 674 3197 oppidanorum
698 3111 851 3196 disposito
877 3110 982 3175 milite
1006 3111 1251 3196 prohiberentur
1273 3132 1300 3175 e.
1313 3132 1343 3196 q.
1357 3111 1404 3175 s.''

486 3217 549 3281 Pro
584 3218 765 3300 inrumperet
799 3217 943 3282 Heraeus
978 3216 1151 3303 legendnm
1184 3239 1251 3282 esse
1283 3216 1367 3282 vidit
1395 3218 1633 3301 interrumperet,

433 3326 709 3408 necessariamque
743 3345 813 3389 eam
849 3345 916 3388 csse
948 3324 1205 3390 emendationem
1236 3330 1333 3409 patet.
1368 3323 1451 3389 Nam
1480 3346 1560 3410 quae
1592 3324 1632 3390 ad

434 3426 610 3513 vulgatam
643 3428 813 3495 lectionem
847 3430 1078 3495 defendendam
1109 3429 1199 3496 affert
1230 3429 1400 3495 Furueaux
1429 3434 1551 3518 insigni
1583 3431 1634 3496 de·

435 3542 619 3599 monstrant
649 3534 796 3621 exemplo
828 3557 926 3621 quam
958 3536 1092 3601 ridicule
1123 3536 1241 3622 aliquis
1270 3541 1373 3623 specie
1396 3537 1499 3624 decipi
1522 3540 1631 3623 possit.

434 3640 523 3706 Sunt
546 3645 631 3705 enim
657 3642 753 3707 haec:

483 3746 525 3811 Η.
559 3746 583 3824 Ι,
617 3746 660 3812 82
691 3747 743 3827 (de
768 3750 978 3834 praetorianis
1001 3751 1112 3835 agitur
1136 3751 1233 3814 nimis
1259 3771 1317 3835 pro
1342 3749 1465 3815 Othone
1489 3772 1547 3816 suo
1572 3749 1634 3816 sol·

433 3854 573 3926 licitist:

482 3957 651 4035 „Militum
684 3962 826 4046 impetus
857 3981 895 4025 nc
920 3960 1041 4025 foribus
1065 3959 1197 4046 quidem
1219 3960 1338 4026 Palatii
1360 3964 1532 4040 coercitus,
1558 3985 1635 4049 quo-

432 4069 547 4130 minus
571 4068 758 4130 conrivinm
782 4066 1015 4152 inrumperet.’'

481 4171 529 4236 De
553 4172 715 4238 militibus
738 4174 994 4250 accurrentibus,
1018 4175 1180 4258 impetum
1202 4174 1408 4251 facientibus,
1429 4196 1523 4260 aegre
1543 4183 1633 4241 extra

430 4278 552 4342 Palatii
575 4278 657 4342 fores
677 4281 821 4343 coercitis
841 4300 880 4343 ne
899 4282 1007 4364 potuit
1027 4279 1158 4364 quidam
1179 4278 1264 4344 aliud
1287 4284 1361 4364 poni
1378 4282 1513 4346 verbum
1533 4302 1630 4366 quam

428 4386 621 4464 irrumpendi
654 4384 746 4449 illud.
783 4371 913 4471 Ergone
948 4388 1048 4450 etiam
1082 4386 1177 4449 etium
1210 4385 1346 4451 alicuius
1382 4393 1466 4452 recte
1500 4388 1629 4471 irrumpi

432 4487 580 4555 dicitur?

474 4595 519 4659 H.
544 4593 597 4672 IV,
624 4594 676 4660 50.
711 4596 823 4661 Festus
854 4596 993 4683 legionis
1016 4601 1049 4662 in
1077 4599 1184 4663 Africa
1207 4598 1351 4684 legatus,
1376 4598 1501 4664 dudum
1524 4603 1628 4687 perni-

424 4706 513 4768 ciem
533 4701 641 4766 Pisoni
663 4701 808 4780 molitus,
831 4705 885 4769 ubi
908 4705 1040 4769 tandem
1059 4704 1248 4770 facultatem
1267 4706 1415 4771 facinoris
1427 4707 1629 4793 perpetrandi

437 4816 553 4875 nactus
575 4815 640 4874 est:
