4525 5950
956 687 1111 735 nonanus.
1568 665 1632 731 315

439 852 537 931 (Eun.
562 851 577 915 Ι
601 850 633 916 2.
646 848 704 929 27)
735 850 865 927 „Samia
896 851 978 916 mihi
1009 859 1113 915 mater
1144 851 1223 916 fuit:
1248 872 1285 916 ea
1308 851 1472 915 habitabat
1495 849 1633 915 Rhodi’'.

441 957 619 1042 Hucusque
652 955 796 1021 Donatus
828 958 879 1035 (cf.
912 956 951 1020 ad
975 957 990 1021 1
1016 956 1103 1021 l.58
1127 965 1160 1021 et
1187 956 1273 1035 119).
1306 955 1353 1021 lla
1376 977 1456 1042 quae
1476 976 1569 1041 porro
1591 956 1634 1020 le

438 1069 565 1148 guntur
595 1065 629 1125 in
660 1062 820 1126 Eunucho
849 1062 913 1126 hue
944 1083 1007 1127 non
1040 1065 1211 1147 pertinent,
1241 1066 1349 1148 itaque
1381 1064 1538 1146 magister
1567 1069 1632 1140 est,

441 1171 498 1252 qui
521 1167 593 1232 dein
618 1170 663 1231 sic
686 1171 810 1253 pergit:

489 1280 522 1338 et
550 1295 663 1338 servus
692 1273 893 1353 (Parmeno):
929 1279 1057 1359 „potest
1087 1278 1186 1340 taeeri
1216 1274 1309 1340 hoe'’.
1348 1275 1430 1356 Quid
1451 1282 1494 1338 eat
1519 1281 1635 1356 „potest

442 1379 538 1442 taceri
560 1379 663 1443 toe’?
684 1380 862 1443 meretricem
884 1381 1022 1445 deduius
1043 1388 1165 1444 matrem
1187 1380 1350 1444 omisimile
1373 1388 1426 1444 eat.

489 1484 627 1549 Rettulit
651 1488 817 1570 magister,
842 1489 988 1572 quisquis
1011 1495 1077 1563 est,
1102 1486 1244 1552 scholion
1279 1487 1430 1551 idoneum
1454 1486 1572 1551 Donati
1594 1486 1634 1552 ad

441 1590 525 1654 Eun.
556 1589 611 1654 ll.:
645 1612 697 1675 „p.
721 1586 745 1656 t.
771 1590 826 1656 h.”
859 1591 891 1655 id
915 1597 964 1657 est
988 1592 1168 1657 verisimile
1191 1598 1255 1656 est:
1280 1613 1337 1657 nec
1360 1592 1419 1657 hoe
1443 1592 1482 1656 ad
1504 1591 1644 1659 laudem,

441 1695 583 1781 proficit,
608 1696 662 1760 sed
685 1696 723 1760 ad
748 1696 883 1762 dedecus
906 1700 1092 1763 meretricis.

488 1801 538 1865 W.
562 1802 660 1866 verba
683 1801 846 1867 inclinatis
870 1802 989 1868 litteris
1013 1805 1170 1887 expressit
1193 1802 1266 1868 inde
1290 1825 1308 1868 a
1332 1804 1487 1888 quidest,
1508 1803 1563 1868 sed
1583 1802 1634 1866 ad-

442 1907 543 1973 denda
563 1915 638 1972 sunt
658 1908 898 1994 interpolatioui
917 1910 1016 1973 etiam
1037 1930 1118 1994 quae
1143 1909 1336 1994 praecedunt
1355 1917 1384 1973 et
1402 1932 1504 1973 semus
1516 1933 1553 1991 p.
1567 1916 1588 1974 t.
1602 1910 1632 1975 h.

489 2075 529 2139 15
567 2075 667 2152 „Iuno
690 2075 847 2141 Lucina''.
884 2074 964 2140 Don.
996 2076 1064 2156 (l):
1098 2075 1220 2153 „luno”
1245 2077 1284 2141 ab
1307 2075 1447 2141 iuvando
1471 2075 1565 2152 diota,
1590 2113 1632 2124 —

440 2180 489 2261 (2)
513 2183 542 2246 Ι.
567 2184 614 2259 L,
639 2182 767 2245 Iunonis
783 2182 870 2266 filia,
894 2183 1006 2245 Graece
1029 2183 1199 2246 Εἰλείθυια.
1223 2181 1331 2245 Latini
1352 2181 1451 2245 Nieoa
1472 2180 1577 2244 dicant
1592 2219 1631 2228 -

442 2289 605 2365 „liuoina”
630 2290 669 2353 ab
693 2311 748 2366 eo,
772 2288 858 2374 quod
881 2291 913 2353 in
937 2288 1044 2355 lucem
1067 2289 1231 2374 producat.
1256 2286 1309 2369 (O)

487 2394 622 2459 Notavit
646 2394 695 2460 W.

486 2499 536 2580 (5)
568 2500 649 2576 „Fer
672 2502 787 2585 opem'’
811 2507 941 2586 propter
964 2501 1049 2586 quod
1072 2501 1194 2566 Luoina
1216 2507 1275 2565 est.
1300 2499 1377 2566 Inde
1400 2501 1632 2576 obstetrix,

439 2607 524 2692 quod
547 2628 660 2691 opem
687 2605 849 2673 tulerit.
921 2607 1110 2672 Obstetrieis
1134 2609 1255 2672 mentio
1279 2607 1318 2672 ab
1341 2607 1372 2671 h.
1397 2606 1419 2670 l.
1443 2606 1547 2672 aliena
1566 2612 1632 2683 est,

441 2713 496 2778 sed
520 2711 648 2777 rettulit
671 2714 837 2798 magister,
862 2715 1008 2798 quisquis
1032 2719 1091 2791 est,
1115 2713 1274 2779 scholium
1298 2712 1417 2777 Donati
1439 2712 1478 2776 ad
1498 2711 1513 2776 l
1534 2710 1564 2776 5.
1578 2711 1632 2787 64,

440 2818 592 2882 inductus
615 2820 655 2881 iis
678 2837 759 2902 quae
783 2816 864 2883 Don.
888 2819 921 2883 h.
945 2817 968 2882 l.
993 2818 1081 2884 dedit
1103 2821 1137 2883 in
1162 2819 1210 2899 (3)
1233 2824 1265 2883 et
1288 2817 1336 2898 (6)

485 2985 532 3050 Ill
555 2984 621 3050 24
657 2985 746 3067 Quod
770 2988 852 3050 iussi
875 2986 943 3051 dari
967 2988 1074 3052 bibere
1098 2993 1130 3051 et
1154 2992 1312 3071 quantum
1336 2987 1494 3072 imperavi
1516 2986 1588 3050 date

486 3091 582 3157 Don:
604 3092 832 3157 consuetudine
853 3114 951 3177 quam
966 3090 989 3173 ¹)
1010 3095 1133 3158 ratione
1146 3092 1227 3157 dixit
1241 3113 1315 3178 pro:
1332 3092 1404 3158 date
1417 3095 1447 3157 ei
1458 3094 1632 3177 potionem.

440 3197 586 3262 Lucilius
609 3200 643 3261 iu
666 3200 796 3282 quinto:
822 3198 884 3276 „da
907 3199 1014 3264 bibere
1037 3220 1055 3264 a
1079 3198 1242 3264 summo”.

486 3304 595 3388 Mag.:
622 3304 673 3379 „d.
698 3303 751 3368 h.”
777 3324 851 3368 nam
876 3305 939 3369 duo
964 3304 1060 3370 verba
1083 3307 1228 3369 iniuncta
1250 3303 1379 3371 nullum
1399 3305 1517 3369 habent
1535 3304 1635 3387 signi·

440 3410 571 3475 deatum
595 3413 662 3475 sins
686 3412 814 3475 nomine
837 3418 894 3476 aut
916 3414 1122 3496 pronomine,
1148 3417 1186 3475 ut
1210 3413 1237 3475 si
1262 3410 1348 3475 dieas
1371 3410 1438 3474 die
1461 3410 1608 3473 faeere.

486 3515 674 3581 Wessner
697 3515 846 3581 laeunam
870 3516 1025 3582 indicavit
1048 3524 1121 3582 ante
1147 3537 1243 3594 „nam
1268 3515 1365 3591 duo'’,
1396 3514 1451 3579 sed
1477 3516 1634 3599 magister

439 3625 596 3686 rationem
617 3621 745 3688 reddere
758 3622 897 3700 videtur,
914 3644 971 3687 sur
982 3622 1128 3688 Donatus
1141 3622 1298 3688 addiderit
1310 3642 1484 3707 pronomen
1504 3623 1551 3686 ei.
1576 3620 1632 3698 (D)

488 3785 506 3852 7
541 3786 847 3872 „Quandoquidem
871 3790 939 3872 ipse
961 3788 1032 3853 est”

486 3894 575 3979 Mag.
601 3893 666 3974 (2):
692 3894 853 3980 quaudo
877 3902 910 3960 et
933 3917 1022 3959 eum
1045 3895 1210 3960 interdum
1234 3893 1375 3960 causales
1394 3899 1469 3958 sunt
1487 3895 1633 3958 coniunc-

439 4004 552 4066 tiones.

486 4108 567 4172 Don.
581 4105 630 4187 (3)
641 4108 683 4170 Et
698 4107 866 4191 „quaudo”
880 4129 935 4192 pro
952 4109 1145 4193 quoniam
1164 4112 1196 4170 et
1213 4126 1270 4189 pro
1287 4128 1336 4191 qu
1346 4108 1385 4170 ia
1400 4104 1631 4191 intellegimus.

485 4214 630 4279 Donatus
649 4234 738 4279 more
757 4235 815 4279 suo
835 4219 919 4279 tacet
930 4214 969 4279 de
989 4235 1096 4291 oum,
1116 4215 1191 4298 quia
1202 4214 1235 4276 iu
1248 4219 1340 4277 textu
1352 4234 1414 4278 non
1427 4212 1558 4300 legitur.
1579 4210 1632 4293 (G)

490 4366 530 4429 10
563 4365 612 4445 (5)
644 4364 868 4451 „Puerperae”
892 4367 1014 4442 omnis,
1038 4385 1119 4450 quae
1142 4366 1267 4449 peperit
1292 4401 1330 4412 —
1357 4364 1405 4444 (6)
1430 4364 1630 4447 „Puerpera”

473 4625 500 4687 1)
525 4623 629 4671 Omiseio
652 4623 808 4686 comparativi
832 4622 940 4688 potius
964 4623 1000 4671 vel
1025 4622 1135 4686 magis,
1159 4625 1217 4671 uota
1239 4638 1252 4670 e
1275 4622 1357 4671 Tacito
1379 4625 1403 4671 et
1422 4622 1511 4687 poetis,
1528 4622 1631 4672 inveniri

440 4706 536 4754 uidetur
560 4704 633 4753 etiem
655 4704 681 4752 in
707 4705 745 4753 IlI
771 4707 836 4755 225
859 4707 900 4765 (2).
927 4705 956 4753 ln
981 4705 993 4753 Ι
1019 4705 1065 4753 1.8
1089 4706 1125 4766 (l)
1148 4704 1218 4753 verba
1235 4705 1461 4754 commendatio
1480 4720 1631 4769 personae

441 4801 528 4851 quam
546 4787 631 4836 servi
649 4792 762 4853 corrupta
778 4788 838 4837 mini
856 4788 975 4838 videntur.
