4525 5950
784 671 827 717 no
849 668 996 716 rsooecu
1018 669 1100 716 erun
1125 669 1291 717 nomon.
1564 647 1628 715 169

444 839 553 902 venire
576 834 713 912 videtur,
734 854 831 919 quam
851 833 890 899 ad
909 832 1048 920 clipeum
1067 833 1121 899 vel
1140 841 1269 900 scutum
1288 837 1411 911 minus,
1432 856 1506 900 cum
1525 839 1634 900 tamen

445 964 493 1008 vs.
526 944 670 1028 sequenti
700 940 790 1006 illius
814 941 974 1006 thoracem
998 945 1132 1006 aeneum
1155 941 1270 1026 Apollo
1292 941 1415 1008 solvere
1437 948 1583 1008 narretur
1598 944 1632 1022 ¹).

443 1049 517 1113 Nisi
547 1053 687 1133 praestat
716 1068 841 1112 sumere
872 1047 956 1110 hunc
987 1068 1117 1111 versum
1151 1047 1257 1113 deberi
1281 1053 1391 1133 potitae
1414 1052 1579 1113 recentiori
1593 1047 1629 1129 ²).

443 1156 579 1239 Quoquo
610 1153 704 1219 modo
736 1158 844 1218 autem
875 1153 934 1217 hoc
965 1173 998 1218 se
1030 1153 1136 1230 habet,
1168 1157 1266 1218 etiam
1291 1153 1629 1231 cressiacum

443 1264 525 1327 Aiax
557 1260 674 1325 dicitur
704 1263 862 1324 sustinere
887 1260 978 1330 σάκος
1003 1259 1076 1335 ἠύτε
1100 1260 1226 1337 πύργον,
1252 1271 1280 1324 Λ
1295 1259 1359 1325 245
1384 1261 1440 1325 ubi
1462 1260 1547 1326 idem
1571 1268 1631 1326 ter·

443 1390 525 1456 gum
544 1369 643 1432 vertit
666 1365 764 1431 άτιθνν
789 1365 826 1431 de
849 1365 941 1435 σάκος
963 1365 1073 1442 ’βάκεν
1092 1365 1286 1443 ἓττιιβάειον,
1308 1387 1357 1432 res
1376 1388 1437 1432 non
1456 1369 1633 1434 certissima

443 1481 503 1541 est.
535 1472 618 1538 Nam
649 1476 745 1538 etiam
776 1471 871 1558 clipei
901 1475 1117 1557 antiquissimi
1148 1479 1181 1538 et
1210 1479 1300 1539 scuta
1332 1476 1465 1552 minora,
1497 1495 1571 1540 cum
1593 1496 1633 1541 ex

442 1581 550 1645 fasciis
585 1579 757 1665 penderent
770 1576 805 1660 ³),
841 1582 874 1643 in
910 1585 1041 1664 tergum
1076 1581 1178 1644 conici
1212 1586 1376 1664 poterant,
1409 1578 1633 1665 appellationes

443 1694 554 1752 autem
573 1685 645 1750 illas
666 1685 757 1757 σάκος
780 1687 853 1760 ἠύτε
873 1687 1005 1765 σάργοι,
1027 1685 1120 1755 σάκος
1143 1684 1335 1762 ἑπταβόειον,
1357 1688 1505 1770 quamvis
1522 1685 1633 1770 clipeis

444 1794 553 1855 miuus
584 1794 743 1876 proprias,
774 1797 881 1856 tamen
913 1790 990 1857 locis
1019 1792 1156 1868 nostris,
1179 1811 1254 1855 cum
1277 1789 1359 1855 nihil
1382 1790 1527 1867 addatur,
1551 1790 1633 1857 unde

444 1908 594 1981 appareat
621 1896 697 1982 quid
720 1898 782 1962 sibi
804 1899 1027 1982 proposuerint
1049 1903 1211 1974 auctores,
1236 1895 1337 1962 nihilo
1359 1899 1464 1983 magis
1486 1904 1634 1962 vetamur

443 2025 541 2090 quam
564 2007 712 2090 cogimur
734 2003 859 2069 credere
882 1988 1010 2069 aliunde
1034 2002 1196 2069 desumtas
1215 2025 1299 2081 esse,
1319 2007 1446 2089 propria
1464 2024 1574 2069 earum
1594 2007 1628 2068 vi

443 2110 591 2196 neglecta
604 2109 640 2191 ⁴).
672 2110 771 2174 Porro
802 2107 909 2173 3388
930 2130 987 2194 sq,
1019 2118 1052 2174 Μ
1074 2108 1140 2173 402
1172 2116 1283 2175 utrum
1314 2111 1409 2181 άονιὶς
1445 2111 1628 2187 άμφιβιάτν

442 2214 660 2301 intellegenda
688 2218 730 2280 sit
759 2214 880 2301 clipeus
911 2213 962 2279 vel
992 2221 1121 2280 scutum
1151 2218 1276 2293 minus,
1307 2237 1346 2281 an
1378 2222 1505 2282 scutum
1530 2214 1628 2282 talare

442 2344 506 2387 non
537 2329 668 2408 apparet
698 2342 892 2407 quamquam
920 2321 979 2386 hoc
1003 2327 1135 2406 apparet
1157 2323 1323 2387 thoracum
1346 2328 1515 2388 aeneorum
1540 2325 1632 2389 ratio

442 2449 520 2494 nem
550 2450 612 2493 non
644 2428 762 2492 haberi.
793 2428 877 2493 Nam
908 2425 1007 2492 altero
1030 2426 1098 2493 loco
1122 2429 1356 2515 Agamemnon,
1381 2426 1501 2493 milites
1524 2430 1632 2494 cohor-

444 2542 534 2599 tatus
571 2540 609 2599 ut
642 2555 731 2599 arma
764 2533 804 2598 ad
836 2553 980 2619 pugnam
1014 2533 1216 2619 expedirent,
1253 2533 1385 2599 diversis
1419 2536 1630 2612 enumeratis,

442 2662 547 2725 neque
571 2649 676 2705 tamen
704 2641 842 2705 thoracis
874 2639 957 2704 facta
987 2642 1162 2716 mentione,
1195 2641 1241 2705 ita
1271 2641 1378 2725 pergit
1408 2660 1454 2704 vs.
1479 2638 1545 2705 388
1565 2661 1630 2725 sq.:

441 2746 623 2823 τιδράσνι
654 2747 710 2822 μέν
741 2770 793 2809 rav
824 2745 969 2820 σνλάμινν
999 2745 1107 2822 ἀμφὶ
1140 2746 1342 2823 στήθεσφι
1374 2746 1501 2816 irritor
1532 2747 1632 2825 άμφι-

441 2852 576 2931 βράτιις,
608 2851 692 2937 quod
721 2851 867 2937 prohibet
898 2851 1010 2916 thorax
1034 2856 1167 2928 eduens,
1195 2853 1223 2916 si
1246 2853 1318 2937 quis
1340 2873 1377 2918 eo
1400 2852 1549 2917 inductus
1571 2859 1629 2918 ast.

441 2958 555 3026 Altero
590 2966 698 3025 autem
732 2957 802 3024 loco
835 2956 955 3024 Teucer
993 2960 1112 3045 sagitta
1148 2959 1206 3023 icit
1238 2955 1427 3044 Sarpedonis
1461 2965 1628 3032 τελιιιιῶνιν

442 3068 512 3142 περὶ
549 3068 699 3144 στήθεσφι
732 3066 857 3143 Φοινινὸν
887 3067 1015 3137 άσσίδος
1048 3065 1264 3143 άμφιβράσκς,
1304 3067 1391 3130 άλλά
1423 3068 1498 3136 Ζεὺς
1534 3074 1626 3145 κῆράς

441 3172 544 3248 άμννε
580 3172 685 3242 παιδὸς
720 3173 791 3249 troi,
828 3174 884 3257 qni
913 3174 941 3235 si
973 3171 1099 3236 thorace
1129 3170 1262 3236 indutus
1292 3171 1422 3249 fuisset,
1448 3193 1509 3237 non
1532 3171 1629 3237 fascia

441 3280 602 3345 diceretur
625 3279 780 3365 praesidio
805 3279 912 3342 fnisse.
936 3276 999 3344 ssd
1022 3277 1147 3344 duobus
1166 3284 1292 3343 tantum
1310 3277 1389 3343 locis
1409 3280 1426 3353 ἦ
1446 3251 1540 3348 airoth
1561 3281 1629 3344 sive

441 3389 480 3452 τὸ
512 3386 604 3456 σάκος
639 3388 684 3451 eis
718 3385 902 3450 nominibus
936 3391 1151 3469 nuncupatur,
1186 3405 1266 3469 qnae
1297 3405 1370 3449 cum
1402 3391 1516 3449 natura
1547 3387 1631 3450 scuti

441 3491 573 3569 talaris,
609 3513 671 3555 non
706 3512 780 3555 vero
811 3489 904 3575 clipei
935 3489 987 3555 vel
1018 3492 1101 3554 scuti
1132 3492 1266 3555 minoris
1295 3496 1488 3577 congruant,
1518 3492 1565 3555 ita
1595 3496 1632 3555 ut

441 3597 545 3665 simul
574 3619 590 3662 e
618 3598 712 3663 rebus
735 3600 813 3683 ipsis
838 3599 973 3662 narretis
997 3603 1147 3682 appareat
1168 3596 1252 3661 illud
1273 3599 1418 3682 spectari.
1442 3597 1571 3662 Etenim
1595 3600 1630 3660 in

441 3706 618 3771 certamine
637 3703 794 3790 singulari
813 3725 888 3768 oum
907 3703 1046 3768 Hectore
1059 3711 1085 3767 H
1100 3701 1243 3781 17-40,
1258 3702 1424 3781 43-131,
1441 3703 1628 3782 161-196,

440 3810 635 3887 200-205,
672 3808 860 3886 ale-312,
896 3809 973 3874 haec
1007 3811 1092 3873 enim
1122 3810 1289 3875 cohaerent
1302 3808 1338 3889 5),
1370 3811 1402 3874 tt
1433 3810 1526 3880 σάκος
1553 3809 1626 3886 ἠύτε

480 4070 506 4131 1)
524 4068 560 4116 Gi.
578 4083 650 4133 snpra
666 4083 689 4132 p.
710 4067 765 4117 155.

480 4151 508 4214 2)
526 4150 562 4199 Gi.
581 4150 644 4199 inira
661 4152 722 4212 §lc

479 4236 506 4297 3)
524 4233 560 4282 Cf.
578 4248 650 4298 supra
667 4250 690 4298 p.
709 4231 765 4291 127,
782 4249 805 4297 p.
825 4233 881 4282 its.

478 4317 506 4378 4)
524 4316 603 4364 litium
625 4315 713 4382 clipeos
735 4314 911 4379 antiquissimos
932 4314 969 4362 vel
991 4318 1058 4363 scuta
1080 4314 1172 4364 minora
1193 4315 1386 4381 ccompluribue
1401 4318 1473 4367 coriis
1489 4319 1535 4369 tihi
1553 4335 1634 4385 super·

438 4397 563 4463 impositis
584 4402 734 4448 constructos
757 4412 806 4446 ease
823 4398 964 4447 documento
981 4411 1016 4447 est
1032 4396 1122 4463 clipeus
1139 4397 1239 4447 Achillis
1255 4414 1269 4446 ι
1286 4398 1394 4448 Volccuo
1412 4400 1531 4450 conicetur
1549 4401 1633 4461 2478,

439 4480 473 4529 ci.
495 4493 568 4543 supra
584 4495 606 4544 p.
631 4480 687 4529 let.
713 4479 792 4528 Aiacis
814 4479 904 4528 sodales
926 4480 967 4544 qui
984 4495 1038 4529 cum
1055 4482 1179 4543 expectant
1196 4494 1229 4528 re.
1250 4484 1275 4528 Λ
1291 4479 1339 4529 898
1355 4479 1437 4546 clipei·
1453 4487 1557 4533 armetoe
1574 4484 1632 4547 tingi

440 4561 547 4612 vidimus
564 4577 586 4626 p.
608 4562 665 4611 15⁹.

480 4646 507 4706 t)
531 4643 615 4693 Nolim
637 4642 760 4707 perhibere
783 4643 835 4692 tieri
858 4659 905 4692 non
928 4659 995 4709 posse
1013 4647 1040 4693 ut
1056 4643 1129 4693 ctiam
1146 4659 1191 4693 νιν.
1211 4644 1253 4709 qni
1270 4645 1420 4695 intercedunt
1436 4646 1500 4696 inter
1517 4663 1556 4697 coc
1572 4664 1632 4712 quoe

441 4725 523 4783 edidi,
548 4726 624 4775 eidem
649 4725 778 4775 debeantur
805 4726 910 4785 auctum,
935 4713 975 4775 sed
1001 4730 1060 4791 pute
1084 4726 1135 4775 heri
1156 4742 1222 4791 perse
1241 4731 1266 4776 ut
1281 4727 1364 4777 inserti
1378 4728 1434 4777 sint.
1452 4728 1560 4793 Itemque
1577 4730 1633 4779 sciri

441 4808 529 4875 nequit
551 4823 581 4858 an
604 4824 631 4857 ca
653 4824 712 4873 qnae
735 4808 879 4875 praecedunt
901 4815 925 4858 et
940 4824 1000 4873 quac
1017 4813 1149 4875 sequnntur
1172 4809 1201 4859 ab
1226 4809 1274 4860 aiio
1290 4816 1389 4861 suntme
1405 4811 1507 4862 crintula
1523 4811 1579 4863 rint
1599 4814 1633 4863 ite
