4525 5950
520 708 582 771 136
1036 723 1186 770 sarsurus.

513 910 592 974 opus
624 894 690 952 erat
721 887 748 950 V
779 890 892 963 minis,
923 887 1002 950 falso
1031 891 1162 962 nuntio,
1187 887 1325 972 epistula
1349 889 1473 953 facticia
1496 895 1549 970 (nt
1572 893 1606 953 10
1634 890 1714 956 Bac-

512 996 683 1071 chidibus),
706 1000 807 1078 utque
830 996 965 1057 sciretur
987 1015 1101 1057 nomen
1125 993 1257 1073 militis,
1283 995 1455 1059 Phoenicio
1479 995 1591 1080 procul
1612 996 1711 1060 dubio

512 1123 574 1165 non
605 1105 771 1186 ignotuur;
804 1099 842 1163 de
873 1098 1020 1184 symbolo
1051 1121 1125 1163 curn
1157 1122 1219 1164 nou
1242 1099 1369 1164 locutus
1392 1110 1475 1166 esset
1499 1101 1622 1178 Ballio,
1647 1103 1709 1166 hoc

512 1206 690 1272 Pseudolus
714 1227 824 1270 curare
849 1227 912 1269 non
937 1206 1080 1269 debebat.

558 1313 754 1378 Pseudolum
775 1318 865 1397 post
887 1312 1013 1377 verba
1032 1310 1196 1376 lenonis
1216 1312 1387 1378 consilium
1407 1316 1586 1378 mutavisse
1608 1320 1710 1379 osten-

511 1420 591 1484 dunt
616 1441 652 1483 aa
675 1439 756 1503 quae
778 1417 923 1501 loquitur
946 1438 992 1481 vs.
1019 1416 1081 1480 381
1098 1439 1164 1503 sqq.
1191 1419 1244 1481 ubi
1266 1421 1332 1482 iarn
1356 1439 1418 1482 non
1442 1424 1479 1482 ut
1502 1425 1597 1483 antea
1622 1419 1710 1484 calli-

511 1526 646 1590 ditatem
677 1545 768 1589 suam
800 1535 832 1587 et
856 1525 1004 1607 peritiam
1027 1524 1066 1587 ad
1091 1523 1230 1588 turbelas
1254 1524 1379 1588 ciendae
1403 1525 1598 1611 generaliter
1622 1547 1710 1610 prae

511 1633 613 1708 dicat,
646 1640 702 1695 aut
724 1632 832 1694 inania
856 1632 1009 1705 minatur,
1034 1637 1070 1693 ut
1098 1629 1161 1693 100
1186 1638 1217 1693 01
1241 1631 1307 1694 232
1329 1652 1415 1716 000.,
1441 1631 1494 1695 sed
1519 1630 1705 1717 aliquem

511 1737 650 1802 dolum
673 1757 705 1800 se
729 1739 835 1800 animo
856 1738 1036 1819 concepisse
1056 1736 1232 1820 significat,
1254 1759 1316 1821 quo
1336 1736 1408 1801 leno
1433 1740 1612 1802 certissime
1636 1741 1706 1822 capi

510 1846 609 1928 possit
639 1850 733 1927 atque
757 1842 853 1905 huius
878 1840 943 1904 doli
967 1842 1174 1925 praeparandi
1197 1846 1329 1906 initium
1354 1846 1419 1906 iam
1444 1844 1520 1907 10011
1542 1846 1707 1928 imperans

511 1947 672 2023 Calidoro,
694 1956 730 2011 ut
754 1954 878 2011 certum
901 1954 934 2010 01
957 1955 1089 2010 cautum
1114 1950 1216 2031 operis
1239 1947 1418 2011 adiutorem
1443 1951 1509 2011 sine
1533 1969 1624 2012 mora
1645 1950 1707 2013 sibi

509 2034 656 2140 0000000
690 2074 765 2118 cum
795 2057 882 2117 enirn
913 2052 985 2116 leno
1017 2054 1125 2117 abiens
1156 2053 1256 2117 dixit:
1291 2052 1433 2138 „Negoti
1458 2075 1531 2117 sum
1557 2054 1706 2139 pleuus'',

507 2160 685 2225 Pseudolus
714 2181 789 2223 curn
813 2158 928 2222 fiducia
951 2157 1104 2243 praedicit
1129 2159 1195 2222 fore
1220 2167 1256 2222 ut
1280 2158 1388 2243 paullo
1413 2168 1485 2243 post
1507 2162 1607 2223 etiam
1632 2160 1706 2244 plus

508 2268 632 2350 negotii
654 2263 761 2328 100001
785 2264 939 2328 10000001;

1260 2367 1375 2433 Paullo
1400 2376 1472 2453 post
1495 2373 1612 2454 magis.

596 2474 666 2538 Illic
678 2476 774 2539 homo
788 2496 877 2537 meus
891 2483 949 2547 001,
963 2477 1023 2536 0101
1037 2495 1147 2538 ornnes
1160 2474 1192 2536 di
1206 2495 1257 2537 me
1269 2483 1365 2558 01000
1378 2475 1526 2539 homines
1539 2475 1702 2539 deserunt.

595 2580 756 2644 Exossabo
777 2600 836 2665 ego
857 2577 953 2642 illum
975 2578 1124 2642 simulter
1144 2579 1258 2643 itidem
1280 2590 1316 2642 ut
1336 2601 1523 2644 muraenam
1545 2601 1674 2665 coquos.

596 2685 704 2767 Nunc,
732 2682 896 2760 Calidoro,
922 2692 953 2747 te
977 2684 1058 2747 mibi
1083 2705 1213 2768 operam
1237 2684 1310 2748 dare
1335 2683 1409 2748 volo

505 2799 537 2855 et
561 2812 642 2875 quae
666 2796 843 2875 sequuntur
867 2790 905 2853 ad
930 2789 1026 2853 finem
1050 2811 1172 2854 scenas.

550 3003 697 3067 Vidimus
729 3024 826 3087 quam
858 3002 962 3066 multa
987 3011 1131 3087 pugnent
1155 3007 1188 3065 10
1213 3004 1263 3066 his
1286 3007 1388 3067 scenis
1412 3025 1487 3068 cum
1513 3006 1699 3072 venditione

501 3110 665 3173 Phoenicii
689 3130 834 3193 expressa
857 3111 890 3171 in
916 3107 1039 3172 tabellis
1065 3130 1142 3192 quas
1165 3108 1342 3173 Pseudolus
1367 3130 1419 3173 ero
1444 3113 1603 3175 recitavit.
1630 3111 1696 3176 Iam

503 3237 576 3279 vero
608 3225 645 3279 ut
668 3216 727 3278 hae
753 3217 982 3300 repugnantiae
1007 3236 1069 3278 uuo
1093 3218 1160 3277 ictu
1185 3221 1460 3291 summoveantur,
1485 3238 1548 3280 uon
1572 3239 1698 3282 necesse

501 3329 549 3385 est
570 3327 605 3383 nt
627 3331 692 3384 tota
713 3319 845 3383 tollatur
864 3318 1018 3404 epistula,
1040 3320 1092 3383 sed
1114 3327 1151 3383 ut
1170 3324 1194 3383 ii
1214 3328 1340 3383 tantum
1362 3343 1471 3385 versus
1492 3321 1698 3405 expellantur

478 3421 480 3425 ’
502 3430 557 3511 001
579 3430 785 3490 rationem
806 3439 845 3491 et
865 3435 1029 3510 tempus
1047 3427 1241 3490 venditionis
1255 3430 1427 3490 continent.
1451 3429 1557 3512 Atque
1572 3450 1697 3493 necesse

501 3541 548 3595 est
570 3533 718 3615 quidem,
739 3543 776 3596 ut
794 3532 935 3616 aliquam
956 3535 1167 3596 monitionem
1188 3530 1355 3597 Calidorus
1374 3535 1412 3596 ab
1425 3536 1528 3597 amica
1541 3538 1697 3618 acceperit

500 3640 668 3701 imminere
701 3638 878 3722 periculum
909 3660 947 3701 ne
980 3639 1163 3723 propediem
1188 3637 1355 3715 alienetur,
1380 3662 1470 3705 secus
1495 3644 1581 3705 enim
1607 3638 1694 3704 nulla

500 3764 593 3807 causa
628 3753 709 3806 00001
738 3765 795 3806 000
825 3746 869 3818 10,
907 3748 963 3827 001
994 3745 1119 3808 tamdiu
1152 3744 1243 3808 larus
1275 3754 1307 3808 et
1341 3745 1508 3831 negligens
1533 3747 1693 3811 10000110

500 3849 678 3931 quaerenda
699 3851 848 3931 pecunia,
870 3871 954 3912 nunc
976 3852 1080 3914 subito
1105 3851 1164 3913 boc
1188 3853 1275 3913 omni
1301 3872 1395 3934 opera
1419 3852 1572 3928 studeret,
1598 3852 1692 3936 idque

500 3956 634 4038 probant
654 3975 778 4037 quoque
803 3975 932 4031 versus,
957 3977 1037 4039 quos
1061 3976 1157 4039 supra
1181 3957 1322 4021 indicavi

499 4059 565 4124 284
591 4059 673 4122 Nam
696 4059 729 4121 id
753 4061 805 4124 hic
830 4064 948 4124 metuit
971 4083 1010 4125 ue
1034 4060 1125 4125 illam
1152 4062 1269 4126 vendas
1293 4064 1332 4125 ob
1356 4062 1569 4128 simultatem.

501 4164 566 4230 382
591 4164 762 4250 Opperiare
787 4167 843 4231 bos
867 4188 921 4230 sex
947 4167 1013 4231 dies
1038 4167 1161 4252 aliquos
1185 4168 1295 4245 modo,

590 4271 638 4333 Ne
661 4270 753 4334 illam
777 4271 895 4335 vendas
920 4293 982 4335 neu
1007 4294 1058 4337 me
1084 4274 1195 4357 perdas
1219 4275 1383 4338 bominem
1412 4283 1587 4340 amantem.

499 4398 579 4463 quae
601 4378 696 4440 verba
716 4379 755 4439 ab
775 4376 874 4440 altera
895 4387 981 4461 parte
1002 4379 1177 4443 excludunt
1198 4387 1317 4444 certam
1339 4379 1530 4444 venditionis
1546 4384 1694 4446 notitiam

498 4488 529 4547 in
566 4482 719 4547 Pseudolo
743 4491 774 4547 01
798 4481 960 4560 Calidoro,
986 4487 1025 4549 ab
1050 4486 1151 4550 altera
1177 4495 1283 4550 tamen
1308 4486 1449 4570 aliquem
1476 4498 1602 4552 metum
1625 4510 1694 4573 pro

499 4591 579 4654 dunt
611 4588 821 4663 venditionis,
854 4611 949 4674 quem
981 4592 1185 4675 suppeditare
1216 4591 1326 4655 debuit
1356 4592 1519 4657 Phoenicii
1544 4592 1691 4679 epistula.

500 4696 610 4779 ltaque
642 4715 697 4777 pro
728 4698 768 4757 iis
793 4716 872 4778 0000
897 4718 979 4759 0000
1003 4696 1158 4781 leguntur
1180 4700 1213 4759 in
1241 4718 1284 4760 vs.
1311 4697 1456 4771 51-60,
1483 4699 1690 4762 Phoenicium

500 4803 573 4864 lroc
599 4809 761 4863 tantum
786 4820 948 4865 monere
974 4801 1100 4876 debuit,
1126 4823 1193 4865 0000
1217 4822 1274 4864 000
1298 4810 1439 4878 metuat,
1464 4823 1502 4866 ne
1524 4807 1691 4889 peregrino
