4525 5950
660 681 726 746 440
1131 696 1372 747 nanosrnssss.

658 885 760 950 quum
779 865 847 951 ipae
867 864 969 929 scriba
988 863 1120 940 fuisset,
1142 867 1365 941 πραγματικοῦ
1384 887 1462 934 τινος
1483 883 1578 949 opera
1596 884 1660 929 non
1671 863 1846 952 indigebat.

656 970 743 1037 Hinc
781 991 907 1057 quoque
945 970 1067 1035 factum
1098 976 1148 1034 est
1177 975 1216 1033 ut
1245 968 1493 1045 Demosthenes,
1529 973 1585 1057 qni
1615 977 1686 1036 tam
1716 971 1849 1037 munde

657 1077 832 1143 disserebat
866 1077 904 1144 de
939 1078 1034 1143 rebus
1068 1078 1226 1153 externis,
1261 1077 1427 1142 Aeschinis
1456 1075 1679 1142 cavillationes
1710 1078 1849 1143 refutare

657 1207 720 1251 non
742 1188 900 1272 potnerit,
925 1188 981 1270 qui
1003 1187 1037 1249 in
1060 1204 1154 1249 causa
1175 1181 1401 1270 ctesiphonten
1419 1184 1626 1250 contenderat
1647 1206 1801 1251 coronam
1819 1189 1849 1250 in

656 1294 782 1359 theatro
804 1314 867 1358 non
889 1291 986 1358 licere
1009 1294 1206 1357 renunciare.

702 1513 720 1596 ᾖ
742 1509 806 1576 145
831 1532 863 1598 p.
888 1509 971 1577 745:
995 1512 1069 1575 ἀλλ’
1095 1511 1147 1588 έΦ’
1169 1505 1212 1582 οἷς
1234 1518 1335 1574 κεῖται
1356 1511 1371 1575 θ
1391 1510 1481 1585 νθμος
1499 1507 1601 1587 οὗτος,
1621 1510 1736 1589 θιθιέξω
1759 1512 1849 1589 ὑμᾶς.

656 1614 769 1689 οὗτος
805 1620 868 1693 γὰρ
903 1619 971 1683 οῶιι
1003 1616 1053 1681 cxi
1086 1625 1149 1688 τοῖς
1182 1616 1367 1695 κεκριμένοις
1399 1617 1451 1679 καὶ
1484 1616 1698 1694 ἠγωνισμένοις
1731 1627 1849 1696 νοεῖται,

656 1726 730 1788 αλλ’
762 1723 812 1788 ἐπὶ
846 1731 907 1796 τοῖς
939 1725 1082 1801 tapinos.
1118 1721 1240 1787 Parum
1270 1721 1434 1809 eleganter
1463 1723 1524 1789 hoc
1554 1727 1768 1790 enunciatum
1799 1732 1846 1792 est

654 1832 762 1916 iteqne
795 1829 939 1896 Blassius
969 1828 1074 1896 delere
1104 1827 1211 1895 voluit
1238 1827 1252 1893 θ
1278 1830 1366 1905 νόμος
1390 1825 1493 1902 οὗτος·
1518 1830 1667 1916 equidem
1689 1833 1849 1898 scribam:

655 1939 689 2002 οὕ
712 1937 776 2018 γαρ
800 1937 850 2001 έπὶ
875 1946 938 2009 τοῖς
963 1937 1165 2016 κεκριμένοις,
1191 1935 1256 2001 xri.

700 2140 804 2227 §148
835 2163 866 2229 p.
893 2139 976 2209 746:
1008 2141 1157 2207 ῶπιθντων
1188 2141 1252 2219 χιὶρ
1284 2140 1534 2221 κυριώτατον
1565 2140 1640 2222 ᾤετο
1675 2141 1742 2205 δεῖν
1775 2139 1848 2208 εἶναι

655 2250 689 2312 τι
713 2249 891 2326 transisses.
916 2248 1026 2336 Longe
1049 2246 1135 2314 malo
1154 2249 1351 2332 positivum:
1377 2249 1519 2323 κύριον.
1545 2247 1615 2312 Ηοο
1634 2248 1737 2315 modo
1758 2272 1849 2337 saepe

654 2361 789 2433 erratur,
814 2355 919 2421 veluti
942 2354 1038 2440 §153
1063 2377 1095 2440 p.
1123 2352 1207 2419 748:
1232 2353 1313 2417 ἄλλο
1336 2377 1366 2416 τι
1390 2360 1448 2417 τῶν
1472 2363 1527 2428 τῆς
1547 2356 1666 2426 πόλεως
1689 2356 1851 2437 ἰσχυρο-

655 2463 785 2526 τατων
810 2463 1027 2546 καταλύοντα,
1052 2465 1207 2547 praestat:
1232 2461 1416 2542 ἰσχυρῶν.

699 2680 802 2767 §162
834 2704 865 2767 p.
892 2679 973 2746 751:
1007 2682 1101 2747 πέντε
1131 2683 1294 2747 ταλάντων
1327 2683 1397 2757 ὑμῖν
1430 2683 1635 2747 τεθέντων.
1670 2681 1779 2749 Moris
1802 2689 1848 2748 est

654 2787 775 2853 dicere:
808 2788 1139 2867 κατατεθέντων,
1172 2789 1244 2856 vide
1275 2811 1307 2855 ν.
1332 2811 1357 2854 ο.
1390 2788 1493 2875 §195
1525 2812 1557 2875 p.
1582 2787 1646 2854 761
1679 2796 1716 2854 et
1742 2792 1760 2875 ᾖ
1785 2789 1845 2855 197

655 2917 686 2981 p.
713 2892 789 2960 761.

695 3093 799 3184 §178
831 3122 862 3185 p.
888 3098 970 3165 754:
1001 3099 1189 3165 incisiones
1213 3101 1358 3165 πλειθνων
1383 3102 1399 3175 ἢ
1425 3100 1606 3180 τριάκοντα,
1630 3104 1692 3177 ἀφ’
1719 3098 1755 3165 οὗ
1779 3099 1844 3178 0'7'

652 3204 788 3287 ἕτερος
821 3207 901 3284 ὑμῶν
926 3209 1150 3271 πεπολίτευται
1175 3207 1227 3271 καὶ
1252 3209 1282 3270 έν
1305 3209 1401 3286 τοθτιρ
1424 3210 1522 3289 χρόνῳ
1547 3213 1669 3271 πολλῶν
1694 3210 1755 3283 μὲν
1777 3233 1845 3286 spa·

652 3320 754 3390 πηγῶν
789 3313 970 3389 ηδιιιηιιέτων
1005 3316 1059 3387 την
1096 3313 1196 3392 πθλιν,
1232 3320 1352 3378 πολλῶν
1384 3315 1416 3379 δέ
1447 3315 1573 3394 ρητόρων
1598 3361 1699 3380 .....
1732 3314 1844 3385 οὐθενὸς

651 3420 769 3486 πώποτ’
790 3420 941 3498 ἐξητάσθη
963 3421 1132 3497 κατήγορος
1155 3420 1237 3496 ὑμῶν
1257 3420 1419 3496 οὐδέτεροι.
1439 3421 1510 3486 Non
1523 3418 1665 3486 multum
1677 3421 1844 3506 proficitur

652 3527 766 3592 Blaesii
797 3530 994 3593 coniectura:
1027 3523 1134 3601 ἄτερθε
1163 3529 1197 3602 η’
1222 3527 1314 3604 ὑμῶν,
1338 3548 1394 3592 nec
1417 3532 1580 3612 praeterea
1603 3548 1679 3591 cum
1705 3527 1843 3594 Amoldo

650 3634 817 3699 Schaesero
848 3632 1037 3699 crediderim
1069 3632 1285 3698 Timocratem
1314 3634 1509 3698 Androtione
1540 3632 1646 3698 multo
1675 3633 1779 3700 fnisse
1800 3637 1843 3698 in·

651 3743 790 3819 nierem;
824 3746 912 3805 totns
944 3739 1049 3817 locus,
1081 3742 1244 3825 imprimis
1275 3742 1302 3805 si
1333 3742 1405 3825 quis
1436 3740 1573 3805 attendit
1603 3739 1643 3805 ad
1667 3762 1842 3826 pronomen

592 3921 597 3930 q
650 3847 818 3926 οὐδέτεροι,
851 3846 982 3912 suadere
1011 3845 1141 3911 videtur
1171 3854 1208 3911 ut
1237 3846 1403 3911 credamus
1426 3850 1503 3912 satis
1528 3847 1584 3912 din
1607 3867 1661 3911 cos
1684 3847 1742 3913 vel
1766 3851 1842 3912 ἀντι

651 3955 892 4017 πολιτεύσασθαι
924 3951 975 4017 vel
1007 3945 1090 4017 certe
1121 3952 1412 4018 διαπολιτεθσασθοιι
1437 3960 1469 4018 et
1491 3974 1575 4018 nunc
1599 3953 1735 4019 demum
1761 3958 1839 4021 viret

651 4062 862 4125 coniunxisse.
888 4060 972 4125 Hinc
991 4061 1143 4125 comicie:
1167 4061 1226 4135 ἀφ’
1247 4056 1280 4124 οὖ
1304 4060 1493 4139 έκοὶτερος
1515 4062 1596 4135 ὑμῶν
1616 4064 1838 4126 πεπολίτευται

650 4174 682 4232 et
711 4169 866 4251 praeierat
887 4169 953 4231 ism
977 4166 1097 4231 Bakiua
1121 4166 1231 4231 Maces.
1258 4166 1345 4231 1856
1369 4189 1399 4252 p.
1424 4166 1501 4244 230,
1525 4167 1565 4232 cf.
1591 4175 1762 4252 praeterea
1785 4167 1838 4237 Go-

649 4273 742 4338 betus
766 4273 897 4338 Miscell.
922 4295 953 4358 p.
980 4272 1056 4338 529.

695 4489 798 4576 §177
828 4513 858 4576 p.
886 4489 949 4556 755
971 4516 1011 4542 =
1034 4490 1165 4556 Androt.
1196 4489 1278 4577 §70
1301 4513 1331 4576 p.
1358 4490 1440 4556 615:
1465 4492 1574 4569 Φθοας
1599 4496 1739 4573 σαπροὺς
1766 4491 1835 4561 εἶναι

651 4599 702 4663 θινὶ
732 4599 782 4662 τὸν
813 4598 918 4678 χρόνον
948 4594 1046 4674 ῶσπερ
1078 4597 1127 4660 ι’ων
1160 4599 1177 4671 ἢ
1209 4598 1296 4679 ρ’θθων
1319 4596 1418 4670 θντας.
1442 4599 1575 4664 Prorsus
1598 4599 1768 4668 inutiliter
1789 4599 1833 4666 sd·

650 4706 774 4771 haeret:
800 4706 889 4769 θλλ’
913 4707 952 4769 οὐ
976 4707 1164 4785 χρυσέου.
