4525 5950
548 705 612 769 100
909 720 950 766 in
975 718 1201 767 anrsrornaurs
1226 720 1362 767 nannum.

545 890 665 971 optimo
685 888 755 950 iure
774 888 818 950 sic
840 887 992 970 scripsere
1012 887 1218 969 grammatici
1224 906 1232 963 ;
1254 906 1328 949 nam
1348 884 1551 948 tribcaaoatri
1563 885 1653 948 Paci
1666 885 1732 948 Ιοοιζι

543 994 709 1057 invenitur
732 1013 769 1056 ea
793 991 896 1055 forma
919 998 989 1054 aute
1011 992 1156 1054 vocalem:

680 1098 772 1170 πένης
799 1096 841 1171 ἦν.
868 1136 910 1147 -
936 1094 1007 1161 οἶδά
1033 1122 1077 1162 τοι
1102 1105 1163 1178 (vs.
1189 1097 1256 1177 29).

678 1205 783 1276 ἐπειδὴ
807 1204 922 1279 μεστὸς
948 1201 981 1277 ἦν
1007 1204 1208 1279 ἀνεπαυόμην
1231 1209 1292 1282 (vs.
1318 1201 1408 1282 695).

1178 1310 1238 1387 οὐχ
1263 1303 1320 1379 οἷός
1346 1332 1380 1372 τε
1405 1309 1469 1385 γὰρ

678 1414 757 1480 ἔνδον
781 1417 881 1489 μένειν
908 1409 951 1491 ἦν,
976 1414 1081 1479 ἔδακνε
1107 1416 1169 1492 γὰρ
1193 1418 1233 1478 τοὶ
1255 1414 1408 1492 βλέφαρά
1428 1437 1487 1489 μου
1507 1419 1568 1493 (vs.
1583 1415 1667 1496 222)
1681 1415 1713 1496 Ι).

541 1522 653 1587 Aelius
684 1521 859 1608 Dionysius
891 1521 976 1605 apud
1009 1521 1234 1586 hustathium:
1267 1523 1403 1585 Ἀττικοὶ
1433 1515 1716 1598 ἦμονονυολοὶβυς

541 1632 566 1693 οἱ
590 1631 621 1692 δὲ
647 1630 733 1700 μέσον
759 1628 813 1691 σὺν
837 1631 878 1706 τῷ
903 1637 946 1704 νῦ,
972 1621 1046 1691 οἷον·
1074 1627 1199 1703 ,ἐπειδὴ
1224 1629 1337 1701 μεστὸς
1364 1621 1396 1697 ἦν
1421 1628 1656 1702 οἶνεποιυδμην”.

586 1733 700 1816 Qualia
723 1738 756 1798 in
780 1733 899 1798 fabulis
923 1733 1156 1819 antiquioribus
1179 1754 1242 1797 non
1265 1735 1486 1798 inveniuntur.

587 1953 621 2034 3)
652 1953 887 2031 ι’πιιιοούοοιοοοιι
922 1953 1057 2018 verbum
1089 1952 1128 2015 ab
1161 1950 1372 2035 Aristophane
1403 1952 1437 2013 in
1469 1949 1567 2016 Pluto
1598 1951 1651 2014 ἐπὶ
1684 1955 1732 2014 τοῦ

540 2061 716 2131 νουθετῆσαι
749 2059 932 2123 adhibitum
962 2079 1029 2122 esse
1061 2056 1198 2121 affirmat
1229 2055 1357 2120 Pollux.
1389 2056 1461 2120 Non
1485 2057 1532 2120 ibi
1556 2063 1658 2133 extat,
1682 2056 1733 2121 sed

540 2172 628 2229 extat
649 2165 720 2227 ὑπο
732 2166 914 2241 cccccccccc
929 2162 964 2242 ²).
985 2163 1067 2242 Quid
1081 2160 1206 2247 igitur?
1227 2161 1358 2226 Dudum
1371 2183 1485 2226 varum
1498 2161 1596 2237 vidit,
1612 2164 1731 2246 opinor,

539 2274 595 2355 qui
614 2270 779 2334 Pollucem
800 2276 928 2333 secutus
948 2268 1033 2353 apud
1054 2269 1302 2352 Aristophanem
1321 2267 1368 2332 l.l.
1389 2269 1526 2332 correxit
1546 2269 1731 2346 ἐπεκοοὺοιι.

537 2376 600 2442 Sed
623 2379 750 2441 etiamsi
774 2377 845 2439 ὑπο·
870 2378 903 2439 in
928 2382 1018 2439 textu
1038 2371 1273 2459 Aristophaneo
1294 2379 1377 2438 recta
1396 2373 1551 2438 traditum
1573 2395 1643 2440 essa
1662 2396 1732 2440 cum

540 2482 701 2548 Dindorlio
736 2488 886 2547 autumet
916 2481 1050 2566 aliquis,
1081 2481 1155 2545 inde
1186 2502 1249 2544 non
1280 2483 1427 2565 sequitur
1457 2488 1496 2543 ut
1526 2479 1733 2546 Pollucome

539 2587 686 2672 „priore”
707 2587 805 2652 Pluto
825 2609 920 2651 suurn
941 2588 1056 2651 habere
1077 2586 1212 2651 absurda
1232 2592 1368 2662 statuat,
1382 2623 1424 2633 ——
1438 2607 1514 2650 nam
1533 2589 1608 2670 quis
1628 2587 1732 2652 credat

537 2693 722 2769 Pollucem,
747 2696 800 2757 cui
822 2701 921 2756 cester
945 2693 1079 2770 Plutus,
1105 2691 1213 2757 fabula
1235 2695 1268 2754 in
1293 2690 1411 2757 scholis
1429 2691 1525 2777 longa
1546 2692 1731 2776 frequentia

536 2803 617 2863 sima
639 2798 800 2872 lectitata,
825 2802 957 2883 ignotus
981 2820 1048 2863 asse
1072 2820 1134 2863 non
1155 2800 1277 2882 potuit,
1295 2797 1388 2860 oliam
1408 2797 1568 2882 quandam
1589 2797 1731 2863 fabulam

536 2903 702 2969 tabulaeve
733 2904 905 2968 editionem
939 2907 1095 2991 cogitasse
1129 2926 1203 2968 cum
1236 2905 1387 2968 scriberet
1412 2905 1463 2981 „lo
1488 2901 1665 2980 nrocrp’u
1688 2939 1728 2952 -

533 3011 586 3076 sad
612 3018 667 3075 aut
690 3014 798 3095 ipsum
823 3011 987 3075 Pollucem
1011 3016 1068 3075 aut
1091 3010 1256 3088 librarios,
1280 3032 1336 3095 per
1359 3031 1497 3096 quorum
1521 3031 1639 3075 manus
1662 3013 1729 3075 eius

534 3138 613 3201 opus
637 3116 675 3180 ad
700 3136 756 3180 nos
780 3119 943 3200 pervenit,
967 3107 1086 3181 erras'sa
1107 3122 1229 3180 statuat
1248 3119 1276 3179 is
1296 3118 1349 3181 cui
1369 3116 1438 3178 ὑπο·
1459 3138 1573 3181 verum
1589 3116 1728 3181 videtur.

535 3222 653 3285 Peioris
676 3221 810 3285 alicuius
835 3222 924 3285 Pluti
948 3220 1076 3286 nullum
1100 3223 1152 3286 bic
1175 3229 1224 3287 est
1247 3224 1436 3307 vestigium.

580 3442 614 3519 4)
639 3439 710 3504 Alio
733 3439 802 3504 loco
826 3439 942 3504 Pollux
966 3442 1050 3505 inter
1074 3441 1192 3504 artium
1218 3442 1347 3504 nomina
1369 3438 1460 3504 affert
1483 3440 1517 3502 τὸ
1543 3438 1728 3518 ζυγοποιεῖν,

533 3548 573 3618 ὥς
598 3548 628 3609 ἕν
653 3547 778 3624 Πλούτῳ
804 3548 1040 3625 Ἀριστοφάνης.
1066 3546 1137 3609 Non
1161 3545 1283 3630 legitur
1306 3545 1388 3610 illud
1410 3546 1545 3610 verbum
1565 3547 1600 3609 in
1621 3554 1728 3611 nostra

533 3650 656 3727 fabulo,
682 3652 735 3715 sed
760 3653 903 3716 fortunae
928 3653 1108 3736 benignitas
1130 3649 1330 3736 Dobraeiqua
1350 3672 1483 3715 acumen
1503 3649 1676 3716 affecerunt
1692 3658 1729 3716 nt

533 3756 674 3821 Pollucis
708 3778 795 3821 error
830 3763 936 3841 posset
967 3760 1094 3843 corrigi.
1125 3757 1163 3821 In
1195 3757 1383 3820 Pherecratio
1414 3758 1500 3820 enim
1533 3755 1637 3819 Persia
1660 3762 1728 3822 erat

532 3870 691 3927 certamen
726 3865 977 3946 anapaesticum,
1013 3862 1099 3947 quod
1130 3862 1235 3926 simile
1267 3863 1396 3927 videtur
1425 3863 1522 3926 luisse
1554 3865 1596 3939 τῷ
1631 3865 1726 3940 ἀγῶνι

532 3968 622 4032 Pluti
654 3968 896 4051 Aristophanei;
929 3969 1037 4033 decem
1070 3975 1155 4033 certa
1188 3968 1386 4033 Pherecratis
1419 3971 1618 4046 tetrametri,
1651 3989 1730 4053 quos

531 4073 605 4138 inde
640 4076 810 4157 exscripsit
846 4074 1045 4151 AthenaeuS,
1085 4079 1115 4139 in
1151 4082 1287 4161 cognato
1322 4080 1514 4160 argumento
1548 4082 1729 4140 versantur.

532 4178 602 4243 illic
625 4185 734 4243 autem
758 4186 789 4244 et
813 4178 951 4244 aliorum
977 4183 1195 4265 operariorum
1220 4187 1252 4245 et
1271 4187 1329 4243 τῶν
1349 4180 1516 4262 ζυγοποιῶν
1537 4179 1573 4244 lit
1593 4185 1728 4246 mentio.

531 4285 643 4369 Itaque
675 4284 759 4368 apud
782 4283 947 4350 Pollucem
970 4286 1100 4351 confusa
1124 4308 1191 4351 asse
1215 4287 1439 4371 Aristophanis
1463 4286 1730 4372 Pherecratisqua

568 4500 592 4561 l)
610 4497 694 4562 ltaque
711 4496 783 4545 ctiam
803 4496 928 4544 Menandri
947 4496 980 4544 l.l.
999 4494 1059 4544 illud
1079 4492 1105 4552 Aa
1123 4500 1179 4544 ante
1196 4496 1300 4545 vocalem
1319 4496 1406 4546 lectum
1424 4512 1489 4555 esse,
1506 4497 1634 4547 delendum
1652 4499 1729 4562 igitur

531 4595 580 4628 esse
603 4577 642 4636 δι’,
667 4586 702 4628 cst
718 4594 760 4626 cur
777 4579 931 4642 suspicemur.
951 4579 1013 4626 Nam
1032 4578 1091 4626 locis
1110 4576 1149 4625 nbi
1167 4583 1225 4627 ante
1242 4594 1365 4626 οοιιιονοανι
1384 4580 1520 4643 reperiatur
1537 4575 1565 4635 ἦν
1582 4580 1677 4630 nnllam
1695 4582 1729 4629 in·

531 4677 580 4710 csse
597 4658 768 4720 πειθονοέγιινιν,
788 4675 841 4708 cnm
859 4659 924 4707 salvo
941 4663 1018 4707 metro
1036 4658 1109 4706 deleri
1128 4660 1203 4721 possit
1222 4677 1252 4717 ·ν,
1271 4676 1318 4708 non
1335 4676 1377 4708 nos
1394 4660 1438 4708 soli
1457 4660 1577 4719 videmus,
1596 4661 1727 4711 sedetiam

531 4747 622 4795 veteres
640 4741 725 4805 opinor
741 4739 852 4789 ridebant
869 4739 1025 4804 grammatici.

566 4824 593 4887 2)
611 4823 676 4871 Plut.
696 4824 750 4871 cla.
