4525 5950
643 713 710 779 310
1116 730 1359 779 oauosuuarus.

686 893 790 979 §159
822 916 852 978 p.
880 892 963 957 391:
997 895 1029 956 ού
1062 895 1125 970 γὰρ
1158 895 1242 972 αὐτῷ
1274 896 1491 972 συςριιτειίσειν
1523 895 1576 973 ἐφ’
1605 891 1628 960 ἃ
1653 900 1722 958 νῦν
1746 895 1838 975 ἔχει

640 1006 699 1063 τῶν
732 1002 881 1079 ὑμετέροιν
906 998 1046 1074 ἔμελλον.
1072 998 1192 1063 Facilis
1214 1000 1291 1064 haec
1314 1000 1413 1066 verba
1436 1006 1529 1077 sunl,
1554 1000 1608 1064 sed
1631 1003 1732 1065 nimis
1756 1003 1839 1066 mihi

638 1105 792 1191 languere
824 1106 976 1171 videntur
1006 1104 1081 1169 illa:
1119 1106 1170 1183 ἐφ’
1201 1102 1223 1169 οἳ
1256 1111 1306 1169 νῦν
1337 1105 1415 1188 ἔχει.
1447 1105 1576 1171 Placet:
1602 1107 1654 1187 ἐφ’
1681 1105 1705 1173 ἃ
1731 1108 1745 1171 ε’
1754 1133 1770 1171 ν
1793 1111 1837 1186 νῷ

639 1208 750 1292 εἶχε,
774 1213 829 1278 sad
854 1212 978 1288 obstat,
1004 1211 1115 1288 fateor,
1141 1211 1259 1276 hiatus.

684 1449 701 1531 ξ
726 1445 788 1510 163
814 1468 844 1531 p.
871 1444 955 1510 392:
989 1445 1050 1509 οὐδ’
1074 1442 1196 1522 ι’ίρνησίο
1221 1445 1283 1512 ε’ςιν
1306 1446 1410 1515 αὐτοῖς
1436 1445 1470 1509 τὸ
1494 1448 1548 1521 μη
1574 1450 1662 1510 τοῦθ’
1689 1447 1764 1527 ὑπὲρ
1789 1456 1836 1511 Φι-

638 1553 754 1616 λίππου
785 1552 943 1628 πράττειν.
978 1550 1082 1615 Paene
1112 1553 1256 1635 suspicor
1287 1554 1499 1616 necessarium
1526 1573 1595 1617 esse
1619 1553 1654 1615 τὸ
1679 1556 1732 1628 μη
1757 1554 1834 1634 (οὗ).

637 1657 774 1743 Scripsit
797 1656 889 1721 Plato
914 1654 992 1722 Orio.
1019 1677 1049 1740 p.
1076 1654 1176 1722 430:
1202 1657 1282 1720 οὐδὲν
1307 1657 1419 1728 αὐτοὺς
1444 1658 1606 1722 ἒπιλείεσοιι
1631 1661 1647 1732 η
1674 1659 1781 1733 ἡλικία
1801 1661 1834 1724 τί

637 1764 777 1840 μηοιίχί
804 1763 999 1838 ἀγανακτεῖν
1024 1771 1061 1839 τῇ
1088 1763 1224 1841 ποιροιίση
1248 1763 1340 1842 τύχη.
1365 1762 1453 1828 Idem
1478 1763 1555 1848 Rap.
1580 1762 1627 1828 ΠΙ
1651 1785 1682 1848 p.
1709 1764 1832 1829 3543:

636 1870 689 1933 οὐκ
714 1869 901 1946 ἀπεσχόμην
926 1867 959 1929 τὸ
983 1870 1026 1943 μίν
1052 1869 1105 1931 οὐκ
1130 1868 1179 1930 ἐπὶ
1205 1872 1293 1931 τοῦτο
1323 1869 1419 1932 ε’λίεῑν
1447 1867 1505 1933 οίπ·
1529 1869 1650 1934 ἐκείνου.
1678 1870 1834 1936 Proclivis

635 1972 841 2039 librariorum
881 1994 967 2038 error
1003 1978 1051 2038 eal
1086 1972 1221 2037 alteram
1255 1973 1394 2059 negandi
1428 1974 1619 2059 particulam
1653 1974 1832 2062 negligere.

636 2079 832 2165 Exemplum
855 2078 951 2144 habes
975 2078 1060 2163 apud
1084 2076 1241 2144 Oobetum
1264 2081 1298 2143 in
1328 2078 1401 2143 Ver.
1430 2081 1506 2144 dect.
1533 2102 1564 2165 p.
1588 2079 1665 2144 510.

681 2311 785 2396 §163
818 2334 849 2397 p.
875 2311 961 2376 392:
998 2314 1137 2388 Ἀπηριιν
1172 2312 1222 2374 aaa
1261 2317 1314 2375 τοῦ
1349 2313 1498 2383 πολεμίου
1534 2313 1752 2390 τροιτειίμοιτος
1789 2314 1832 2384 είς

636 2418 814 2494 Ποιγιισιίς,
849 2419 899 2480 acl
934 2417 1085 2494 προίίντες
1118 2418 1261 2489 ιίπηντων
1294 2418 1323 2480 ἐν
1355 2419 1474 2497 Λοιρίση
1506 2419 1548 2495 τῷ
1573 2418 1688 2497 κηρυκι.
1712 2417 1833 2483 Facilia

635 2526 732 2589 verba
765 2528 840 2588 sunl
862 2526 896 2586 in
921 2525 1038 2607 quibus
1062 2521 1108 2586 nil
1134 2522 1309 2607 quidquam
1333 2544 1389 2588 nos
1413 2525 1533 2587 morari
1556 2525 1683 2607 poterit.
1709 2522 1832 2588 Deinde

635 2632 799 2714 sequitur:
825 2630 961 2709 τοσαύτη
985 2627 1100 2706 σπονδῇ
1126 2628 1179 2690 κοί
1200 2629 1349 2707 προθυμίᾳ
1369 2628 1434 2692 τότ’
1455 2631 1639 2707 ἐχώρουν.
1664 2628 1736 2693 Hoc
1757 2649 1832 2714 quo

635 2756 696 2820 que
720 2734 812 2800 facile
835 2733 1002 2798 intellectu
1026 2739 1092 2809 cst,
1117 2732 1172 2797 sed
1194 2753 1288 2797 nemo
1310 2736 1357 2798 ila
1380 2733 1544 2818 loquitur;
1571 2734 1722 2820 equidem
1746 2743 1832 2799 certe

633 2840 729 2927 longe
753 2839 857 2905 malo:
884 2841 1071 2919 ἐχρῶντο.

678 3073 781 3158 §171
816 3096 846 3159 p.
874 3072 957 3137 395:
993 3074 1048 3146 την
1078 3073 1163 3145 μετὰ
1197 3078 1300 3136 ταῡτοι
1333 3072 1503 3149 πρεσβείαν
1535 3073 1618 3154 [την
1642 3073 1709 3136 ἐπί
1736 3074 1831 3145 τοὺς

632 3176 796 3261 ίρκονς].
822 3179 859 3243 In
883 3181 993 3264 paucis
1016 3177 1131 3243 inutile
1156 3178 1419 3263 supplementum
1443 3185 1500 3243 eat.

679 3414 696 3497 ξ
719 3411 783 3476 174
809 3434 840 3495 p.
863 3410 945 3475 395:
972 3411 1005 3473 τί
1025 3414 1180 3491 ψηφισμοι
1202 3411 1409 3491 ἐπεχείρησαν
1429 3419 1519 3474 κινεῖν
1539 3410 1591 3473 acl
1617 3414 1829 3489 μεταίρειν.

633 3517 701 3582 Hoc
733 3517 880 3602 intelligo
913 3516 1059 3600 quidem,
1094 3518 1148 3582 sed
1179 3524 1303 3602 praeter
1333 3527 1520 3582 consuetum
1552 3537 1677 3582 morem
1702 3517 1827 3583 dictum

632 3623 777 3698 videtum
802 3628 943 3706 praestat
967 3625 1199 3703 μεταγράφειν,
1224 3623 1263 3688 cl.
1287 3622 1367 3687 Mid.
1393 3622 1473 3706 §85
1498 3644 1529 3707 p.
1555 3621 1632 3688 542.

679 3855 782 3940 §180
814 3878 844 3940 p.
871 3853 953 3920 397:
985 3859 1075 3918 τοῦτο
1108 3857 1205 3918 τοίνυν
1238 3858 1314 3921 αὐτὸ
1346 3855 1418 3920 οίνευ
1440 3860 1499 3919 τῶν
1522 3852 1626 3919 ι’ίλλινι
1651 3855 1755 3928 ἡλίκον
1782 3857 1826 3926 ἔτ’

634 3961 773 4035 ἀδίκημα
795 3962 851 4042 [τί
877 3962 1036 4043 Θρηίκην
1062 3963 1129 4024 acl
1155 3961 1203 4025 τίι
1224 3965 1346 4040 τείχη
1369 3963 1587 4044 melodas}
1611 3960 1658 4025 De
1678 3963 1738 4026 hoc
1759 3962 1830 4027 loco

632 4064 772 4133 Oebalus
805 4068 873 4153 egil
910 4067 981 4130 ίαν.
1011 4069 1092 4129 decl.
1126 4089 1156 4151 p.
1184 4066 1267 4131 510:
1302 4067 1456 4144 „abiice'',
1489 4069 1611 4151 inquit,
1644 4066 1829 4142 „insulsum

631 4171 809 4259 glossema:
843 4176 933 4235 τοῦτο
965 4177 1121 4235 monstrat
1152 4172 1185 4236 id
1209 4172 1294 4256 quod
1319 4173 1478 4256 praecedit
1502 4174 1553 4236 κοί
1580 4173 1704 4253 Θρᾴκην
1728 4175 1831 4250 προδέ-

633 4279 707 4341 δωκε
740 4276 918 4353 celiane&
952 4275 1012 4355 Qui
1044 4276 1151 4340 locum
1183 4276 1409 4361 interpolavit,
1441 4298 1515 4341 nam
1546 4280 1682 4341 minimo
1715 4278 1829 4344 dubito

633 4386 709 4466 quin
742 4403 856 4447 verum
888 4379 1028 4446 Oebalus
1060 4382 1195 4458 viderit,
1228 4404 1354 4447 memor
1377 4383 1439 4446 suit
1462 4403 1574 4447 eorum
1598 4385 1678 4466 qu'ae
1703 4383 1830 4470 legerat

633 4488 728 4572 §156
748 4510 779 4572 p.
801 4486 884 4550 390:
908 4487 1061 4563 Δορίσκον,
1085 4490 1263 4570 Θρρίκην,
1282 4488 1379 4552 cdxl
1405 4495 1572 4566 τειχῶν,
1594 4489 1682 4563 ’ἱερὸν
1704 4489 1828 4566 ὅρος...

632 4594 691 4675 ᾔρει
725 4595 738 4656 ί
771 4594 934 4660 Φίλιππος.
971 4591 1033 4656 Ηίο
1069 4592 1219 4657 Βοίείιίιιε
1255 4601 1326 4678 post
1360 4593 1580 4670 Palmerium,
1613 4595 1828 4678 „suspicari''‚

630 4701 753 4782 inquit,
781 4700 828 4772 „si
850 4697 926 4762 lIcel
949 4700 983 4760 in
1006 4719 1039 4761 rc
1064 4700 1253 4781 perobscura
1274 4707 1306 4764 et
1326 4701 1415 4764 nobis
1436 4702 1602 4785 ignorata,
1623 4697 1738 4763 malim
1760 4700 1828 4787 legi

632 4804 789 4886 Θρρίκης
823 4804 865 4865 τοὶ
898 4804 946 4865 ἐπὶ
980 4809 1037 4866 τῶν
1067 4811 1189 4882 τειχῶν,
1222 4804 1375 4869 Thraciae
1406 4811 1532 4890 partem
1562 4825 1651 4881 eam,
1675 4825 1758 4889 quae
1785 4810 1826 4870 τοὶ
