4525 5950
702 1317 1121 1408 PARALIPOMENA
1150 1319 1422 1408 LYSIAOA..

988 1554 1112 1596 someslt·

890 1738 932 1803 H.
963 1736 992 1803 J.
1025 1737 1206 1803 POLAK.

709 1905 983 1983 (Continuootore
1011 1905 1076 1970 Vol.
1100 1903 1192 1969 XXX
1208 1929 1280 1987 pop.
1305 1904 1394 1985 386).

992 2212 1104 2248 404-

496 2466 653 2551 Sequitnr
687 2467 789 2531 oratio
823 2472 953 2542 octava,
990 2469 1169 2543 Κατηγορία
1204 2469 1278 2546 πρὸς
1313 2468 1384 2539 τοὺς
1419 2472 1643 2540 συνουσιαστὰς

448 2579 652 2649 κακολογιῶν,
684 2591 764 2656 quae
793 2592 895 2655 neque
919 2592 994 2636 rere
1016 2575 1117 2636 oratio
1142 2579 1206 2648 est,
1234 2611 1275 2621 —
1300 2580 1349 2637 est
1371 2576 1474 2650 enim,
1499 2574 1643 2639 release

446 2679 596 2765 fingitur,
622 2677 771 2743 allocutio
794 2678 943 2755 (διάλεξιν
965 2680 1126 2762 aequiores
1149 2678 1291 2743 rhetores
1315 2679 1466 2757 dixerint)
1489 2684 1643 2765 qusquis

447 2805 467 2848 a
498 2782 661 2847 sodalibus
692 2781 923 2847 contumeliose
955 2782 1084 2847 habitos
1114 2804 1222 2847 coram
1253 2805 1366 2849 corona
1388 2784 1641 2849 familiaritatem

446 2891 489 2952 iis
513 2891 677 2952 renuntiat
692 2885 727 2967 l),
752 2925 793 2936 -
818 2908 920 2974 neque
944 2887 1089 2975 Lycisca.
1110 2888 1199 2953 Haec
1219 2890 1301 2953 mihi
1320 2911 1395 2954 cnm
1414 2891 1644 2955 recentioribus

447 2997 572 3059 criticis
603 2995 767 3071 omnibus,
800 3002 837 3058 nt
868 2998 990 3079 opinor,
1022 3002 1108 3061 certa
1140 2995 1303 3059 videntur.
1329 2995 1375 3060 De
1398 3000 1510 3061 ceteris
1535 3000 1643 3061 omnia

446 3102 620 3164 incertiora
649 3106 742 3175 sunt,
774 3121 849 3164 oum
880 3103 1011 3185 scriptio
1041 3109 1073 3166 et
1104 3100 1317 3165 multifariam
1342 3110 1492 3186 corrupta
1514 3106 1574 3179 sit,
1599 3139 1641 3150 -

445 3225 551 3289 neque
586 3212 694 3268 tamen
728 3213 777 3268 est
811 3226 868 3269 cur
901 3225 976 3269 cum
1011 3205 1158 3271 Scheibic
1196 3210 1397 3284 „orationum
1433 3206 1641 3293 Lysiacarum

446 3313 597 3377 omnium
628 3310 890 3395 corruptissima”
922 3310 1048 3387 audiat,
1074 3348 1115 3358 —
1141 3320 1173 3376 et
1203 3314 1429 3377 obscurissima
1452 3322 1484 3377 et
1506 3317 1642 3398 pessime

445 3420 634 3502 composita.
655 3417 751 3481 Recte
771 3416 987 3481 Franckenius
1008 3414 1192 3493 „Gordiano
1212 3418 1292 3482 nodo
1312 3418 1529 3483 intricatiora”
1541 3422 1642 3482 inesse

446 3523 614 3589 contendit
636 3519 685 3601 (G.
711 3522 746 3586 h.
770 3544 802 3607 p.
828 3522 895 3603 60),
919 3526 980 3587 etsi
1004 3522 1097 3607 plura
1115 3523 1155 3587 ad
1175 3543 1303 3588 oausam
1324 3527 1515 3608 pertinentia
1534 3523 1643 3608 paullo

446 3628 640 3694 dilucidiora
673 3628 756 3693 facta
779 3636 855 3693 sunt
878 3628 970 3693 docta
993 3632 1263 3694 commentatione
1287 3650 1383 3713 quam
1407 3631 1482 3693 huic
1506 3633 1642 3694 orationi

445 3733 608 3818 impendit
632 3733 675 3798 Η.
696 3733 880 3799 Buermann
899 3735 932 3797 in
952 3733 1092 3798 Hermae
1116 3733 1181 3798 Vol.
1204 3734 1234 3798 X
1254 3732 1371 3813 (leis)
1384 3756 1435 3818 pp.
1451 3733 1640 3799 347-374.

445 3840 559 3905 Unum
592 3845 640 3904 est
670 3839 755 3923 quod
777 3841 847 3904 rito
872 3839 997 3905 erudito
1020 3842 1210 3924 neutiquam
1232 3843 1440 3905 concesserim
1464 3841 1559 3924 idque
1582 3844 1643 3925 pri-

446 3948 608 4021 marium,
639 3945 678 4009 ds
710 3951 854 4032 tempore
878 3966 941 4031 quo
965 3948 1096 4029 scriptio
1119 3948 1295 4030 composita
1317 3966 1385 4009 esse
1408 3945 1577 4010 iudicanda
1601 3949 1644 4009 sit

446 4052 486 4115 de
520 4053 651 4133 eiusque
681 4071 757 4115 rera
786 4056 900 4116 natura
931 4058 1027 4134 atque
1057 4072 1185 4136 genere.
1210 4050 1385 4114 Existimat
1409 4070 1522 4134 nempe
1546 4050 1642 4114 Buer-

446 4175 586 4218 mannus
610 4164 718 4219 tenere
741 4175 796 4220 nos
820 4155 1027 4240 sophisticam
1047 4155 1181 4228 μελέτην
1202 4157 1438 4219 exercitationis
1457 4175 1552 4219 causa
1571 4177 1642 4220 con-

444 4260 564 4323 fectam
589 4279 723 4343 eamque
746 4261 957 4324 recentissimi
981 4261 1151 4345 temporis:
1177 4261 1251 4335 „ein
1275 4258 1458 4323 Maohwerk
1483 4281 1540 4324 ans
1560 4281 1641 4345 ganz

482 4533 509 4591 l)
532 4530 567 4578 Ut
591 4530 696 4589 Blaesio,
719 4530 753 4579 ric
775 4530 835 4579 mihi
859 4531 949 4596 optime
972 4531 1031 4582 olim
1053 4532 1103 4581 eins
1128 4534 1239 4581 ceturam
1263 4531 1384 4597 sparsisse
1408 4532 1502 4581 ridetur
1521 4533 1639 4582 Reicitur,

447 4612 552 4661 ‚Reiske
569 4612 658 4661 nimmt
674 4628 718 4671 an,
735 4613 788 4661 duc
802 4612 842 4661 cio
860 4612 1014 4677 Abnegebriei
1029 4629 1058 4662 en
1077 4614 1201 4663 wirlriicbe
1220 4614 1316 4664 iriherc
1331 4614 1438 4663 Freundo
1453 4614 1571 4676 vorliege;
1587 4633 1640 4663 man

441 4694 528 4743 rorirde
544 4709 615 4756 σασα
632 4698 721 4743 uem
737 4693 776 4742 ein
792 4694 818 4741 in
832 4693 872 4743 dic
891 4697 957 4743 Foru
974 4694 1038 4743 einer
1053 4695 1115 4743 Rode
1126 4696 1271 4757 qekteideaeer
1290 4695 1463 4759 Abeayebrief.”
1487 4696 1568 4757 (Riese
1585 4698 1640 4744 ΑΜ.

445 4776 559 4824 Bmds'
581 4774 633 4837 Ip.
652 4775 720 4835 644.)

1460 4874 1490 4921 11
