4525 5950
889 665 923 714 nr
946 665 1029 714 eaor
1051 667 1202 716 monaco.
1572 645 1638 712 423

494 830 663 896 Habemus
692 832 796 916 igitur
819 833 885 902 ννθν
909 851 945 895 eo
968 851 1063 894 sensu
1088 830 1210 895 dictum
1237 852 1300 915 quo
1324 831 1466 907 τέμενος,
1491 830 1638 912 templum.

444 936 490 1001 Et
520 937 597 1001 huic
629 938 746 1001 rationi
776 935 933 1001 Herodoti
964 934 1072 1001 locum
1095 936 1204 1001 favere
1228 942 1325 1021 puto,
1351 956 1448 1020 quem
1472 933 1642 1000 Michaelis

444 1064 505 1128 pro
536 1063 595 1107 suo
619 1041 718 1107 affert.
750 1043 867 1107 Narrat
890 1043 977 1106 enim
1001 1041 1204 1118 Herodotus,
1229 1063 1303 1106 cum
1328 1042 1443 1106 Persae
1467 1061 1572 1106 arcem
1595 1043 1644 1104 in·

443 1149 622 1223 vasissent,
648 1146 727 1212 ahos
751 1167 789 1211 ex
812 1147 1064 1211 Atheniensibus
1087 1146 1126 1212 de
1150 1168 1229 1232 rupe
1248 1168 1281 1211 se
1301 1148 1542 1231 praecipitasse,
1565 1144 1644 1210 alios

442 1256 481 1318 in
499 1251 615 1318 cellam
632 1255 795 1332 (μέγαρον)
815 1253 1012 1338 profugisse,
1034 1252 1107 1317 dein
1130 1254 1241 1317 Persas
1261 1273 1388 1318 sacrum
1406 1252 1453 1330 (τὸ
1474 1253 1543 1328 ἱρθν,
1557 1251 1642 1335 quod

443 1356 617 1424 Michaelis
648 1379 775 1443 quoque
807 1360 907 1423 vertit
940 1379 997 1445 per
1030 1357 1346 1445 „'I'empe]gruppe’')
1368 1357 1537 1444 populatos
1558 1379 1643 1422 com·

442 1465 603 1541 bussisse,
634 1463 788 1549 postridie
820 1484 894 1528 vero
924 1463 1136 1528 Athenienses
1167 1467 1258 1528 iussu
1289 1463 1407 1528 Xerxis
1429 1466 1464 1527 in
1487 1484 1558 1528 aree
1583 1484 1640 1527 suo

443 1590 536 1634 more
566 1569 774 1648 sacrificasse;
806 1570 924 1654 quibus
952 1570 1107 1633 enarratis
1131 1571 1177 1633 sic
1200 1571 1324 1655 pergit:
1350 1567 1415 1632 ἔστι
1441 1569 1470 1631 έν
1494 1579 1532 1650 τῇ
1556 1569 1642 1649 θνρο

444 1675 522 1739 ordio
553 1675 654 1756 ταύτῃ
685 1676 843 1754 ’Ἐρεχθέος
876 1679 929 1737 τοῦ
962 1675 1111 1751 γηγενέος
1137 1674 1304 1751 λεγομένου
1329 1669 1407 1737 εἶναι
1431 1673 1517 1750 vnde,
1543 1675 1572 1736 έν
1597 1676 1638 1752 τῷ

445 1782 538 1856 iamin
569 1805 605 1844 τε
637 1781 689 1844 καὶ
723 1781 869 1844 θθλοισοοο
900 1777 950 1843 ένν.
983 1779 1103 1859 Quodsi
1128 1780 1142 1843 θ
1168 1781 1326 1859 ’Ἐρεχθέος
1350 1782 1415 1853 νηὸς
1440 1779 1557 1864 templi
1579 1779 1642 1844 Mi·

443 1907 563 1952 nervae
593 1907 666 1972 pars
698 1886 829 1962 fuisset,
861 1891 940 1971 puto
965 1885 1168 1951 Herodotum
1191 1885 1355 1951 dicturum
1379 1885 1494 1950 fuisse:
1521 1886 1585 1949 ἔστι
1610 1887 1641 1947 έν

444 1994 489 2072 τῷ
515 1993 572 2071 ννῷ
596 1994 637 2069 τῷ
662 1999 717 2064 τῆς
744 1992 905 2064 Ἀθηναίης
930 1992 1089 2071 Ἐρεχθέος
1114 1993 1250 2069 μέγαρον
1275 1990 1327 2056 vel
1351 1989 1414 2056 tale
1438 1990 1525 2075 quid.
1551 1990 1643 2056 Prae·

443 2105 532 2162 terea
564 2097 747 2162 Herodotus
778 2097 858 2162 dicit
888 2098 918 2159 ἐν
943 2099 984 2174 τῷ
1009 2099 1065 2176 νηῷ
1090 2105 1122 2163 et
1146 2096 1250 2162 oleam
1274 2105 1306 2162 et
1329 2096 1436 2161 lacum
1462 2096 1577 2173 fuisse,
1602 2097 1641 2162 de

443 2204 564 2288 quibus
595 2204 701 2268 verbis
732 2201 902 2268 Michaelis
926 2205 971 2268 sio
994 2203 1156 2288 disputat:
1183 2204 1243 2279 „ob
1268 2203 1402 2267 funden
1426 2191 1564 2268 Olbaum
1589 2206 1641 2267 ein

443 2310 527 2375 oben
550 2309 664 2374 odones
688 2306 832 2375 (demach
856 2309 931 2374 oder
950 2312 1002 2374 ein
1021 2308 1145 2373 Vorhof
1160 2309 1380 2374 anaunehmen
1400 2311 1462 2384 sei,
1487 2308 1568 2373 lasse
1587 2310 1639 2374 ich

444 2414 679 2502 dahingeetellt
701 2417 788 2492 sein,
812 2418 847 2479 in
870 2415 1035 2480 letzterem
1060 2415 1158 2481 Sinna
1182 2415 1290 2480 wiirde
1314 2415 1381 2488 ννθς
1400 2437 1461 2479 nur
1479 2418 1513 2479 in
1533 2417 1640 2502 wenig

444 2525 661 2587 erweitertem
697 2520 795 2586 Sinne
830 2543 868 2585 au
904 2522 1006 2586 fassen
1041 2521 1143 2587 sein.''
1179 2520 1332 2586 Eiusdem
1363 2523 1466 2607 igitur
1496 2523 1638 2585 criminis

443 2649 520 2693 reus
550 2633 618 2703 est,
649 2629 742 2691 cuius
772 2633 900 2692 accusat
929 2627 1228 2714 Furtwinglerum;
1255 2627 1339 2692 hunc
1363 2629 1447 2692 enim
1472 2647 1548 2691 voce
1571 2625 1638 2700 νηθς

442 2737 479 2798 in
504 2733 594 2805 σνκθς
612 2734 635 2811 ¹)
659 2740 786 2798 mutata
809 2733 929 2798 nodum
953 2755 1017 2798 non
1041 2733 1172 2798 solvisee
1195 2734 1249 2799 sed
1272 2734 1460 2799 dissecuisse
1484 2736 1539 2797 ait.

490 2838 651 2924 Equidem
675 2842 721 2903 sic
745 2839 827 2903 mihi
850 2860 918 2903 rem
941 2839 1094 2904 informo:

490 2945 576 3032 apud
607 2944 808 3011 Herodotum
839 2944 873 3009 τθ
898 2946 957 3023 ἱρθν
981 2952 1037 3011 aut
1060 2966 1117 3010 arx
1141 2951 1190 3011 est
1212 2948 1281 3031 ipsa
1304 2953 1361 3011 aut
1384 2965 1456 3011 area
1480 2964 1584 3021 sacra,
1604 2946 1639 3009 in

441 3072 508 3136 qua
526 3051 687 3136 templum
708 3051 892 3129 Minervae,
913 3050 1148 3130 Erechtheum,
1169 3053 1402 3130 Pandroseum,
1424 3050 1637 3137 Cecropeum,

441 3177 535 3234 arae,
559 3157 689 3222 donaria
712 3160 840 3234 insunt,
864 3179 957 3223 muro
981 3157 1090 3244 ligneo
1114 3158 1259 3224 incendio
1284 3168 1462 3244 opportuno
1486 3161 1606 3237 cincta;

490 3264 526 3326 τὸ
550 3263 688 3339 μέγαρον
708 3263 755 3340 (τὸ
777 3264 848 3342 πρὸς
869 3260 906 3326 ἕω
927 3264 1153 3343 τετραμμένον)
1173 3271 1222 3329 est
1242 3264 1321 3329 cella
1334 3263 1447 3349 templi
1460 3264 1635 3341 Minervae,

441 3370 499 3434 ubi
522 3371 653 3455 signum
678 3369 845 3435 Minervae
868 3377 953 3446 erat,
977 3373 1011 3434 in
1034 3391 1130 3455 quam
1154 3391 1280 3436 neeesse
1299 3377 1368 3435 erat
1387 3369 1547 3456 supplices
1567 3390 1638 3433 con·

441 3477 575 3561 fugere;

490 3580 505 3645 θ
537 3581 694 3659 Ἐρεχθέος
727 3579 792 3653 andr
825 3587 875 3645 est
904 3580 1073 3668 templum,
1103 3584 1138 3645 in
1162 3603 1225 3667 quo
1248 3581 1354 3658 lacus,
1379 3602 1454 3646 cum
1477 3578 1635 3646 vestibulo

442 3686 500 3753 vel
523 3684 678 3763 subdiali,
701 3690 736 3751 in
759 3707 821 3771 quo
844 3686 923 3751 olea.

490 3790 526 3855 Si
557 3812 633 3856 vero
668 3812 720 3856 eo·
737 3790 826 3868 loco,
858 3812 920 3877 quo
954 3814 1037 3857 nunc
1068 3791 1287 3858 Erechtheum
1310 3796 1501 3877 aspicimus,
1526 3793 1637 3856 fanum

440 3900 672 3982 perantiquum
712 3896 878 3962 Minervae
917 3900 1077 3976 stetisset,
1110 3921 1173 3963 non
1205 3899 1245 3964 ad
1274 3920 1395 3963 annum
1428 3898 1494 3962 420
1525 3901 1639 3984 opinor

439 4002 653 4067 Athenienses
684 4002 782 4067 huius
813 4003 879 4067 fani
901 4007 1143 4069 renovationem
1166 4004 1298 4069 dilaturi
1322 4011 1421 4069 erant.
1446 4003 1529 4068 Nam
1553 4005 1639 4068 Peri·

440 4105 505 4172 cles
535 4106 569 4171 id
599 4110 708 4192 ipsum
740 4110 856 4194 agebat
887 4115 924 4173 ut
955 4131 1012 4194 pro
1044 4109 1284 4194 Hecatompedo
1319 4131 1440 4175 novum
1477 4108 1637 4195 templum

440 4210 609 4288 conderet;
646 4219 858 4278 monumenta
890 4219 1001 4278 autem
1034 4213 1140 4291 lacus,
1174 4214 1337 4291 tridentis,
1370 4214 1457 4280 oleae
1488 4217 1521 4278 in
1553 4235 1636 4279 novo

440 4317 565 4404 templo
588 4317 696 4383 locum
720 4340 818 4383 suum
840 4322 985 4385 invenire
1008 4320 1173 4386 debebant.

475 4516 503 4577 l)
524 4514 686 4573 Pootcriores,
701 4514 781 4580 pergit
796 4515 935 4574 Michaelis,
952 4518 978 4564 nt
996 4515 1124 4579 Dionysius
1141 4515 1370 4576 Halicarnassensis,
1386 4517 1546 4567 Erechtheum
1560 4516 1635 4574 οννθν

439 4595 563 4662 appellare
579 4600 691 4661 possunt,
709 4612 764 4646 nam
782 4596 800 4646 ii
819 4598 893 4653 οηκθν
909 4596 997 4646 habent
1014 4612 1058 4663 pro
1076 4598 1131 4646 icoo
1149 4597 1241 4657 herois,
1262 4598 1320 4647 ‚wie
1337 4600 1378 4647 des
1393 4599 1553 4649 Erechthcion
1568 4600 1635 4649 einer

439 4680 500 4742 (ocii.
526 4678 725 4745 Hcroentempel)
747 4678 821 4729 'arf'
843 4680 913 4745 Quod
937 4695 1022 4745 parom
1039 4684 1149 4730 accurate
1165 4681 1256 4729 dictum
1272 4686 1320 4740 est,
1338 4697 1393 4731 nam
1410 4683 1539 4731 secundum
1556 4683 1635 4747 ipsum

443 4760 591 4816 Michsiiem
609 4777 663 4828 pars
680 4762 765 4828 templi
781 4765 842 4822 erat,
859 4761 908 4811 sive
923 4761 983 4812 celle
999 4761 1083 4831 tempii
1102 4762 1170 4811 heroi
1187 4762 1303 4811 dedicate.
