4525 5950
961 679 1115 728 ocuarus.
1569 658 1635 727 215

496 841 681 908 Orationem
711 845 746 908 in
770 847 935 910 sententiis
960 844 1070 909 dicunt
1092 865 1176 923 esse,
1200 843 1312 910 stilum
1335 847 1368 909 in
1392 847 1515 923 verbis,
1538 866 1632 932 argu-

447 957 598 1014 mentum
623 952 656 1014 in
681 951 785 1014 rebus.
808 950 895 1038 Ergo
918 960 950 1034 et
971 972 1085 1036 poema
1109 955 1218 1017 oratio.

494 1057 604 1120 Prima
632 1063 664 1121 et
689 1056 824 1121 secunda
847 1056 885 1122 ad
909 1057 1025 1123 Donati
1047 1066 1265 1122 commentum
1290 1058 1450 1124 referenda
1475 1058 1635 1124 videntur.

448 1161 560 1226 Tertia
584 1162 764 1248 philosophi
788 1166 918 1248 ingenio
942 1167 1082 1229 maxime
1105 1165 1282 1250 respondet.
1307 1165 1461 1245 Quartae
1480 1149 1654 1253 magistro

449 1269 589 1354 quodam
621 1291 659 1333 ex
693 1268 827 1334 scholari
859 1269 1001 1335 doctriua
1023 1270 1131 1335 addita
1154 1270 1290 1336 videtur.
1314 1270 1405 1336 Unde
1428 1270 1511 1337 alius
1534 1272 1636 1338 denuo

447 1378 607 1460 magister
629 1374 799 1440 conclusit:
825 1397 901 1461 ergo
924 1383 957 1441 et
980 1398 1010 1461 p.
1035 1398 1063 1442 o.

495 1542 510 1607 I
535 1542 564 1607 1.
579 1541 609 1607 3.
635 1541 795 1609 Curentur
816 1551 910 1608 recte.

495 1649 592 1714 Don.:
625 1649 797 1736 diligenter
824 1658 1010 1736 coquantur.
1034 1650 1123 1715 Idem
1145 1650 1247 1715 denuo
1271 1649 1297 1712 V
1322 1651 1352 1716 4.
1367 1650 1410 1715 52
1434 1650 1483 1733 (3)
1508 1653 1634 1729 „recte’¹

444 1760 678 1842 interpretatur
698 1755 878 1842 diligenter.
901 1755 979 1822 Vide
999 1764 1159 1842 praeterea
1179 1757 1251 1822 adl
1274 1756 1348 1822 144.
1368 1756 1521 1843 Sequitur
1532 1759 1634 1825 Phil:

445 1866 569 1928 curatio
600 1866 726 1947 proprie
757 1863 954 1928 medicorum
987 1870 1052 1940 est,
1084 1883 1159 1929 eura
1182 1862 1397 1949 reliquorum
1422 1864 1476 1930 sed
1499 1868 1633 1951 coquina

447 1970 622 2035 medicinae
647 1968 815 2034 adulatrix.
840 1967 901 2053 (cf.
925 1968 1068 2035 Platonis
1093 1969 1191 2056 Gorg.
1217 1968 1282 2034 465
1296 1970 1381 2056 Dsq.
1407 1969 1526 2036 Wessn.
1552 1972 1629 2037 haec

448 2079 515 2141 iam
538 2075 625 2141 dedit
650 2074 755 2140 inolin.
778 2075 857 2155 litt.)

493 2180 561 2246 Hoc
592 2184 779 2266 praesertim
810 2180 991 2268 philosophi
1021 2185 1187 2268 proprium
1218 2186 1283 2259 est,
1315 2183 1460 2248 aberrare
1490 2206 1508 2249 a
1538 2190 1630 2250 textu

445 2288 603 2373 rebusque
632 2291 802 2374 propositis
832 2296 864 2354 et
890 2288 1098 2374 undecunque
1121 2291 1332 2354 insanientem
1356 2292 1544 2376 sapientiam
1568 2312 1633 2356 cor·

444 2394 566 2460 radere.

495 2560 526 2624 4.
564 2559 737 2639 „Efficere”
768 2562 905 2627 facere
936 2568 984 2626 est
1015 2564 1048 2626 in
1079 2583 1172 2648 opere
1201 2584 1285 2643 esse,
1318 2563 1493 2630 allicere
1521 2571 1630 2630 autem

443 2668 671 2753 perfectionem
697 2665 862 2732 desiderat.

496 2833 526 2901 7.
559 2834 704 2900 Donatus
734 2836 891 2901 breviter:
923 2835 1007 2901 fide
1038 2836 1078 2901 ad
1100 2836 1304 2924 complenda,
1329 2840 1633 2904 taciturnitate

445 2941 485 3008 ad
510 2939 638 3007 celanda
669 2941 826 3007 mandata.
859 2941 1072 3029 Philosophus
1104 2941 1297 3030 loquaciter:
1330 2944 1439 3010 fides
1469 2951 1517 3011 est
1547 2965 1631 3011 com·

445 3050 670 3114 mendatorum
691 3049 752 3114 fida
772 3053 933 3115 exsecutio
953 3049 1005 3115 vel
1024 3051 1234 3127 observantia,
1256 3054 1537 3117 taciturnitas
1556 3073 1633 3117 vero

446 3157 667 3221 observantiae
690 3178 807 3242 genus,
834 3160 867 3219 in
891 3156 1017 3221 silentio
1041 3160 1215 3222 constituta
1237 3165 1270 3223 et
1291 3161 1325 3222 in
1347 3156 1476 3223 celando
1498 3165 1627 3224 secreta.

446 3261 579 3341 Quaerit
614 3269 722 3326 autem
759 3265 1009 3327 taciturnitatem
1046 3284 1084 3328 ne
1114 3262 1226 3347 prodat
1257 3262 1426 3350 Pamphilo
1457 3270 1632 3343 secretum,

407 3362 411 3368 ’
449 3368 534 3453 quod
564 3370 594 3432 ei
617 3368 896 3434 commendaturus
919 3376 977 3434 est.
1001 3367 1064 3446 (cf.
1088 3367 1168 3434 Don.
1194 3369 1233 3434 ad
1254 3370 1337 3435 Eun.
1361 3368 1544 3448 111223.)

496 3534 547 3599 13.
584 3534 682 3599 Don.:
715 3534 787 3620 plus
811 3535 893 3600 dixit
917 3538 972 3612 „in
995 3538 1151 3601 memoria
1173 3535 1306 3614 habeo”‚
1330 3556 1427 3621 quam
1451 3538 1478 3601 si
1502 3537 1634 3602 dixisset

449 3642 568 3719 „scio”.
607 3641 705 3706 Addit
740 3640 844 3706 Phil:
880 3662 954 3706 nam
991 3662 1070 3727 quae
1100 3644 1237 3719 scimus,
1269 3663 1438 3727 possumus
1469 3641 1632 3720 oblivisci,

446 3768 527 3833 qnae
550 3768 625 3813 vero
650 3750 822 3812 memoriae
847 3747 1052 3825 mandamus,
1077 3768 1254 3833 numquam
1277 3751 1470 3813 amittimus.

494 3914 546 3980 33.
583 3915 682 3981 Don.:
715 3937 775 3981 non
807 3914 889 3980 dixit
921 3914 1145 3993 ‚,laudabam”‚
1177 3915 1230 3981 sed
1263 3914 1496 4001 „gaudebam''.
1531 3915 1631 3980 Addit

446 4023 524 4087 Ph:
547 4022 656 4087 laudat
679 4025 765 4087 enim
789 4024 886 4087 etiam
910 4021 1049 4100 alienus,
1073 4021 1193 4109 gaudet
1215 4025 1272 4107 qui
1294 4028 1383 4107 pater
1405 4027 1462 4087 est.

495 4188 548 4254 35.
583 4190 747 4266 „Perferre
770 4211 806 4255 ac
829 4190 929 4275 pati'’.
965 4188 1068 4255 Phil:
1093 4190 1174 4254 ferre
1198 4196 1246 4253 est
1268 4209 1343 4253 cum
1365 4193 1451 4254 certo
1474 4195 1632 4275 tempore,

448 4298 585 4383 perferre
612 4296 705 4360 finem
735 4304 895 4381 exspectat
919 4296 1057 4361 effectus.
1126 4295 1188 4360 His
1214 4297 1368 4381 magister
1389 4293 1473 4360 alius
1494 4295 1631 4360 addidit:

447 4404 596 4468 feruntur
619 4423 713 4467 onera
735 4409 768 4467 et
790 4404 988 4467 sustinentur
1009 4401 1177 4488 supplicia.

490 4567 543 4635 47.
575 4569 674 4634 Don.:
709 4569 872 4646 „duriter”
904 4575 1011 4633 contra
1034 4571 1190 4633 rationem
1214 4566 1360 4654 regulae:
1387 4566 1506 4643 „dure”
1531 4567 1570 4631 ab
1594 4587 1630 4632 eo

443 4676 528 4761 quod
548 4683 597 4740 est
616 4677 743 4740 durus
764 4676 866 4739 dicere
886 4675 1005 4740 debuit.
1026 4673 1112 4738 Phil.
1132 4676 1200 4760 ipse
1220 4673 1413 4737 differentiae
1426 4679 1565 4758 repertor
1576 4673 1628 4738 hic

443 4786 584 4861 exstitit,
605 4804 679 4848 eum
699 4783 923 4870 subiungeret:
945 4790 1051 4847 tamen
1071 4787 1119 4846 est
1137 4780 1329 4845 differentia:
1351 4786 1399 4844 est
1416 4780 1503 4843 enim
1522 4778 1627 4843 duri-
