4525 5950
980 708 1026 764 pu
1048 710 1124 757 mun
1149 710 1288 760 sonmo.
1663 692 1729 758 439

531 874 661 940 decreto
688 874 877 959 phretorum
901 876 1082 958 pactionem
1106 874 1204 940 fuisse
1227 882 1331 939 retem
1357 912 1398 923 -
1426 897 1463 941 eo
1487 879 1574 942 enim
1598 876 1682 942 redit
1698 874 1732 955 ¹),

529 985 560 1046 si
591 979 764 1066 explicatio
795 987 860 1058 est,
886 980 971 1064 quod
995 980 1106 1045 scribit
1121 978 1165 1062 ²):
1191 981 1534 1060 lepitimctionem
1657 983 1735 1045 iane

530 1086 567 1150 in
593 1087 771 1168 phratorrme
803 1086 902 1148 album
934 1085 1159 1167 iuscriptionem
1190 1086 1416 1150 commodissime
1449 1087 1577 1166 ducum
1607 1087 1663 1166 iri)
1689 1123 1732 1135 -

532 1191 620 1278 quod
641 1212 705 1256 non
729 1197 777 1255 est
801 1189 995 1265 verisimile,
1020 1190 1210 1275 phrstorum
1234 1195 1319 1256 enim
1344 1212 1380 1256 ea
1404 1191 1572 1256 dumtaxat
1592 1197 1733 1276 potestus

531 1317 602 1363 osse
634 1297 774 1372 videtur,
803 1302 841 1360 ut
864 1302 922 1360 aut
945 1295 1115 1360 decernant
1138 1298 1223 1374 ὀρθῶς
1249 1297 1300 1359 καὶ
1326 1298 1531 1375 προσηκόντως
1557 1297 1609 1359 τὸν
1632 1298 1732 1360 παῖδα

530 1402 599 1481 (τὸν
630 1403 728 1481 isira)
759 1400 941 1477 εἰσάγεσθαι
975 1399 1155 1479 (Demosth.
1187 1401 1295 1467 XLIII
1324 1401 1420 1486 514)
1443 1412 1500 1466 aut
1523 1399 1731 1488 repellunt³).

529 1507 736 1592 Quamquam
770 1511 863 1592 putet
894 1506 1025 1593 Lipsius
1046 1504 1071 1585 ⁴)
1103 1512 1228 1572 certum
1252 1507 1479 1589 lepitimctiom‘c
1502 1508 1731 1573 documentum

530 1620 660 1680 exstare
690 1615 725 1676 in
755 1633 851 1677 eausa
873 1610 1016 1677 filiorum
1040 1612 1234 1698 Plangouis‚
1260 1613 1343 1699 quod
1366 1614 1414 1678 ibi
1436 1635 1552 1678 nomen
1576 1616 1624 1679 rei
1648 1616 1730 1698 posi·

531 1727 607 1783 tum
637 1722 839 1784 invenietur:
872 1720 1039 1794 ποοεῖοθοιο,
1072 1741 1130 1784 nec
1161 1719 1406 1796 animadvertit,
1439 1718 1516 1785 licet
1546 1723 1615 1806 ipse
1644 1718 1730 1785 locos

528 1824 644 1890 lsndct
657 1825 694 1905 ³),
714 1827 863 1889 ποιεῖοθοο
888 1823 1058 1909 aliquando
1079 1824 1162 1889 nihil
1181 1846 1249 1890 esse
1269 1824 1357 1892 alind
1376 1828 1438 1890 nisi
1457 1848 1622 1908 aquom.
1644 1826 1730 1890 Mihi

531 1931 595 1996 hoc
614 1931 711 1996 modo
731 1933 881 2016 aenigma
901 1929 1092 1995 solvendum
1113 1931 1251 1996 videtur.
1277 1931 1387 1996 Adfert
1406 1932 1536 2016 quidem
1556 1952 1613 2017 pro
1633 1952 1731 2016 puero

531 2034 655 2123 grande
666 2036 901 2122 praeiudicium
913 2039 1071 2101 sententis
1083 2037 1273 2121 phratorum
1287 2044 1442 2102 eteorum
1455 2040 1553 2102 tacite
1565 2037 1730 2113 confessio,

531 2144 591 2228 qui
614 2144 779 2227 potuerint
800 2141 984 2207 abducendo
1002 2142 1038 2205 ri
1059 2150 1186 2220 κουρεῖον
1205 2143 1380 2227 impedire,
1401 2146 1591 2227 quominus
1610 2143 1732 2207 teratur

530 2250 709 2324 sententie,
740 2267 798 2311 nec
828 2247 1035 2331 impedierint
1048 2245 1090 2329 6);
1124 2246 1179 2312 sed
1210 2269 1274 2312 non
1306 2255 1475 2333 propterea
1504 2250 1730 2313 alletoritatem

531 2356 582 2420 rei
615 2353 775 2419 iudicatus
810 2354 921 2417 stetim
956 2353 1052 2418 hebet
1087 2373 1124 2417 ee
1157 2354 1348 2438 phratorum
1382 2356 1541 2419 sententie
1564 2352 1599 2434 τ).
1641 2353 1729 2439 Ergo

531 2465 660 2546 poterut
683 2458 892 2525 Euctemonis
916 2456 1002 2523 filius
1027 2479 1065 2523 ex
1088 2461 1174 2523 iustu
1198 2480 1297 2524 uxore
1317 2458 1515 2524 Philoctemo
1536 2460 1627 2523 ἒῑιοοο
1648 2461 1729 2524 εἰσοι-

533 2573 663 2643 γοογεῑν,
695 2585 791 2649 quem
820 2584 887 2628 esse
910 2564 1050 2650 negabat
1073 2564 1205 2629 fratrem
1229 2565 1260 2648 (ξ
1273 2562 1342 2642 23),
1366 2570 1398 2628 et
1423 2584 1549 2630 servare
1572 2565 1633 2629 sibi
1657 2586 1729 2630 con-

531 2671 759 2736 tradictionem
789 2668 828 2734 ed
860 2669 996 2748 iudices,
1029 2673 1056 2734 si
1086 2691 1150 2735 non
1180 2676 1320 2735 staretur
1342 2673 1443 2756 pectis
1456 2670 1492 2749 Β),
1515 2669 1591 2735 licet
1615 2672 1729 2736 fuisset

531 2779 563 2842 ei
598 2775 722 2841 fecilior
757 2775 842 2861 opud
877 2775 1044 2861 phrntoras
1062 2774 1098 2856 ⁹).
1139 2774 1281 2840 Eundem
1317 2777 1356 2840 ob
1391 2796 1520 2840 oausam
1557 2775 1729 2841 Androcles

531 2881 789 2966 Antidorusque,
814 2902 916 2965 quum
940 2884 1084 2967 primum
1107 2883 1295 2946 statuissent
1312 2883 1405 2946 novis
1425 2880 1501 2945 filiis
1520 2880 1729 2947 hereditatem

529 2988 694 3055 vindicare
724 2992 798 3073 post
833 2994 971 3052 mortem
1003 2986 1126 3052 scilicet
1156 2989 1303 3052 omnium
1334 2987 1542 3052 Euctemouis
1573 3009 1611 3052 ex
1642 2990 1729 3054 iusta

530 3114 632 3159 uxore
666 3091 810 3157 liliorum
843 3095 875 3178 (ξ
895 3091 964 3171 29),
996 3095 1066 3177 ipso
1098 3095 1288 3178 superstite,
1323 3097 1466 3159 contenti
1500 3115 1563 3159 non
1598 3094 1729 3159 inerunt

529 3197 745 3286 praeiudicio,
782 3198 837 3263 sed
867 3200 1016 3283 inprimis
1047 3202 1152 3263 conati
1182 3205 1258 3263 sunt
1286 3197 1370 3263 illud
1400 3202 1585 3265 testamenti
1616 3202 1727 3279 instar,

528 3303 618 3391 quod
646 3302 803 3369 Euctsmo
826 3303 959 3380 lecerat,
985 3324 1048 3387 quo
1073 3303 1317 3369 confirmaretur
1340 3306 1445 3389 pactio
1468 3325 1543 3369 cum
1567 3304 1728 3371 Philocte·

569 3584 597 3645 1)
614 3582 702 3631 Eodem
719 3582 783 3631 redit
798 3581 925 3645 explicatio
942 3581 1051 3630 Schutini
1069 3583 1122 3642 (dac
1136 3582 1226 3646 prices.
1248 3582 1380 3632 Tectam
1399 3599 1422 3647 p.
1441 3583 1472 3632 1⁹
1491 3587 1542 3633 not.
1560 3584 1604 3647 10)
1621 3582 1728 3647 adoptio·

531 3681 585 3715 nen
602 3663 706 3727 intelligi
723 3662 833 3713 iubentis.

566 3746 597 3811 Β)
615 3746 652 3794 sd
668 3745 776 3804 lenum,
792 3761 815 3809 p.
834 3746 891 3794 ³30.
909 3745 945 3793 ct.
963 3744 1099 3803 Thelheim,
1118 3744 1368 3796 &Muellerum
1380 3748 1466 3808 (1884)
1480 3747 1529 3813 pi
1544 3749 1617 3798 uutl
1633 3748 1725 3811 (ποιὰ),

531 3827 642 3893 Lipsius,
660 3827 710 3875 Aet.
731 3828 798 3876 Peos.
818 3843 841 3891 p.
860 3826 968 3878 582¹⁸¹.

567 3909 595 3971 3)
619 3907 656 3956 Ad
679 3922 730 3956 rem
753 3923 801 3956 uon
821 3908 939 3972 perduct,
962 3910 1024 3970 quod
1042 3909 1191 3958 demonstret
1212 3908 1344 3967 Beeuehet,
1363 3926 1401 3975 op.
1419 3911 1460 3960 cit.
1479 3912 1491 3961 1
1510 3928 1532 3974 p.
1550 3912 1635 3972 13011,
1653 3912 1730 3976 legiti-

531 3989 663 4039 metionem
681 3989 732 4037 tieri
750 4005 798 4038 non
816 4004 884 4054 posse
902 3989 952 4038 eine
970 3991 1076 4054 periurio
1093 3990 1178 4055 petris.
1196 3990 1264 4039 Vidit
1281 3990 1346 4054 ipse,
1364 3991 1421 4042 ibid.
1441 4010 1464 4058 p,
1483 3995 1567 4056 tesso.-

565 4071 595 4135 4)
614 4071 669 4120 Aet.
688 4070 756 4120 Prot.
774 4086 799 4134 p.
817 4070 864 4118 581
884 4074 934 4119 not.
953 4071 1009 4119 140.

565 4152 593 4216 s)
614 4152 735 4201 Demosth.
754 4151 796 4200 XL
812 4151 878 4212 §263
896 4152 985 4201 Audon.
1004 4152 1110 4212 15124.

566 4232 596 4297 t)
615 4233 652 4282 Ut.
672 4233 792 4281 Demosth.
812 4232 893 4281 xum
910 4234 971 4294 514,
989 4233 1049 4294 582.

565 4313 593 4377 l)
611 4313 649 4362 Gt.
666 4313 724 4362 lese.
744 4313 765 4362 X
783 4316 828 4376 58,
845 4315 911 4376 §152
931 4314 1060 4374 Beeuchet,
1077 4315 1143 4364 droit
1155 4316 1265 4379 prieddc
1281 4319 1306 4365 la
1320 4316 1367 4381 γάρ,
1383 4318 1494 4368 Atml
1508 4335 1531 4384 p.
1542 4321 1590 4369 1111
1600 4320 1728 4385 liudeqq.

565 4396 593 4458 8)
618 4393 684 4444 Vidit
711 4396 755 4444 hoc
779 4412 823 4445 ven
848 4395 929 4454 Hine,
950 4397 978 4444 de
996 4397 1147 4446 testamentis
1164 4398 1216 4446 iure
1236 4398 1316 4446 Attico
1333 4415 1357 4463 p.
1377 4399 1421 4451 78:
1436 4401 1566 4463 perieulum
1583 4408 1638 4451 erat
1654 4438 1727 4452 .....

529 4493 559 4526 ne
576 4477 649 4542 filiae
671 4493 793 4542 eorumque
818 4480 893 4539 κύριοι
916 4483 1006 4527 mortuo
1023 4481 1164 4528 Εοοοοοιοοιο
1181 4480 1381 4530 introductionem
1401 4519 1472 4532 .....
1490 4483 1612 4547 illepitime
1623 4486 1725 4547 jactam

527 4575 579 4609 eeu
590 4559 741 4622 partiemur
760 4564 835 4608 rotun
852 4560 1023 4622 patrimonium
1041 4597 1113 4609 .....
1131 4560 1286 4610 vindicarent.

565 4642 592 4701 9)
616 4641 681 4690 Nem
702 4642 765 4706 epud
789 4641 915 4706 phretoree
931 4641 1061 4690 sufficiebet
1079 4640 1237 4703 ἀπάγοιντο
1255 4644 1367 4703 κουρεῖον,
1386 4661 1447 4709 queo
1465 4661 1503 4695 res
1520 4649 1614 4710 poterut
1631 4662 1726 4696 uenum

530 4724 588 4795 dere
614 4722 703 4771 notioni
728 4723 873 4773 iniuriarum
898 4724 1011 4772 edvereus
1036 4723 1079 4771 τὸν
1102 4722 1276 4787 ἀπαγαγόντα
1299 4726 1436 4789 (Demosth.
1461 4727 1542 4778 XLIII
1560 4729 1621 4790 514,
1644 4730 1726 4791 582),

532 4805 596 4854 sieut
613 4804 707 4869 repulse
725 4806 838 4854 edverens
854 4806 919 4870 ipsos
935 4806 1061 4870 phretoree
1077 4806 1211 4866 (Demosth.
1230 4805 1284 4857 LIX
1303 4809 1373 4870 500).
