4525 5950
978 664 1116 714 numme.
1579 647 1644 715 375

499 827 647 892 Alterum
667 849 772 913 genus
792 850 904 894 eorum
924 836 989 908 cst,
1009 830 1066 895 ubi
1086 829 1204 915 aliquis
1224 829 1309 895 lente
1322 837 1417 916 atque
1430 853 1504 897 cum
1517 838 1648 917 stupore

456 934 509 1000 vel
541 934 752 1000 admiratione
782 939 1051 1021 circumspectans
1082 936 1247 1001 inducitur
1278 936 1462 1023 fingiturvc.
1486 937 1651 1004 Eloruma

454 1043 620 1127 quaternis
643 1041 791 1126 spondeis
818 1041 859 1107 16
881 1044 1050 1128 incipiunt.

502 1146 542 1223 Il,
569 1146 634 1211 533
669 1146 750 1212 Tam
772 1169 874 1232 nuper
897 1151 991 1233 pictis
1016 1169 1106 1214 caeso
1131 1149 1309 1234 pavonibus
1334 1150 1434 1235 Argo.

485 1252 543 1330 III,
569 1252 634 1317 345
670 1252 848 1332 Infantem,
872 1255 1026 1342 nymphis
1048 1257 1114 1319 iam
1140 1263 1217 1320 tunc
1241 1258 1297 1340 qui
1317 1261 1424 1341 posset
1447 1258 1559 1321 amari.

489 1397 531 1408 -
568 1359 632 1423 461
669 1360 712 1424 111
735 1367 892 1445 quantum
916 1369 1007 1426 motu
1032 1361 1163 1426 formosi
1187 1365 1331 1446 suspicor
1353 1364 1428 1427 oris.

485 1464 539 1542 IV,
563 1464 628 1529 211
667 1465 771 1546 Quam
794 1472 899 1532 mater
921 1473 1067 1545 cunctas,
1093 1474 1159 1532 tam
1184 1475 1322 1533 matrem
1345 1466 1414 1532 filis
1436 1469 1524 1533 vicit.

489 1608 532 1621 -
570 1570 635 1636 323
670 1572 713 1637 111
736 1573 834 1639 frater
856 1572 935 1638 felix
958 1579 991 1638 et
1013 1573 1176 1638 fortunata
1199 1573 1351 1659 profecto.

490 1716 532 1728 -
571 1677 636 1743 638
671 1680 721 1743 En
743 1703 818 1744 unco
841 1702 948 1759 ramos,
973 1703 1009 1743 en
1032 1702 1107 1743 cnrc
1124 1703 1217 1762 poma
1241 1682 1387 1761 15551551.

508 1785 546 1863 V,
594 1785 635 1850 81
672 1786 862 1852 llxstantem
886 1789 990 1872 signis
1014 1783 1200 1871 multaeque
1223 1789 1257 1850 in
1281 1786 1421 1872 pondere
1443 1805 1576 1851 massae.

491 1929 532 1942 -
572 1891 636 1957 189
671 1893 815 1979 Argento
838 1895 974 1978 partim,
1000 1894 1119 1977 partim
1143 1890 1321 1957 caelaverat
1343 1913 1431 1957 auro.

488 1999 541 2075 VI,
591 1996 633 2063 17
668 1999 734 2062 Nec
747 2000 859 2083 factas
881 1998 975 2062 solnm
997 2005 1090 2061 555155
1112 2005 1248 2080 spectare
1271 1998 1404 2063 1555151.

496 2142 531 2153 -
573 2103 637 2168 129
673 2105 744 2169 Non
766 2105 849 2168 illud
872 2105 992 2181 Pallas,
1011 2126 1071 2168 non
1094 2104 1178 2167 illud
1200 2127 1321 2187 carpere
1344 2104 1445 2168 15555.

492 2248 534 2258 -
572 2209 637 2275 394
672 2211 715 2276 111
738 2211 911 2298 Nymphae
933 2210 1051 2276 flerunt
1074 2216 1107 2276 et
1131 2213 1277 2296 quisquis
1301 2211 1467 2276 montibus
1489 2208 1566 2274 illis.

495 2355 533 2365 -
573 2318 636 2382 581
674 2317 844 2382 Evolvit
864 2323 997 2380 ’555155
1019 2316 1132 2380 suevi
1155 2323 1332 2380 matrona
1357 2315 1537 2400 tyranni.

457 2421 544 2499 VIII,
593 2422 636 2487 29
671 2422 836 2488 Laudabat
860 2425 954 2508 virgo
977 2425 1120 2487 iunctam
1145 2442 1219 2486 cum
1243 2422 1367 2487 viribus
1389 2428 1502 2487 artem.

489 2528 545 2604 XI,
572 2527 637 2593 394
673 2531 845 2592 Accendant
869 2528 944 2591 illuc
965 2536 1132 2613 5155155555
1153 2529 1187 2592 in
1210 2528 1300 2591 litore
1322 2535 1434 2592 tanroa.

496 2671 537 2682 -·
576 2631 640 2701 724
676 2637 864 2699 Admotum
888 2634 1107 2698 1555551555
1134 2636 1224 2719 qnod
1246 2656 1463 2717 5555555555
1480 2641 1619 2716 posset.

477 2739 546 2819 XV,
573 2740 637 2805 563
673 2741 715 2806 111
737 2744 804 2805 iam
827 2762 889 2805 non
914 2739 1035 2818 telum,
1060 2740 1115 2805 sed
1138 2739 1219 2805 lenti
1242 2743 1374 2806 viminis
1397 2740 1499 2806 arbor.

503 2845 625 2925 Quibus
647 2849 718 2912 iure
741 2854 848 2912 nostro
872 2846 965 2911 hosce
990 2844 1010 2909 8
1035 2846 1198 2912 addimus:
1241 2835 1243 2838 ’

508 2952 549 3031 Π,
577 2950 640 3018 178
676 2952 720 3018 111
744 2975 819 3019 vero
843 2972 970 3018 summo
994 2951 1139 3038 despexit
1163 2954 1202 3019 ab
1226 2954 1353 3019 aethere
1377 2959 1487 3019 terras.

494 3096 534 3107 -
572 3057 637 3124 859
673 3058 765 3139 Quod
789 3065 855 3124 tam
880 3059 1039 3124 formosus
1064 3058 1149 3143 quod
1173 3058 1293 3144 proelia
1315 3058 1406 3125 nulla
1429 3062 1582 3125 minatur.

489 3163 546 3242 llI,
573 3164 635 3228 421
674 3166 716 3228 Idi
735 3166 841 3245 dipnoa
864 3164 983 3228 Baccho
1005 3165 1111 3244 5119555
1134 3171 1163 3228 51
1186 3165 1458 3247 Apollinarem.

493 3270 546 3348 IV,
573 3270 638 3336 313
675 3270 768 3336 11555
792 3270 970 3356 perlucenti
992 3270 1189 3336 circumdata
1213 3292 1327 3358 corpus
1349 3274 1481 3337 amictu.

493 3414 537 3425 -
573 3376 637 3442 325
673 3376 735 3441 Sed
756 3375 852 3463 longe
875 3379 998 3441 cunctis
1021 3376 1181 3462 longeque
1205 3377 1327 3442 beatior
1350 3376 1415 3441 illa.

495 3519 537 3530 -
575 3481 640 3548 715
675 3482 885 3548 Praebentem
910 3482 1037 3547 Phoebo
1060 3481 1197 3547 liventia
1222 3488 1313 3568 terga
1336 3483 1514 3547 draconem.

513 3588 551 3666 V,
576 3588 641 3653 265
678 3589 827 3653 Silvarum
850 3589 930 3652 15555
953 3588 1156 3671 circumspicit
1175 3589 1376 3674 antiquarum.

494 3694 546 3771 Vl,
575 3695 638 3759 104
673 3696 842 3777 dianopam:
867 3718 967 3759 oerum
990 3702 1109 3758 taurum
1123 3696 1216 3779 freta
1239 3717 1310 3758 ocra
1327 3702 1466 3777 putares.

505 3799 574 3866 Hos
592 3822 653 3887 ego
673 3822 803 3878 versus,
828 3804 883 3886 qui
907 3800 951 3865 24
975 3808 1051 3866 5551
1074 3821 1228 3878 numero,
1253 3800 1494 3883 contemplativos
1516 3800 1651 3886 appello.

503 4013 649 4079 Tertium
673 4034 776 4099 genus
800 4018 849 4077 est
872 4034 983 4077 corum
1008 4033 1163 4078 versuum
1188 4015 1244 4098 qui
1267 4013 1419 4099 loquendi
1441 4017 1653 4101 gravitatem,

456 4120 620 4204 loquentis
641 4122 789 4184 animum
814 4118 986 4195 afflictum,
1010 4121 1112 4195 iram,
1137 4118 1411 4205 indignationem,
1437 4123 1653 4206 arrogantiam

456 4246 534 4290 sono
558 4246 616 4291 suo
639 4228 819 4290 imitantur.
845 4224 968 4289 llcrum
990 4244 1009 4288 5
1031 4227 1195 4309 quaternis
1219 4225 1367 4309 spondeis
1393 4225 1436 4291 43
1460 4229 1631 4313 incipiunt.

521 4330 545 4407 I,
571 4329 636 4395 663
672 4332 847 4396 Aeternum
872 4338 998 4395 nostros
1021 4329 1128 4395 luctus
1153 4331 1297 4396 extendit
1320 4334 1353 4396 in
1378 4353 1506 4399 aerum.

504 4434 546 4513 II,
571 4436 637 4500 518
671 4436 984 4520 1555555555
1008 4436 1150 4501 Iunonem
1174 4437 1293 4501 laedere
1315 4438 1403 4502 nolit.

494 4578 535 4589 —
573 4541 638 4605 525
678 4544 737 4605 Onr
758 4564 818 4606 non
841 4549 869 4605 et
887 4542 982 4624 55155
1005 4543 1089 4606 ducit
1113 4543 1231 4607 Iunone
1254 4567 1379 4629 meoque.

496 4683 537 4695 -
575 4644 640 4711 527
675 4650 717 4711 nt
738 4648 836 4711 55551
859 4647 959 4711 laeana
981 4647 1281 4732 15551155515555155
1303 4650 1451 4715 alumnae.

497 4788 540 4799 -
576 4750 642 4817 568
676 4750 832 4832 Quamvis
854 4756 937 4817 irata
960 4761 1025 4832 est,
1049 4774 1111 4819 non
1136 4754 1195 4820 hoc
1217 4757 1301 4820 irata
1323 4756 1465 4843 negabit.
