4525 5950
639 650 705 716 284
1176 668 1293 717 nuos.

635 854 691 917 que
715 839 743 895 et
765 833 871 895 robora
893 854 929 895 ea
952 832 1118 913 lapionilus
1131 833 1270 913 peditm
1290 832 1401 912 leputas
1420 833 1453 896 in
1471 834 1597 896 hiberna
1615 835 1661 896 ad
1684 834 1733 898 M.
1754 833 1836 896 Mar·

637 937 743 1001 cellum
767 938 920 1001 miserunt.

682 1044 801 1106 Robora
817 1042 955 1124 perlitum
978 1041 1140 1128 iungenda
1163 1062 1231 1107 esse
1255 1041 1391 1108 editores
1415 1044 1479 1108 fere
1502 1050 1654 1121 monent,
1681 1043 1740 1109 sed
1761 1044 1836 1108 haee

636 1169 698 1211 non
733 1154 781 1213 est
815 1155 890 1232 apta
924 1150 1081 1232 oppositio
1115 1147 1310 1232 primoribus
1345 1151 1492 1232 equitum
1524 1152 1837 1233 centurionumque,

635 1274 709 1318 cum
741 1254 776 1317 hi
806 1273 931 1338 quoque
956 1252 1078 1336 pedites
1101 1253 1232 1317 fuerint.
1272 1252 1532 1338 Exspectaveris:
1557 1255 1675 1319 robora
1700 1253 1838 1340 elegio

635 1361 752 1434 uariis,
783 1357 867 1442 quod
896 1360 1000 1422 nescio
1024 1378 1065 1422 en
1089 1356 1203 1422 Livius
1227 1358 1334 1421 verbis
1357 1359 1462 1422 robora
1484 1381 1520 1421 en
1543 1359 1719 1439 lepionibus
1741 1359 1839 1424 reddi·

637 1465 737 1539 derit,
772 1462 964 1528 vocabulum
993 1463 1129 1544 pediturn
1158 1463 1319 1528 adiectum
1349 1484 1417 1528 esse
1449 1464 1542 1529 credo
1575 1485 1639 1548 quo
1672 1467 1785 1529 robora
1808 1488 1840 1528 es

637 1569 803 1651 lepicnilus
826 1568 977 1633 disertius
1001 1576 1235 1654 opponerentur
1258 1570 1454 1653 primoribus
1478 1571 1617 1654 equiturn.

683 1718 784 1784 XXV.
821 1719 861 1784 18
892 1723 914 1784 i.
941 1720 981 1784 t'.:
1018 1720 1175 1802 Crispinus
1207 1742 1311 1803 equum
1343 1743 1483 1804 armaque
1513 1728 1602 1802 capta
1630 1728 1663 1784 et
1688 1730 1839 1785 marn

638 1827 787 1908 cuspidem
809 1825 938 1905 insipnis
961 1825 1069 1908 spoliis
1092 1833 1244 1889 semiana
1262 1849 1326 1888 cuni
1344 1849 1451 1904 usqua
1472 1825 1562 1888 laude
1581 1833 1610 1889 et
1625 1828 1840 1906 pratulatione

637 1932 766 1994 rnilitum
788 1933 831 1993 acl
854 1931 987 1994 consules
1010 1939 1054 1994 est
1076 1932 1220 1994 deductus
1243 1930 1443 2015 laudatusque
1462 1931 1505 1992 ili
1523 1931 1687 2013 mapnifice
1707 1940 1737 1995 et
1758 1933 1842 1995 donis

639 2045 773 2101 ornatus.

686 2141 787 2207 Verba
819 2141 949 2222 ussipnis
978 2142 1087 2223 spoliis
1118 2144 1145 2205 si
1176 2148 1247 2226 post
1270 2148 1420 2205 osteuwns
1443 2140 1640 2228 legerentur,
1670 2144 1752 2209 ferri
1777 2166 1843 2230 pos

638 2255 725 2327 sent;
759 2249 806 2312 ita
836 2268 928 2324 vero,
961 2268 1036 2311 cum
1068 2249 1256 2332 praesertim
1280 2253 1412 2311 cruenta
1434 2251 1541 2333 cuspis
1563 2251 1673 2333 ipsius
1699 2248 1842 2335 Crispini

637 2354 696 2429 eit,
720 2351 791 2418 loco
815 2356 884 2438 ipso
907 2357 1138 2439 coarguuntur.

684 2502 785 2567 XXV.
807 2502 861 2566 41.
876 2501 914 2566 3:
939 2501 1120 2580 (Marcello)
1142 2502 1309 2565 instruente
1329 2504 1489 2566 sanatura
1508 2506 1604 2566 εἰεεεεε
1623 2507 1741 2589 spineis
1762 2510 1841 2593 equis

641 2609 786 2671 aduolant
816 2632 852 2672 eu
875 2609 1001 2671 liastium
1024 2607 1089 2670 acie
1111 2608 1263 2670 Numidae
1286 2608 1460 2672 nuntiantes
1475 2609 1643 2692 populares
1668 2634 1743 2675 suos

638 2714 789 2798 quieturos
809 2714 842 2777 in
857 2736 972 2798 pupna.
993 2735 1066 2795 pens
1079 2713 1196 2797 fallar
1213 2714 1357 2795 promissi
1371 2716 1465 2795 sidem
1484 2715 1658 2796 praestitit.
1684 2717 1842 2804 itaqwet

636 2819 781 2882 Romanis
813 2819 907 2882 crevit
933 2817 1051 2881 animus
1073 2818 1180 2881 nuntio
1203 2819 1293 2881 celeri
1310 2841 1370 2899 per
1393 2820 1513 2882 ordines
1536 2821 1634 2896 inissa,
1663 2824 1842 2887 destituta·

637 2925 673 2987 al
695 2925 793 3009 equite
816 2925 924 2988 hostem
948 2946 1018 3000 esse,
1043 2944 1070 2989 e.
1085 2945 1115 3009 q.
1129 2945 1154 2988 s.

683 3030 786 3093 Miror
809 3033 971 3094 neminem
994 3029 1098 3094 adhuc
1123 3032 1337 3114 perspexisse,
1363 3031 1460 3095 verba
1480 3053 1552 3110 pens
1564 3031 1684 3114 fallar
1696 3036 1844 3116 promissi

628 3136 724 3217 fidem
753 3136 909 3216 praestitit
939 3136 1033 3199 Livio
1065 3133 1275 3199 abiudicanda
1306 3156 1374 3199 esse
1407 3142 1502 3220 atque
1525 3135 1635 3201 deberi
1662 3138 1770 3204 alicui
1793 3142 1844 3226 qui

635 3244 701 3304 iam
732 3261 768 3306 ea
801 3262 881 3326 quae
912 3246 1090 3325 sequuntur
1122 3239 1320 3324 perlegisset.
1350 3240 1547 3306 Narrationis
1571 3261 1710 3307 cursum
1738 3252 1843 3311 totum

635 3347 785 3422 turbant,
805 3367 879 3410 uam
900 3348 932 3411 et
951 3349 997 3411 rei
1018 3352 1171 3411 eventum
1190 3347 1418 3429 intempestive
1437 3347 1638 3430 praecipiunt
1661 3351 1693 3412 et
1719 3350 1844 3416 faciunt

636 3456 673 3513 ut
704 3453 829 3527 omnia,
862 3471 941 3535 quae
974 3449 1087 3514 deinde
1118 3455 1297 3526 narrantur,
1330 3451 1431 3534 itaque
1455 3458 1483 3513 et
1507 3451 1654 3514 Ennianis
1677 3460 1746 3518 eet.
1771 3477 1843 3520 eum

636 3555 895 3621 antecedentibus
931 3558 1067 3620 minime
1102 3556 1294 3619 cohaereant
1328 3562 1359 3619 et
1392 3576 1522 3639 prorsus
1557 3558 1624 3620 iam
1658 3558 1751 3624 sacta
1785 3565 1844 3625 sint

634 3682 841 3746 supervacua.
866 3660 985 3728 Contra
1010 3661 1113 3726 deleto
1137 3660 1355 3725 additamento
1379 3661 1508 3725 demum
1534 3663 1643 3726 omnia
1669 3665 1757 3731 bene
1779 3689 1844 3753 pro

637 3767 746 3832 cedere
771 3768 904 3832 videbis.

682 3919 815 3985 XXVII.
841 3917 895 3984 27.
911 3919 948 3984 3:
982 3919 1127 3983 Numidia
1158 3919 1338 4000 speculator,
1363 3941 1545 4003 nequaquam
1569 3920 1602 3981 in
1624 3943 1713 4001 spem
1740 3932 1841 3988 tantu

637 4025 682 4089 rei
700 4025 829 4106 positus,
853 4028 907 4088 sed
929 4026 956 4087 si
979 4047 1050 4109 qnos
1073 4046 1162 4103 vapos
1179 4023 1291 4104 pabuli
1313 4031 1367 4086 aut
1390 4024 1536 4104 lipnorum
1561 4047 1655 4088 causa
1676 4028 1841 4112 lonpiuea

636 4132 743 4195 castris
769 4154 941 4213 propreseos
965 4137 1089 4211 possent
1113 4129 1256 4210 incipere,
1281 4129 1396 4209 sipnurn
1420 4132 1483 4205 dat,
1508 4137 1541 4192 ut
1559 4131 1689 4211 pariter
1715 4137 1756 4198 ab
1780 4136 1840 4199 suis

635 4237 759 4321 quisquc
783 4236 907 4299 latebris
931 4242 1131 4299 exorerentur.

681 4341 826 4407 Editores
851 4342 905 4406 alii
930 4364 986 4426 pro
1004 4348 1127 4424 possent
1147 4340 1350 4405 scribendum
1371 4348 1563 4405 censuerunt
1575 4352 1692 4423 posset,
1717 4347 1841 4413 scilicet

635 4454 672 4511 ut
701 4455 733 4511 et
763 4448 803 4511 ad
830 4455 931 4532 posset
963 4454 995 4512 et
1027 4447 1066 4511 ad
1092 4446 1213 4528 positus
1243 4446 1426 4511 subiectum
1459 4454 1540 4511 esset
1570 4452 1762 4530 speculator,
1788 4454 1839 4519 sed

630 4560 753 4634 posceret
782 4574 844 4617 non
876 4552 1067 4617 mutandum
1098 4573 1184 4627 esse,
1216 4572 1329 4616 verum
1363 4574 1419 4637 pro
1444 4553 1563 4634 positus
1594 4557 1837 4624 emendandum

632 4659 741 4739 positis
763 4680 865 4743 nuper
888 4662 939 4723 vir
961 4658 1072 4723 doctus
1095 4656 1227 4741 quidam
1251 4660 1407 4742 sagaciter
1429 4660 1601 4743 perspexit.
