<?xml version="1.0" encoding="UTF-8"?>
<!DOCTYPE html PUBLIC "-//W3C//DTD XHTML 1.0 Transitional//EN"
    "http://www.w3.org/TR/xhtml1/DTD/xhtml1-transitional.dtd">
<html xmlns="http://www.w3.org/1999/xhtml" xml:lang="en" lang="en">
 <head>
  <title>
</title>
<meta http-equiv="Content-Type" content="text/html;charset=utf-8" />
  <meta name='ocr-system' content='tesseract 3.04.00' />
  <meta name='ocr-capabilities' content='ocr_page ocr_carea ocr_par ocr_line ocrx_word'/>
</head>
<body>
  <div class='ocr_page' id='page_1' title='image "./mnemosyne07verdgoog_0046.png"; bbox 0 0 4525 5950; ppageno 0'>
   <div class='ocr_carea' id='block_1_1' title="bbox 1065 690 1742 757">
    <p class='ocr_par' dir='ltr' id='par_1_1' title="bbox 1065 690 1742 757">
     <span class='ocr_line' id='line_1_1' title="bbox 1065 690 1742 757; baseline 0 -2"><span class='ocrx_word' id='word_1_1' title='bbox 1065 707 1240 757; x_wconf 80' lang='lat' dir='ltr'><strong>nonnum.</strong></span> <span class='ocrx_word' id='word_1_2' title='bbox 1700 690 1742 756; x_wconf 82' lang='lat'><strong>31</strong></span> 
     </span>
    </p>
   </div>
   <div class='ocr_carea' id='block_1_2' title="bbox 544 869 1746 1596">
    <p class='ocr_par' dir='ltr' id='par_1_2' title="bbox 544 869 1746 1596">
     <span class='ocr_line' id='line_1_2' title="bbox 732 869 1608 953; baseline -0.002 -15"><span class='ocrx_word' id='word_1_3' title='bbox 732 875 787 948; x_wconf 71' lang='lat' dir='ltr'><strong>rba</strong></span> <span class='ocrx_word' id='word_1_4' title='bbox 811 869 860 953; x_wconf 68' lang='grc' dir='ltr'><strong>ἄρ’</strong></span> <span class='ocrx_word' id='word_1_5' title='bbox 886 871 944 938; x_wconf 79' lang='grc' dir='ltr'><strong>ὑπὸ</strong></span> <span class='ocrx_word' id='word_1_6' title='bbox 968 880 1153 952; x_wconf 72' lang='grc' dir='ltr'><strong><em>μνηστῆρσιν</em></strong></span> <span class='ocrx_word' id='word_1_7' title='bbox 1177 870 1248 951; x_wconf 74' lang='grc' dir='ltr'><strong><em>ἔχον</em></strong></span> <span class='ocrx_word' id='word_1_8' title='bbox 1272 871 1424 951; x_wconf 73' lang='grc' dir='ltr'><strong>μίσγοντό</strong></span> <span class='ocrx_word' id='word_1_9' title='bbox 1446 896 1481 935; x_wconf 92' lang='grc' dir='ltr'><strong><em>πε</em></strong></span> <span class='ocrx_word' id='word_1_10' title='bbox 1504 873 1608 952; x_wconf 81' lang='grc' dir='ltr'><strong><em>λοίίρη.</em></strong></span> 
     </span>
     <span class='ocr_line' id='line_1_3' title="bbox 547 976 1745 1067; baseline -0.003 -21"><span class='ocrx_word' id='word_1_11' title='bbox 547 980 784 1067; x_wconf 81' lang='lat' dir='ltr'>Lugdunenses</span> <span class='ocrx_word' id='word_1_12' title='bbox 814 978 971 1044; x_wconf 92' lang='lat' dir='ltr'><strong>ultimum</strong></span> <span class='ocrx_word' id='word_1_13' title='bbox 1003 999 1134 1043; x_wconf 81' lang='lat' dir='ltr'><strong>versum</strong></span> <span class='ocrx_word' id='word_1_14' title='bbox 1164 982 1365 1065; x_wconf 78' lang='lat' dir='ltr'><strong>suspectant,</strong></span> <span class='ocrx_word' id='word_1_15' title='bbox 1398 977 1482 1064; x_wconf 91' lang='lat' dir='ltr'><strong>quod</strong></span> <span class='ocrx_word' id='word_1_16' title='bbox 1505 980 1561 1044; x_wconf 84' lang='lat' dir='ltr'><strong>vix</strong></span> <span class='ocrx_word' id='word_1_17' title='bbox 1584 976 1745 1044; x_wconf 81' lang='lat' dir='ltr'><strong>Graecum</strong></span> 
     </span>
     <span class='ocr_line' id='line_1_4' title="bbox 544 1083 1745 1171; baseline -0.003 -19"><span class='ocrx_word' id='word_1_18' title='bbox 544 1091 590 1153; x_wconf 89' lang='lat' dir='ltr'><strong>sit</strong></span> <span class='ocrx_word' id='word_1_19' title='bbox 615 1085 801 1165; x_wconf 72' lang='grc' dir='ltr'><strong><em>Ἀφροδίτην</em></strong></span> <span class='ocrx_word' id='word_1_20' title='bbox 821 1083 917 1165; x_wconf 72' lang='grc' dir='ltr'><strong><em>ἔχειν,</em></strong></span> <span class='ocrx_word' id='word_1_21' title='bbox 937 1084 1167 1171; x_wconf 89' lang='lat' dir='ltr'><strong>Reputandum</strong></span> <span class='ocrx_word' id='word_1_22' title='bbox 1187 1105 1264 1150; x_wconf 85' lang='lat' dir='ltr'><strong>vero</strong></span> <span class='ocrx_word' id='word_1_23' title='bbox 1284 1085 1337 1149; x_wconf 92' lang='lat' dir='ltr'><strong>hic</strong></span> <span class='ocrx_word' id='word_1_24' title='bbox 1358 1083 1541 1163; x_wconf 70' lang='grc' dir='ltr'><strong><em>Ἀφροδίτην</em></strong></span> <span class='ocrx_word' id='word_1_25' title='bbox 1559 1104 1622 1149; x_wconf 92' lang='lat' dir='ltr'><strong>nou</strong></span> <span class='ocrx_word' id='word_1_26' title='bbox 1641 1087 1745 1169; x_wconf 81' lang='lat' dir='ltr'><strong>ipsam</strong></span> 
     </span>
     <span class='ocr_line' id='line_1_5' title="bbox 546 1189 1745 1278; baseline -0.003 -19"><span class='ocrx_word' id='word_1_27' title='bbox 546 1194 642 1259; x_wconf 89' lang='lat' dir='ltr'><strong>deam</strong></span> <span class='ocrx_word' id='word_1_28' title='bbox 661 1214 744 1270; x_wconf 85' lang='lat' dir='ltr'><strong>esse,</strong></span> <span class='ocrx_word' id='word_1_29' title='bbox 765 1192 820 1257; x_wconf 85' lang='lat' dir='ltr'><strong>sed</strong></span> <span class='ocrx_word' id='word_1_30' title='bbox 833 1192 1038 1278; x_wconf 86' lang='lat' dir='ltr'><strong>voluptatem</strong></span> <span class='ocrx_word' id='word_1_31' title='bbox 1051 1211 1237 1269; x_wconf 81' lang='lat' dir='ltr'><strong>veneream,</strong></span> <span class='ocrx_word' id='word_1_32' title='bbox 1256 1211 1386 1277; x_wconf 93' lang='lat' dir='ltr'><strong>prorsus</strong></span> <span class='ocrx_word' id='word_1_33' title='bbox 1399 1196 1437 1256; x_wconf 95' lang='lat' dir='ltr'><strong>ut</strong></span> <span class='ocrx_word' id='word_1_34' title='bbox 1449 1202 1470 1255; x_wconf 86' lang='grc' dir='ltr'><strong>Β</strong></span> <span class='ocrx_word' id='word_1_35' title='bbox 1485 1189 1551 1255; x_wconf 82' lang='lat'><strong>426</strong></span> <span class='ocrx_word' id='word_1_36' title='bbox 1564 1192 1745 1272; x_wconf 71' lang='grc' dir='ltr'><strong><em>σπλάγχνα</em></strong></span> 
     </span>
     <span class='ocr_line' id='line_1_6' title="bbox 547 1296 1746 1383; baseline -0.001 -20"><span class='ocrx_word' id='word_1_37' title='bbox 547 1300 697 1379; x_wconf 72' lang='grc' dir='ltr'><strong><em>ὑπέροχον</em></strong></span> <span class='ocrx_word' id='word_1_38' title='bbox 733 1299 920 1379; x_wconf 76' lang='grc' dir='ltr'><strong><em>Ἡφαίστοιο</em></strong></span> <span class='ocrx_word' id='word_1_39' title='bbox 950 1318 1014 1362; x_wconf 92' lang='lat' dir='ltr'><strong>non</strong></span> <span class='ocrx_word' id='word_1_40' title='bbox 1045 1296 1208 1363; x_wconf 77' lang='lat' dir='ltr'><strong>Vulcanus</strong></span> <span class='ocrx_word' id='word_1_41' title='bbox 1231 1296 1442 1382; x_wconf 73' lang='lat' dir='ltr'><strong>significatur,</strong></span> <span class='ocrx_word' id='word_1_42' title='bbox 1467 1296 1522 1362; x_wconf 85' lang='lat' dir='ltr'><strong>sed</strong></span> <span class='ocrx_word' id='word_1_43' title='bbox 1544 1299 1642 1383; x_wconf 81' lang='lat' dir='ltr'><strong>iguis.</strong></span> <span class='ocrx_word' id='word_1_44' title='bbox 1666 1296 1746 1377; x_wconf 83' lang='lat' dir='ltr'><strong>Quo</strong></span> 
     </span>
     <span class='ocr_line' id='line_1_7' title="bbox 545 1401 1743 1482; baseline -0.001 -11"><span class='ocrx_word' id='word_1_45' title='bbox 545 1408 631 1471; x_wconf 85' lang='lat' dir='ltr'><strong>circa</strong></span> <span class='ocrx_word' id='word_1_46' title='bbox 661 1402 751 1469; x_wconf 91' lang='lat' dir='ltr'><strong>nulla</strong></span> <span class='ocrx_word' id='word_1_47' title='bbox 784 1403 867 1468; x_wconf 92' lang='lat' dir='ltr'><strong>mihi</strong></span> <span class='ocrx_word' id='word_1_48' title='bbox 898 1402 1028 1469; x_wconf 82' lang='lat' dir='ltr'><strong>videtur</strong></span> <span class='ocrx_word' id='word_1_49' title='bbox 1058 1406 1161 1468; x_wconf 88' lang='lat' dir='ltr'><strong>inesse</strong></span> <span class='ocrx_word' id='word_1_50' title='bbox 1184 1402 1259 1467; x_wconf 93' lang='lat' dir='ltr'><strong>huic</strong></span> <span class='ocrx_word' id='word_1_51' title='bbox 1283 1401 1438 1468; x_wconf 88' lang='lat' dir='ltr'><strong>locutioni</strong></span> <span class='ocrx_word' id='word_1_52' title='bbox 1461 1405 1578 1469; x_wconf 91' lang='lat' dir='ltr'><strong>iustior</strong></span> <span class='ocrx_word' id='word_1_53' title='bbox 1599 1403 1743 1482; x_wconf 82' lang='lat' dir='ltr'><strong>offensio,</strong></span> 
     </span>
     <span class='ocr_line' id='line_1_8' title="bbox 544 1507 1593 1596; baseline -0.001 -20"><span class='ocrx_word' id='word_1_54' title='bbox 544 1512 697 1596; x_wconf 89' lang='lat' dir='ltr'><strong>quamsi</strong></span> <span class='ocrx_word' id='word_1_55' title='bbox 720 1510 849 1575; x_wconf 79' lang='lat' dir='ltr'><strong>haereas</strong></span> <span class='ocrx_word' id='word_1_56' title='bbox 872 1512 907 1574; x_wconf 95' lang='lat' dir='ltr'><strong>in</strong></span> <span class='ocrx_word' id='word_1_57' title='bbox 931 1509 1034 1586; x_wconf 74' lang='grc' dir='ltr'><strong><em>ἡδονήν</em></strong></span> <span class='ocrx_word' id='word_1_58' title='bbox 1057 1507 1153 1589; x_wconf 72' lang='grc' dir='ltr'><strong><em>ἔχειν,</em></strong></span> <span class='ocrx_word' id='word_1_59' title='bbox 1178 1508 1354 1586; x_wconf 71' lang='grc' dir='ltr'><strong><em>λαμβάνειν</em></strong></span> <span class='ocrx_word' id='word_1_60' title='bbox 1380 1507 1593 1575; x_wconf 82' lang='lat' dir='ltr'><strong>similibusvo.</strong></span> 
     </span>
    </p>
   </div>
   <div class='ocr_carea' id='block_1_3' title="bbox 542 1695 1742 1881">
    <p class='ocr_par' dir='ltr' id='par_1_3' title="bbox 542 1695 1742 1881">
     <span class='ocr_line' id='line_1_9' title="bbox 592 1695 1742 1782; baseline 0 -21"><span class='ocrx_word' id='word_1_61' title='bbox 592 1696 834 1776; x_wconf 74' lang='lat' dir='ltr'><strong>cala-224.</strong></span> <span class='ocrx_word' id='word_1_62' title='bbox 877 1695 1040 1763; x_wconf 76' lang='lat' dir='ltr'><strong>Adversus</strong></span> <span class='ocrx_word' id='word_1_63' title='bbox 1074 1697 1298 1762; x_wconf 81' lang='lat' dir='ltr'><strong>Aristarchum</strong></span> <span class='ocrx_word' id='word_1_64' title='bbox 1333 1699 1409 1761; x_wconf 87' lang='lat' dir='ltr'><strong>eatis</strong></span> <span class='ocrx_word' id='word_1_65' title='bbox 1444 1696 1650 1782; x_wconf 89' lang='lat' dir='ltr'><strong>probabiliter</strong></span> <span class='ocrx_word' id='word_1_66' title='bbox 1684 1698 1742 1761; x_wconf 92' lang='lat' dir='ltr'><strong>hos</strong></span> 
     </span>
     <span class='ocr_line' id='line_1_10' title="bbox 542 1800 1379 1881; baseline -0.002 -13"><span class='ocrx_word' id='word_1_67' title='bbox 542 1824 658 1869; x_wconf 84' lang='lat' dir='ltr'><strong>versus</strong></span> <span class='ocrx_word' id='word_1_68' title='bbox 682 1808 794 1869; x_wconf 85' lang='lat' dir='ltr'><strong>tuetur</strong></span> <span class='ocrx_word' id='word_1_69' title='bbox 815 1801 922 1881; x_wconf 88' lang='lat' dir='ltr'><strong>Platt,</strong></span> <span class='ocrx_word' id='word_1_70' title='bbox 948 1801 1047 1870; x_wconf 87' lang='lat' dir='ltr'><strong>Olass.</strong></span> <span class='ocrx_word' id='word_1_71' title='bbox 1072 1802 1150 1868; x_wconf 82' lang='lat' dir='ltr'><strong>Rev.</strong></span> <span class='ocrx_word' id='word_1_72' title='bbox 1178 1800 1277 1880; x_wconf 89' lang='grc'><strong>1899,</strong></span> <span class='ocrx_word' id='word_1_73' title='bbox 1303 1801 1379 1867; x_wconf 87' lang='grc'><strong>383.</strong></span> 
     </span>
    </p>
   </div>
   <div class='ocr_carea' id='block_1_4' title="bbox 542 1988 1744 2400">
    <p class='ocr_par' dir='ltr' id='par_1_4' title="bbox 542 1988 1744 2400">
     <span class='ocr_line' id='line_1_11' title="bbox 592 1988 1531 2070; baseline -0.001 -15"><span class='ocrx_word' id='word_1_74' title='bbox 592 1991 704 2057; x_wconf 83' lang='grc' dir='ltr'><strong><em>οι210.</em></strong></span> <span class='ocrx_word' id='word_1_75' title='bbox 730 1990 827 2068; x_wconf 81' lang='grc' dir='ltr'><strong><em>δμῶες</em></strong></span> <span class='ocrx_word' id='word_1_76' title='bbox 853 1992 1039 2068; x_wconf 73' lang='grc' dir='ltr'><strong><em>αναγκαῖον,</em></strong></span> <span class='ocrx_word' id='word_1_77' title='bbox 1065 1991 1112 2054; x_wconf 88' lang='grc' dir='ltr'><strong>σοί</strong></span> <span class='ocrx_word' id='word_1_78' title='bbox 1135 2013 1187 2055; x_wconf 75' lang='grc' dir='ltr'><strong>σοι</strong></span> <span class='ocrx_word' id='word_1_79' title='bbox 1213 1989 1318 2068; x_wconf 92' lang='grc' dir='ltr'><strong><em>φίλα</em></strong></span> <span class='ocrx_word' id='word_1_80' title='bbox 1342 1988 1531 2070; x_wconf 74' lang='grc' dir='ltr'><strong><em>εεργοίζονπο.</em></strong></span> 
     </span>
     <span class='ocr_line' id='line_1_12' title="bbox 543 2093 1740 2183; baseline -0.002 -20"><span class='ocrx_word' id='word_1_81' title='bbox 543 2097 570 2163; x_wconf 93' lang='grc' dir='ltr'><strong>Ι.</strong></span> <span class='ocrx_word' id='word_1_82' title='bbox 596 2118 623 2163; x_wconf 89' lang='lat' dir='ltr'><strong>e.</strong></span> <span class='ocrx_word' id='word_1_83' title='bbox 649 2120 725 2183; x_wconf 79' lang='lat' dir='ltr'><strong>qaae</strong></span> <span class='ocrx_word' id='word_1_84' title='bbox 746 2096 809 2180; x_wconf 73' lang='grc' dir='ltr'><strong><em>ε’ριεὶ</em></strong></span> <span class='ocrx_word' id='word_1_85' title='bbox 833 2096 992 2178; x_wconf 80' lang='lat' dir='ltr'><strong>(Laertae)</strong></span> <span class='ocrx_word' id='word_1_86' title='bbox 1010 2097 1184 2179; x_wconf 79' lang='lat' dir='ltr'><strong>placebunt.</strong></span> <span class='ocrx_word' id='word_1_87' title='bbox 1209 2094 1257 2163; x_wconf 81' lang='lat' dir='ltr'><strong>Of.</strong></span> <span class='ocrx_word' id='word_1_88' title='bbox 1282 2093 1380 2175; x_wconf 60' lang='lat'><strong>5227</strong></span> <span class='ocrx_word' id='word_1_89' title='bbox 1406 2097 1472 2170; x_wconf 72' lang='grc' dir='ltr'><strong>ἐμοὶ</strong></span> <span class='ocrx_word' id='word_1_90' title='bbox 1497 2095 1539 2160; x_wconf 79' lang='grc' dir='ltr'><strong>πίι</strong></span> <span class='ocrx_word' id='word_1_91' title='bbox 1562 2096 1634 2176; x_wconf 84' lang='grc' dir='ltr'><strong><em>φίλ’</em></strong></span> <span class='ocrx_word' id='word_1_92' title='bbox 1660 2097 1740 2176; x_wconf 78' lang='grc' dir='ltr'><strong><em>ἔσκε,</em></strong></span> 
     </span>
     <span class='ocr_line' id='line_1_13' title="bbox 542 2201 1744 2288; baseline -0.001 -21"><span class='ocrx_word' id='word_1_93' title='bbox 542 2205 587 2267; x_wconf 82' lang='grc' dir='ltr'><strong>ποί</strong></span> <span class='ocrx_word' id='word_1_94' title='bbox 620 2226 678 2266; x_wconf 86' lang='grc' dir='ltr'><strong>πον</strong></span> <span class='ocrx_word' id='word_1_95' title='bbox 710 2204 775 2275; x_wconf 69' lang='lat' dir='ltr'><strong>trie</strong></span> <span class='ocrx_word' id='word_1_96' title='bbox 807 2203 837 2265; x_wconf 78' lang='grc' dir='ltr'><strong>ἐν</strong></span> <span class='ocrx_word' id='word_1_97' title='bbox 870 2203 958 2283; x_wconf 79' lang='grc' dir='ltr'><strong><em>φρίσ’</em></strong></span> <span class='ocrx_word' id='word_1_98' title='bbox 992 2201 1095 2280; x_wconf 75' lang='grc' dir='ltr'><strong><em>ίίηκε,</em></strong></span> <span class='ocrx_word' id='word_1_99' title='bbox 1129 2202 1192 2268; x_wconf 91' lang='lat' dir='ltr'><strong>alia</strong></span> <span class='ocrx_word' id='word_1_100' title='bbox 1217 2201 1329 2267; x_wconf 92' lang='lat' dir='ltr'><strong>multa.</strong></span> <span class='ocrx_word' id='word_1_101' title='bbox 1355 2201 1471 2267; x_wconf 90' lang='lat' dir='ltr'><strong>Moneo</strong></span> <span class='ocrx_word' id='word_1_102' title='bbox 1494 2207 1624 2288; x_wconf 92' lang='lat' dir='ltr'><strong>propter</strong></span> <span class='ocrx_word' id='word_1_103' title='bbox 1647 2202 1744 2267; x_wconf 88' lang='lat' dir='ltr'><strong>Hart-</strong></span> 
     </span>
     <span class='ocr_line' id='line_1_14' title="bbox 544 2307 1259 2400; baseline -0.003 -26"><span class='ocrx_word' id='word_1_104' title='bbox 544 2329 680 2374; x_wconf 90' lang='lat' dir='ltr'><strong>mauum</strong></span> <span class='ocrx_word' id='word_1_105' title='bbox 705 2309 789 2387; x_wconf 89' lang='grc' dir='ltr'><strong><em>φίλα</em></strong></span> <span class='ocrx_word' id='word_1_106' title='bbox 813 2320 1003 2394; x_wconf 88' lang='lat' dir='ltr'><strong>corruptum</strong></span> <span class='ocrx_word' id='word_1_107' title='bbox 1025 2307 1259 2400; x_wconf 48' lang='lat' dir='ltr'><strong>iudicantem..</strong></span> 
     </span>
    </p>
   </div>
   <div class='ocr_carea' id='block_1_5' title="bbox 532 2486 1741 4153">
    <p class='ocr_par' dir='ltr' id='par_1_5' title="bbox 532 2486 1741 4153">
     <span class='ocr_line' id='line_1_15' title="bbox 593 2486 1513 2575; baseline -0.001 -15"><span class='ocrx_word' id='word_1_108' title='bbox 593 2495 707 2560; x_wconf 64' lang='lat'>0230.</span> <span class='ocrx_word' id='word_1_109' title='bbox 1170 2486 1176 2494; x_wconf 54' lang='lat'><em>⁰</em></span> <span class='ocrx_word' id='word_1_110' title='bbox 1281 2495 1382 2575; x_wconf 76' lang='grc' dir='ltr'><strong><em>αὐτὰρ</em></strong></span> <span class='ocrx_word' id='word_1_111' title='bbox 1407 2491 1513 2574; x_wconf 77' lang='grc' dir='ltr'><strong><em>ὕπερθε</em></strong></span> 
     </span>
     <span class='ocr_line' id='line_1_16' title="bbox 727 2598 1558 2681; baseline 0.002 -18"><span class='ocrx_word' id='word_1_112' title='bbox 727 2601 849 2678; x_wconf 72' lang='grc' dir='ltr'><strong><em>αἰγείην</em></strong></span> <span class='ocrx_word' id='word_1_113' title='bbox 873 2601 978 2673; x_wconf 78' lang='grc' dir='ltr'><strong><em>κονίην</em></strong></span> <span class='ocrx_word' id='word_1_114' title='bbox 1002 2607 1129 2681; x_wconf 71' lang='grc' dir='ltr'><strong><em>κεφαλῇ</em></strong></span> <span class='ocrx_word' id='word_1_115' title='bbox 1154 2598 1230 2681; x_wconf 71' lang='grc' dir='ltr'><strong><em>ἔχε,</em></strong></span> <span class='ocrx_word' id='word_1_116' title='bbox 1255 2599 1397 2670; x_wconf 78' lang='grc' dir='ltr'><strong><em>πίνίος</em></strong></span> <span class='ocrx_word' id='word_1_117' title='bbox 1421 2598 1558 2676; x_wconf 62' lang='lat' dir='ltr'><strong>aleco.</strong></span> 
     </span>
     <span class='ocr_line' id='line_1_17' title="bbox 545 2703 1741 2791; baseline 0.001 -22"><span class='ocrx_word' id='word_1_118' title='bbox 545 2705 696 2770; x_wconf 78' lang='lat' dir='ltr'><strong>Editorss</strong></span> <span class='ocrx_word' id='word_1_119' title='bbox 728 2703 853 2783; x_wconf 84' lang='lat' dir='ltr'><strong>„Oausa</strong></span> <span class='ocrx_word' id='word_1_120' title='bbox 881 2707 989 2791; x_wconf 89' lang='lat' dir='ltr'><strong>potius</strong></span> <span class='ocrx_word' id='word_1_121' title='bbox 1018 2705 1188 2770; x_wconf 90' lang='lat' dir='ltr'><strong>indicanda</strong></span> <span class='ocrx_word' id='word_1_122' title='bbox 1218 2711 1287 2771; x_wconf 88' lang='lat' dir='ltr'><strong>erat</strong></span> <span class='ocrx_word' id='word_1_123' title='bbox 1317 2726 1374 2770; x_wconf 92' lang='lat' dir='ltr'><strong>cur</strong></span> <span class='ocrx_word' id='word_1_124' title='bbox 1396 2704 1481 2791; x_wconf 91' lang='lat' dir='ltr'><strong>pileo</strong></span> <span class='ocrx_word' id='word_1_125' title='bbox 1504 2710 1600 2791; x_wconf 88' lang='lat' dir='ltr'><strong>caput</strong></span> <span class='ocrx_word' id='word_1_126' title='bbox 1625 2707 1741 2770; x_wconf 83' lang='lat' dir='ltr'><strong>texerit</strong></span> 
     </span>
     <span class='ocr_line' id='line_1_18' title="bbox 544 2808 1741 2896; baseline 0 -21"><span class='ocrx_word' id='word_1_127' title='bbox 544 2832 651 2876; x_wconf 89' lang='lat' dir='ltr'><strong>senex.</strong></span> <span class='ocrx_word' id='word_1_128' title='bbox 675 2808 747 2875; x_wconf 85' lang='lat' dir='ltr'><strong>Vid.</strong></span> <span class='ocrx_word' id='word_1_129' title='bbox 772 2831 818 2877; x_wconf 86' lang='lat' dir='ltr'><strong>vs.</strong></span> <span class='ocrx_word' id='word_1_130' title='bbox 840 2810 906 2875; x_wconf 82' lang='lat'><strong>229</strong></span> <span class='ocrx_word' id='word_1_131' title='bbox 920 2831 977 2896; x_wconf 71' lang='lat' dir='ltr'><strong>eq„</strong></span> <span class='ocrx_word' id='word_1_132' title='bbox 1001 2831 1033 2875; x_wconf 85' lang='lat' dir='ltr'><strong>v.</strong></span> <span class='ocrx_word' id='word_1_133' title='bbox 1046 2810 1241 2877; x_wconf 84' lang='lat' dir='ltr'><strong>Herwsrden</strong></span> <span class='ocrx_word' id='word_1_134' title='bbox 1261 2810 1403 2890; x_wconf 82' lang='lat' dir='ltr'><strong>(Quaest.</strong></span> <span class='ocrx_word' id='word_1_135' title='bbox 1424 2832 1473 2896; x_wconf 86' lang='lat' dir='ltr'><strong>ep.</strong></span> <span class='ocrx_word' id='word_1_136' title='bbox 1493 2816 1525 2875; x_wconf 93' lang='lat' dir='ltr'><strong>et</strong></span> <span class='ocrx_word' id='word_1_137' title='bbox 1543 2809 1599 2891; x_wconf 87' lang='lat' dir='ltr'><strong>el.)</strong></span> <span class='ocrx_word' id='word_1_138' title='bbox 1622 2811 1741 2883; x_wconf 81' lang='grc' dir='ltr'><strong><em>ίιίλπος</em></strong></span> 
     </span>
     <span class='ocr_line' id='line_1_19' title="bbox 542 2915 1740 2995; baseline 0.002 -14"><span class='ocrx_word' id='word_1_139' title='bbox 542 2916 673 2995; x_wconf 69' lang='grc' dir='ltr'><strong><em>ἀλέξειν,</em></strong></span> <span class='ocrx_word' id='word_1_140' title='bbox 693 2916 731 2983; x_wconf 77' lang='lat' dir='ltr'><strong>E.</strong></span> <span class='ocrx_word' id='word_1_141' title='bbox 744 2915 895 2983; x_wconf 78' lang='lat' dir='ltr'><strong>Schultza</strong></span> <span class='ocrx_word' id='word_1_142' title='bbox 915 2923 1025 2993; x_wconf 73' lang='grc' dir='ltr'><strong><em>πνῖγος</em></strong></span> <span class='ocrx_word' id='word_1_143' title='bbox 1046 2916 1181 2995; x_wconf 57' lang='lat' dir='ltr'><strong>daleam</strong></span> <span class='ocrx_word' id='word_1_144' title='bbox 1202 2923 1354 2982; x_wconf 87' lang='lat' dir='ltr'><strong>neutrum</strong></span> <span class='ocrx_word' id='word_1_145' title='bbox 1375 2921 1483 2982; x_wconf 88' lang='lat' dir='ltr'><strong>tamen</strong></span> <span class='ocrx_word' id='word_1_146' title='bbox 1499 2917 1740 2983; x_wconf 82' lang='lat' dir='ltr'><strong>substantivum</strong></span> 
     </span>
     <span class='ocr_line' id='line_1_20' title="bbox 541 3022 1740 3109; baseline 0.002 -22"><span class='ocrx_word' id='word_1_147' title='bbox 541 3026 576 3088; x_wconf 93' lang='lat' dir='ltr'><strong>in</strong></span> <span class='ocrx_word' id='word_1_148' title='bbox 609 3023 752 3089; x_wconf 90' lang='lat' dir='ltr'><strong>Homero</strong></span> <span class='ocrx_word' id='word_1_149' title='bbox 785 3029 889 3101; x_wconf 84' lang='lat' dir='ltr'><strong>extat,</strong></span> <span class='ocrx_word' id='word_1_150' title='bbox 921 3044 1024 3108; x_wconf 88' lang='lat' dir='ltr'><strong>neque</strong></span> <span class='ocrx_word' id='word_1_151' title='bbox 1048 3025 1194 3089; x_wconf 80' lang='lat' dir='ltr'><strong>activum</strong></span> <span class='ocrx_word' id='word_1_152' title='bbox 1218 3022 1341 3100; x_wconf 70' lang='grc' dir='ltr'><strong><em>ἀλέξειν</em></strong></span> <span class='ocrx_word' id='word_1_153' title='bbox 1364 3028 1538 3108; x_wconf 91' lang='lat' dir='ltr'><strong>usurpatur</strong></span> <span class='ocrx_word' id='word_1_154' title='bbox 1561 3022 1600 3089; x_wconf 89' lang='lat' dir='ltr'><strong>de</strong></span> <span class='ocrx_word' id='word_1_155' title='bbox 1622 3045 1659 3089; x_wconf 90' lang='lat' dir='ltr'><strong>eo</strong></span> <span class='ocrx_word' id='word_1_156' title='bbox 1683 3027 1740 3109; x_wconf 93' lang='lat' dir='ltr'><strong>qui</strong></span> 
     </span>
     <span class='ocr_line' id='line_1_21' title="bbox 540 3128 1739 3215; baseline 0.001 -22"><span class='ocrx_word' id='word_1_157' title='bbox 540 3149 573 3194; x_wconf 87' lang='lat' dir='ltr'><strong>se</strong></span> <span class='ocrx_word' id='word_1_158' title='bbox 593 3132 702 3214; x_wconf 90' lang='lat' dir='ltr'><strong>ipsum</strong></span> <span class='ocrx_word' id='word_1_159' title='bbox 722 3128 864 3194; x_wconf 88' lang='lat' dir='ltr'><strong>defendit</strong></span> <span class='ocrx_word' id='word_1_160' title='bbox 884 3131 983 3211; x_wconf 92' lang='lat' dir='ltr'><strong>[recte</strong></span> <span class='ocrx_word' id='word_1_161' title='bbox 1003 3136 1111 3195; x_wconf 90' lang='lat' dir='ltr'><strong>tamen</strong></span> <span class='ocrx_word' id='word_1_162' title='bbox 1131 3130 1184 3194; x_wconf 91' lang='lat' dir='ltr'><strong>hic</strong></span> <span class='ocrx_word' id='word_1_163' title='bbox 1204 3130 1319 3194; x_wconf 88' lang='lat' dir='ltr'><strong>habere</strong></span> <span class='ocrx_word' id='word_1_164' title='bbox 1334 3128 1465 3194; x_wconf 87' lang='lat' dir='ltr'><strong>videtur</strong></span> <span class='ocrx_word' id='word_1_165' title='bbox 1484 3131 1559 3214; x_wconf 88' lang='lat' dir='ltr'><strong>quia</strong></span> <span class='ocrx_word' id='word_1_166' title='bbox 1579 3129 1739 3215; x_wconf 82' lang='lat' dir='ltr'><strong>significat</strong></span> 
     </span>
     <span class='ocr_line' id='line_1_22' title="bbox 541 3232 1738 3320; baseline 0.002 -23"><span class='ocrx_word' id='word_1_167' title='bbox 541 3259 561 3297; x_wconf 86' lang='grc' dir='ltr'><strong><em>ο</em></strong></span> <span class='ocrx_word' id='word_1_168' title='bbox 593 3234 694 3316; x_wconf 80' lang='lat' dir='ltr'><strong>capite</strong></span> <span class='ocrx_word' id='word_1_169' title='bbox 724 3237 851 3317; x_wconf 69' lang='lat' dir='ltr'><strong>arcem}</strong></span> <span class='ocrx_word' id='word_1_170' title='bbox 877 3232 912 3298; x_wconf 83' lang='lat' dir='ltr'><strong>Si</strong></span> <span class='ocrx_word' id='word_1_171' title='bbox 935 3233 1014 3319; x_wconf 91' lang='lat' dir='ltr'><strong>quid</strong></span> <span class='ocrx_word' id='word_1_172' title='bbox 1037 3234 1197 3299; x_wconf 87' lang='lat' dir='ltr'><strong>eiusmodi</strong></span> <span class='ocrx_word' id='word_1_173' title='bbox 1219 3234 1317 3311; x_wconf 89' lang='lat' dir='ltr'><strong>latet,</strong></span> <span class='ocrx_word' id='word_1_174' title='bbox 1342 3236 1544 3320; x_wconf 88' lang='lat' dir='ltr'><strong>suspicamur</strong></span> <span class='ocrx_word' id='word_1_175' title='bbox 1566 3238 1674 3320; x_wconf 91' lang='lat' dir='ltr'><strong>potius</strong></span> <span class='ocrx_word' id='word_1_176' title='bbox 1698 3234 1738 3299; x_wconf 91' lang='lat' dir='ltr'><strong>ad</strong></span> 
     </span>
     <span class='ocr_line' id='line_1_23' title="bbox 541 3338 1739 3425; baseline 0.001 -22"><span class='ocrx_word' id='word_1_177' title='bbox 541 3345 650 3421; x_wconf 77' lang='grc' dir='ltr'><strong><em>ψῦχος</em></strong></span> <span class='ocrx_word' id='word_1_178' title='bbox 673 3338 726 3405; x_wconf 86' lang='lat' dir='ltr'><strong>vel</strong></span> <span class='ocrx_word' id='word_1_179' title='bbox 749 3338 863 3419; x_wconf 73' lang='grc' dir='ltr'><strong><em>ὄμβρον</em></strong></span> <span class='ocrx_word' id='word_1_180' title='bbox 885 3339 1059 3418; x_wconf 88' lang='lat' dir='ltr'><strong>(Hartman</strong></span> <span class='ocrx_word' id='word_1_181' title='bbox 1082 3342 1121 3406; x_wconf 85' lang='lat' dir='ltr'><strong>cf.</strong></span> <span class='ocrx_word' id='word_1_182' title='bbox 1148 3344 1202 3406; x_wconf 90' lang='lat' dir='ltr'><strong>Ar.</strong></span> <span class='ocrx_word' id='word_1_183' title='bbox 1227 3340 1311 3406; x_wconf 91' lang='lat' dir='ltr'><strong>Nub.</strong></span> <span class='ocrx_word' id='word_1_184' title='bbox 1336 3340 1416 3421; x_wconf 80' lang='lat'>268)</span> <span class='ocrx_word' id='word_1_185' title='bbox 1448 3339 1617 3405; x_wconf 81' lang='lat' dir='ltr'><strong>vitandum</strong></span> <span class='ocrx_word' id='word_1_186' title='bbox 1641 3342 1739 3425; x_wconf 86' lang='lat' dir='ltr'><strong>capiti</strong></span> 
     </span>
     <span class='ocr_line' id='line_1_24' title="bbox 540 3444 1737 3533; baseline 0 -23"><span class='ocrx_word' id='word_1_187' title='bbox 540 3448 734 3533; x_wconf 88' lang='lat' dir='ltr'><strong>imposuisse</strong></span> <span class='ocrx_word' id='word_1_188' title='bbox 765 3445 903 3532; x_wconf 85' lang='lat' dir='ltr'><strong>pilum”.</strong></span> <span class='ocrx_word' id='word_1_189' title='bbox 934 3444 1144 3513; x_wconf 76' lang='lat' dir='ltr'><strong>Coniecturae</strong></span> <span class='ocrx_word' id='word_1_190' title='bbox 1171 3445 1285 3527; x_wconf 81' lang='grc' dir='ltr'><strong><em>ὄμβρον</em></strong></span> <span class='ocrx_word' id='word_1_191' title='bbox 1308 3446 1395 3512; x_wconf 86' lang='lat' dir='ltr'><strong>favet</strong></span> <span class='ocrx_word' id='word_1_192' title='bbox 1417 3448 1579 3531; x_wconf 88' lang='lat' dir='ltr'><strong>imprimis</strong></span> <span class='ocrx_word' id='word_1_193' title='bbox 1602 3445 1737 3511; x_wconf 91' lang='lat' dir='ltr'><strong>Hesiodi</strong></span> 
     </span>
     <span class='ocr_line' id='line_1_25' title="bbox 539 3549 886 3637; baseline 0.003 -21"><span class='ocrx_word' id='word_1_194' title='bbox 539 3549 630 3616; x_wconf 90' lang='lat' dir='ltr'><strong>locus</strong></span> <span class='ocrx_word' id='word_1_195' title='bbox 654 3550 735 3637; x_wconf 92' lang='lat' dir='ltr'><strong>Opp.</strong></span> <span class='ocrx_word' id='word_1_196' title='bbox 761 3550 886 3637; x_wconf 81' lang='lat' dir='ltr'><strong>545eq.</strong></span> 
     </span>
     <span class='ocr_line' id='line_1_26' title="bbox 1159 3641 1509 3722; baseline -0.006 -14"><span class='ocrx_word' id='word_1_197' title='bbox 1159 3648 1326 3722; x_wconf 77' lang='grc' dir='ltr'><strong><em>κεφαλῆφι</em></strong></span> <span class='ocrx_word' id='word_1_198' title='bbox 1350 3642 1376 3707; x_wconf 82' lang='grc' dir='ltr'><strong>δ’</strong></span> <span class='ocrx_word' id='word_1_199' title='bbox 1402 3641 1509 3722; x_wconf 80' lang='grc' dir='ltr'><strong><em>ὕπερίε</em></strong></span> 
     </span>
     <span class='ocr_line' id='line_1_27' title="bbox 723 3745 1531 3828; baseline 0.002 -18"><span class='ocrx_word' id='word_1_200' title='bbox 723 3753 813 3811; x_wconf 80' lang='grc' dir='ltr'><strong><em>πῖλον</em></strong></span> <span class='ocrx_word' id='word_1_201' title='bbox 838 3745 922 3828; x_wconf 73' lang='grc' dir='ltr'><strong><em>ἔχειν</em></strong></span> <span class='ocrx_word' id='word_1_202' title='bbox 945 3746 1090 3826; x_wconf 71' lang='grc' dir='ltr'><strong><em>ἄσκηπίν,</em></strong></span> <span class='ocrx_word' id='word_1_203' title='bbox 1116 3745 1153 3813; x_wconf 82' lang='grc' dir='ltr'><strong>ἵν’</strong></span> <span class='ocrx_word' id='word_1_204' title='bbox 1179 3746 1278 3812; x_wconf 78' lang='grc' dir='ltr'><strong><em>οὔατα</em></strong></span> <span class='ocrx_word' id='word_1_205' title='bbox 1302 3751 1347 3825; x_wconf 78' lang='grc' dir='ltr'><strong>μη</strong></span> <span class='ocrx_word' id='word_1_206' title='bbox 1372 3747 1531 3827; x_wconf 81' lang='grc' dir='ltr'><strong><em>καταδεύη</em></strong></span> 
     </span>
     <span class='ocr_line' id='line_1_28' title="bbox 535 3851 1735 3942; baseline -0.002 -21"><span class='ocrx_word' id='word_1_207' title='bbox 535 3854 609 3921; x_wconf 89' lang='lat' dir='ltr'><strong>scil.</strong></span> <span class='ocrx_word' id='word_1_208' title='bbox 641 3854 737 3925; x_wconf 77' lang='grc' dir='ltr'><strong><em>ιἰεπίς.</em></strong></span> <span class='ocrx_word' id='word_1_209' title='bbox 774 3855 885 3920; x_wconf 88' lang='lat' dir='ltr'><strong>Potest</strong></span> <span class='ocrx_word' id='word_1_210' title='bbox 916 3858 1015 3921; x_wconf 88' lang='lat' dir='ltr'><strong>etiam</strong></span> <span class='ocrx_word' id='word_1_211' title='bbox 1046 3857 1184 3942; x_wconf 79' lang='lat' dir='ltr'><strong>cogitari</strong></span> <span class='ocrx_word' id='word_1_212' title='bbox 1216 3856 1255 3921; x_wconf 88' lang='lat' dir='ltr'><strong>de</strong></span> <span class='ocrx_word' id='word_1_213' title='bbox 1286 3856 1450 3921; x_wconf 88' lang='lat' dir='ltr'><strong>scribendo</strong></span> <span class='ocrx_word' id='word_1_214' title='bbox 1479 3851 1576 3935; x_wconf 83' lang='grc' dir='ltr'><strong><em>αίίρον</em></strong></span> <span class='ocrx_word' id='word_1_215' title='bbox 1607 3853 1735 3933; x_wconf 79' lang='grc' dir='ltr'><strong><em>ιίλέξον,</em></strong></span> 
     </span>
     <span class='ocr_line' id='line_1_29' title="bbox 535 3959 1733 4046; baseline 0.001 -21"><span class='ocrx_word' id='word_1_216' title='bbox 535 3963 558 4027; x_wconf 90' lang='lat' dir='ltr'><strong>i.</strong></span> <span class='ocrx_word' id='word_1_217' title='bbox 573 3981 602 4025; x_wconf 89' lang='lat' dir='ltr'><strong>e.</strong></span> <span class='ocrx_word' id='word_1_218' title='bbox 625 3959 701 4022; x_wconf 80' lang='lat' dir='ltr'><strong>caeli</strong></span> <span class='ocrx_word' id='word_1_219' title='bbox 718 3961 929 4042; x_wconf 73' lang='grc' dir='ltr'><strong><em>ιῗαίεναρσσὶοια,</em></strong></span> <span class='ocrx_word' id='word_1_220' title='bbox 950 3963 977 4025; x_wconf 90' lang='lat' dir='ltr'><strong>si</strong></span> <span class='ocrx_word' id='word_1_221' title='bbox 997 3966 1082 4027; x_wconf 87' lang='lat' dir='ltr'><strong>recte</strong></span> <span class='ocrx_word' id='word_1_222' title='bbox 1095 3961 1269 4046; x_wconf 85' lang='lat' dir='ltr'><strong>quondam,</strong></span> <span class='ocrx_word' id='word_1_223' title='bbox 1289 3962 1535 4026; x_wconf 88' lang='lat' dir='ltr'><strong>assentientibus</strong></span> <span class='ocrx_word' id='word_1_224' title='bbox 1547 3960 1733 4040; x_wconf 86' lang='lat' dir='ltr'><strong>editoribus,</strong></span> 
     </span>
     <span class='ocr_line' id='line_1_30' title="bbox 532 4065 1364 4153; baseline 0.001 -23"><span class='ocrx_word' id='word_1_225' title='bbox 532 4068 583 4130; x_wconf 92' lang='lat' dir='ltr'><strong>ita</strong></span> <span class='ocrx_word' id='word_1_226' title='bbox 606 4065 666 4130; x_wconf 92' lang='lat' dir='ltr'><strong>hoc</strong></span> <span class='ocrx_word' id='word_1_227' title='bbox 689 4065 887 4131; x_wconf 85' lang='lat' dir='ltr'><strong>vocabulum</strong></span> <span class='ocrx_word' id='word_1_228' title='bbox 909 4068 1139 4153; x_wconf 88' lang='lat' dir='ltr'><strong>interpretatus</strong></span> <span class='ocrx_word' id='word_1_229' title='bbox 1160 4087 1233 4131; x_wconf 91' lang='lat' dir='ltr'><strong>sum</strong></span> <span class='ocrx_word' id='word_1_230' title='bbox 1257 4066 1276 4139; x_wconf 79' lang='grc' dir='ltr'>ξ</span> <span class='ocrx_word' id='word_1_231' title='bbox 1288 4065 1364 4131; x_wconf 85' lang='grc'><strong>318.</strong></span> 
     </span>
    </p>
   </div>
   <div class='ocr_carea' id='block_1_6' title="bbox 529 4260 1727 4874">
    <p class='ocr_par' dir='ltr' id='par_1_6' title="bbox 529 4260 1727 4874">
     <span class='ocr_line' id='line_1_31' title="bbox 585 4260 1549 4340; baseline 0.003 -13"><span class='ocrx_word' id='word_1_232' title='bbox 585 4288 606 4326; x_wconf 87' lang='grc' dir='ltr'><strong>οι</strong></span> <span class='ocrx_word' id='word_1_233' title='bbox 621 4260 697 4327; x_wconf 84' lang='grc'><strong>313.</strong></span> <span class='ocrx_word' id='word_1_234' title='bbox 1110 4263 1203 4340; x_wconf 76' lang='grc' dir='ltr'><strong><em>ίομδς</em></strong></span> <span class='ocrx_word' id='word_1_235' title='bbox 1228 4263 1254 4328; x_wconf 85' lang='grc' dir='ltr'><strong>δ’</strong></span> <span class='ocrx_word' id='word_1_236' title='bbox 1280 4260 1325 4327; x_wconf 79' lang='grc' dir='ltr'><strong>ἔπι</strong></span> <span class='ocrx_word' id='word_1_237' title='bbox 1349 4269 1414 4329; x_wconf 79' lang='grc' dir='ltr'><strong><em>νῶιν</em></strong></span> <span class='ocrx_word' id='word_1_238' title='bbox 1439 4266 1549 4330; x_wconf 80' lang='grc' dir='ltr'><strong><em>ἐώλπει</em></strong></span> 
     </span>
     <span class='ocr_line' id='line_1_32' title="bbox 720 4367 1543 4450; baseline 0.005 -18"><span class='ocrx_word' id='word_1_239' title='bbox 720 4368 907 4449; x_wconf 75' lang='grc' dir='ltr'><strong><em>μ(ε)ίξεσίαι</em></strong></span> <span class='ocrx_word' id='word_1_240' title='bbox 931 4367 1012 4449; x_wconf 74' lang='grc' dir='ltr'><strong><em>ξενίη</em></strong></span> <span class='ocrx_word' id='word_1_241' title='bbox 1036 4369 1081 4445; x_wconf 73' lang='grc' dir='ltr'><strong>ηδ’</strong></span> <span class='ocrx_word' id='word_1_242' title='bbox 1106 4371 1220 4448; x_wconf 74' lang='grc' dir='ltr'><strong><em>οίγλαοὶ</em></strong></span> <span class='ocrx_word' id='word_1_243' title='bbox 1246 4368 1325 4450; x_wconf 80' lang='grc' dir='ltr'><strong><em>δῶρα</em></strong></span> <span class='ocrx_word' id='word_1_244' title='bbox 1349 4369 1543 4437; x_wconf 78' lang='grc' dir='ltr'><strong><em>διδώσειν.</em></strong></span> 
     </span>
     <span class='ocr_line' id='line_1_33' title="bbox 534 4472 1428 4561; baseline 0.002 -22"><span class='ocrx_word' id='word_1_245' title='bbox 534 4472 748 4539; x_wconf 77' lang='lat' dir='ltr'><strong>Tolerabilius</strong></span> <span class='ocrx_word' id='word_1_246' title='bbox 773 4495 847 4540; x_wconf 90' lang='lat' dir='ltr'><strong>saue</strong></span> <span class='ocrx_word' id='word_1_247' title='bbox 870 4475 954 4560; x_wconf 94' lang='lat' dir='ltr'><strong>quod</strong></span> <span class='ocrx_word' id='word_1_248' title='bbox 977 4483 1158 4560; x_wconf 92' lang='lat' dir='ltr'><strong>proponunt</strong></span> <span class='ocrx_word' id='word_1_249' title='bbox 1181 4475 1428 4561; x_wconf 80' lang='lat' dir='ltr'><strong>Lugdunenses:</strong></span> 
     </span>
     <span class='ocr_line' id='line_1_34' title="bbox 904 4578 1548 4663; baseline 0.005 -19"><span class='ocrx_word' id='word_1_250' title='bbox 904 4578 946 4644; x_wconf 75' lang='grc' dir='ltr'><strong>ίδὲ</strong></span> <span class='ocrx_word' id='word_1_251' title='bbox 970 4580 1036 4661; x_wconf 85' lang='lat' dir='ltr'><strong>(vel</strong></span> <span class='ocrx_word' id='word_1_252' title='bbox 1060 4582 1127 4662; x_wconf 80' lang='grc' dir='ltr'><strong><em>καί)</em></strong></span> <span class='ocrx_word' id='word_1_253' title='bbox 1151 4582 1296 4658; x_wconf 80' lang='grc' dir='ltr'><strong><em>δωσίμεν’</em></strong></span> <span class='ocrx_word' id='word_1_254' title='bbox 1320 4583 1435 4661; x_wconf 68' lang='grc' dir='ltr'><strong><em>ἀγλαοὶ</em></strong></span> <span class='ocrx_word' id='word_1_255' title='bbox 1460 4582 1548 4663; x_wconf 78' lang='grc' dir='ltr'><strong><em>δῶρα.</em></strong></span> 
     </span>
     <span class='ocr_line' id='line_1_35' title="bbox 529 4682 1727 4774; baseline 0.005 -25"><span class='ocrx_word' id='word_1_256' title='bbox 529 4682 649 4750; x_wconf 86' lang='lat' dir='ltr'><strong>Malim</strong></span> <span class='ocrx_word' id='word_1_257' title='bbox 682 4690 805 4763; x_wconf 88' lang='lat' dir='ltr'><strong>tamen,</strong></span> <span class='ocrx_word' id='word_1_258' title='bbox 838 4706 900 4771; x_wconf 90' lang='lat' dir='ltr'><strong>quo</strong></span> <span class='ocrx_word' id='word_1_259' title='bbox 924 4684 1043 4751; x_wconf 87' lang='lat' dir='ltr'><strong>melius</strong></span> <span class='ocrx_word' id='word_1_260' title='bbox 1067 4693 1216 4772; x_wconf 88' lang='lat' dir='ltr'><strong>appareat</strong></span> <span class='ocrx_word' id='word_1_261' title='bbox 1239 4707 1321 4772; x_wconf 89' lang='lat' dir='ltr'><strong>quas</strong></span> <span class='ocrx_word' id='word_1_262' title='bbox 1346 4694 1549 4774; x_wconf 82' lang='lat' dir='ltr'><strong>exspectatur</strong></span> <span class='ocrx_word' id='word_1_263' title='bbox 1572 4689 1727 4755; x_wconf 91' lang='lat' dir='ltr'><strong>donorum</strong></span> 
     </span>
     <span class='ocr_line' id='line_1_36' title="bbox 530 4791 759 4874; baseline -0.004 -19"><span class='ocrx_word' id='word_1_264' title='bbox 530 4791 759 4874; x_wconf 85' lang='lat' dir='ltr'><strong>reciprocatio:</strong></span> 
     </span>
    </p>
   </div>
   <div class='ocr_carea' id='block_1_7' title="bbox 0 0 2268 5947">
    <p class='ocr_par' dir='ltr' id='par_1_7' title="bbox 0 0 2268 5947">
     <span class='ocr_line' id='line_1_37' title="bbox 0 0 2268 5947; baseline 0 0"><span class='ocrx_word' id='word_1_265' title='bbox 0 0 2268 5947; x_wconf 95' lang='lat' dir='ltr'><strong> </strong></span> 
     </span>
    </p>
   </div>
  </div>
 </body>
</html>
