4525 5950
981 701 1124 750 raorrns.
1581 683 1648 750 205

448 887 525 932 cere
548 870 690 951 potuerit
714 886 877 952 rogamus.
902 865 964 931 sed
986 867 1046 934 hoo
1070 869 1182 944 mitto;
1208 867 1246 932 ad
1266 867 1362 932 aliam
1383 866 1504 932 'l'iberii
1524 872 1649 934 transeo

449 973 643 1058 epistolam,
668 994 732 1038 non
756 975 864 1038 minus
887 975 1063 1060 egregiam.
1089 972 1142 1050 VI,
1169 973 1199 1038 5.
1225 972 1259 1038 Iu
1285 972 1413 1040 Cottam
1438 973 1649 1040 Messalinum

452 1100 551 1144 omne
582 1082 755 1144 criminum
787 1079 947 1165 profertur
976 1100 1097 1165 genus,
1122 1081 1221 1143 etiam
1245 1080 1329 1145 dicta
1353 1084 1439 1157 eius,
1464 1102 1544 1166 qnae
1565 1083 1649 1145 inter

450 1185 572 1270 pocula
601 1191 818 1270 prompserat,
851 1192 1049 1270 arguuntur;
1081 1187 1115 1249 in
1147 1185 1206 1250 hoc
1229 1184 1371 1270 periculo
1394 1207 1467 1251 reus
1489 1186 1529 1250 ad
1551 1189 1651 1272 impe·

449 1298 593 1355 retorem
617 1299 780 1376 provocat.
804 1290 867 1369 Qui
889 1289 1063 1376 prudenter
1086 1291 1329 1375 moderateque,
1354 1299 1391 1355 ut
1413 1290 1551 1356 solebat:

502 1418 565 1474 „ne
587 1397 683 1462 verba
707 1418 804 1482 prave
827 1395 965 1474 detorta,
989 1417 1053 1461 neu
1076 1396 1297 1461 convivalium
1321 1395 1502 1461 fabularum
1528 1394 1649 1482 simpli-

452 1505 537 1567 citas
559 1504 592 1565 in
616 1505 736 1567 crimen
760 1502 939 1580 duceretur,
963 1500 1174 1587 postulavit.’'

452 1609 565 1691 Atque
599 1610 766 1692 praemisit
796 1609 872 1673 huic
903 1607 1055 1693 epistolae
1086 1607 1270 1685 exordium,
1303 1609 1401 1693 quod,
1434 1629 1486 1673 me
1517 1609 1648 1694 quidem

449 1712 578 1790 iudice,
603 1716 763 1800 insignem
785 1717 819 1778 in
842 1717 930 1778 omni
953 1711 1121 1779 literarum
1143 1714 1331 1778 Latinarum
1350 1714 1484 1779 historia
1507 1715 1648 1780 obtinere

448 1816 563 1883 locum
586 1825 744 1885 meretur:
830 1864 833 1873 ·

504 1924 609 2003 „Quid
629 1927 766 1990 scribam
787 1927 895 2003 vobis,
916 1932 1022 2011 patres
1042 1928 1229 2010 conscripti,
1251 1933 1308 1991 aut
1326 1927 1484 2013 quomodo
1495 1928 1647 2006 scribam,

450 2037 513 2095 aut
548 2031 625 2115 quid
661 2034 790 2096 omnino
823 2053 887 2097 non
922 2032 1058 2097 scribam
1089 2032 1149 2096 hoc
1180 2039 1340 2118 tempore,
1372 2034 1405 2097 di
1435 2054 1487 2098 me
1511 2033 1649 2120 deaeque

450 2138 548 2222 peius
571 2136 722 2221 perdant,
747 2158 843 2222 quam
868 2141 972 2222 perire
995 2158 1047 2202 me
1072 2138 1189 2203 cotidie
1214 2142 1333 2215 sentio,
1358 2142 1386 2203 si
1409 2141 1505 2204 scio.’'

501 2242 660 2327 Equidem
690 2243 773 2306 mihi
796 2243 849 2307 hic
874 2243 985 2308 audire
1008 2244 1120 2309 videor
1144 2265 1269 2322 senem,
1294 2266 1390 2329 quem
1414 2247 1479 2310 iam
1503 2267 1566 2310 non
1587 2248 1648 2310 im·

452 2350 537 2434 perii
558 2354 685 2413 tantum
705 2349 760 2414 sed
779 2356 811 2414 et
829 2352 933 2434 ipsius
952 2351 1039 2415 vitae
1059 2352 1170 2436 pigeat
1190 2349 1391 2435 taedeatque;
1405 2354 1646 2436 quiimperium

452 2475 520 2518 non
552 2457 762 2540 appetiverit,
793 2455 848 2521 sed
878 2476 951 2520 cum
983 2458 1106 2520 invitus
1135 2454 1218 2520 illud
1248 2458 1455 2540 sumpsisset,
1489 2463 1647 2541 utquam

453 2563 600 2645 optimus
623 2566 706 2625 esset
727 2563 902 2646 imperator
925 2563 967 2625 sit
990 2567 1139 2640 conatns;
1165 2563 1220 2645 qni
1245 2566 1312 2626 tota
1333 2561 1464 2646 quidem
1483 2565 1552 2627 vita
1571 2583 1646 2626 cum

452 2687 584 2730 summo
614 2665 720 2732 dolore
751 2673 902 2752 expertus
933 2669 975 2731 sit
1005 2669 1171 2753 ingratum
1196 2687 1228 2731 ss
1251 2688 1319 2731 esee
1343 2667 1529 2732 hominibus
1553 2674 1586 2732 et
1609 2670 1649 2732 ti·

452 2774 539 2835 mori
562 2771 746 2836 incutiendo
771 2775 926 2856 aptiorem
951 2793 1048 2856 quam
1071 2772 1205 2837 fiduciae
1229 2771 1367 2849 dandae,
1396 2775 1548 2837 extremis
1571 2794 1646 2837 vero

452 2879 545 2941 annis
575 2898 644 2942 sero
676 2880 863 2963 cognoverit
889 2877 993 2961 qualis
1015 2875 1071 2942 ille
1094 2876 1228 2942 Seianus
1251 2878 1365 2954 fuerit,
1389 2881 1441 2942 cui
1467 2899 1500 2942 se
1525 2898 1645 2963 suaque

453 2985 562 3048 omnia
593 2986 809 3062 commiserit,
841 3005 943 3069 neque
974 3005 1118 3049 recusare
1142 3005 1175 3048 se
1199 3005 1289 3069 posse
1313 2987 1430 3049 sentiat
1453 2988 1530 3070 quin
1553 2984 1642 3050 illius

451 3089 592 3153 facinora
621 3091 683 3154 sibi
714 3093 796 3155 vitio
829 3090 945 3154 dentur
976 3088 1036 3167 (De
1065 3088 1329 3155 Tiberio-Seiani
1360 3091 1483 3155 artibus
1507 3092 1643 3156 obnoxio

451 3194 492 3258 of.
518 3193 695 3259 Karstenus
719 3197 861 3280 passim).
886 3194 1020 3259 Miseret
1043 3194 1184 3280 profecto
1208 3197 1361 3279 principis
1385 3195 1508 3280 decepti
1531 3203 1564 3260 st
1586 3198 1643 3260 vir

452 3299 581 3364 andem
603 3298 737 3365 meliora
756 3301 876 3378 edocti,
898 3301 1059 3385 probeque
1076 3299 1295 3387 intelligimus
1314 3303 1465 3365 samiam
1479 3300 1556 3385 quid
1569 3304 1645 3366 scri·

451 3405 521 3481 bat,
543 3405 705 3489 quomodo
724 3407 859 3484 scribat,
880 3406 957 3491 qnid
976 3409 1106 3471 omnino
1127 3427 1189 3471 non
1209 3407 1327 3471 scribat
1346 3406 1464 3470 frustra
1482 3427 1642 3489 quaerere.

497 3510 565 3573 Aut
589 3512 616 3574 si
639 3532 691 3576 me
713 3510 793 3576 latet
815 3532 891 3576 vera
913 3511 1035 3576 exordii
1055 3515 1229 3588 sententia,
1250 3510 1414 3595 singulare
1433 3511 1592 3597 quoddam
1612 3517 1645 3575 et

448 3614 610 3699 peculiare
640 3619 710 3681 eius
740 3617 838 3682 fuisse
869 3617 1041 3681 consilium
1072 3638 1166 3682 nemo
1190 3638 1252 3683 non
1277 3616 1436 3681 concedet.
1459 3616 1521 3682 Sed
1544 3615 1645 3682 simul

448 3720 623 3785 concedant
656 3743 765 3787 omnes
800 3727 927 3808 oportet
962 3720 1112 3787 Tacitum
1147 3730 1231 3788 certe
1266 3721 1360 3807 plane
1395 3723 1516 3807 fugisse
1550 3721 1642 3787 illud.

448 3825 538 3904 Quae
563 3830 650 3891 enim
673 3829 819 3893 subiicit:
1696 3816 1700 3823 ¹

499 3931 607 4007 „Adeo
638 3934 780 3999 facinora
808 3940 903 4020 atque
927 3933 1052 4020 flagitia
1075 3954 1132 3998 sua
1155 3935 1218 4017 ipsi
1241 3953 1367 4019 qnoque
1389 3936 1423 3996 in
1447 3933 1643 4018 supplicium

447 4043 623 4102 verterant.
655 4038 767 4123 Neque
790 4039 910 4105 frustra
932 4041 1226 4125 praestantissimus
1250 4041 1424 4123 sapientiae
1448 4037 1573 4104 firmare
1596 4061 1645 4105 so·

446 4140 529 4205 litus
552 4148 618 4219 est,
648 4145 676 4207 si
699 4142 904 4209 recludantur
927 4150 1139 4232 tyrannorum
1162 4150 1305 4221 mentes,
1329 4164 1421 4228 posse
1443 4146 1541 4227 aspici
1563 4142 1643 4208 lani-

446 4251 522 4311 atus
552 4252 585 4311 et
606 4248 708 4324 ictus,
733 4248 876 4333 quando,
902 4255 940 4314 ut
962 4269 1093 4334 corpora
1116 4250 1321 4326 verberibus,
1346 4252 1392 4312 ita
1415 4251 1550 4313 saevitia
1572 4248 1644 4313 libi-

444 4350 538 4427 dine,
568 4350 663 4417 malis
687 4352 842 4418 consultis
866 4357 993 4419 animus
1018 4353 1219 4421 dilaceretur.
1243 4354 1368 4439 Quippe
1391 4352 1556 4418 Tiberium
1580 4375 1642 4418 non

445 4458 595 4535 fortuna,
629 4480 693 4523 non
725 4458 915 4525 solitudines
945 4460 1173 4546 protegebant,
1207 4462 1285 4545 quin
1315 4464 1476 4525 tormenta
1506 4462 1643 4545 pectoris

444 4582 585 4648 suasque
607 4566 677 4648 ipse
700 4585 818 4649 poenas
842 4566 1018 4631 fateretur''

442 4667 543 4732 anilia
571 4674 705 4734 suntet
732 4671 981 4735 circumforaneo
1008 4677 1131 4736 oratore
1158 4670 1256 4756 digna
1279 4673 1384 4756 magis
1413 4691 1511 4755 quam
1537 4674 1642 4735 veraci

444 4774 611 4838 historico.

1465 4894 1497 4943 la
