4525 5950
909 715 1148 766 nnuosrsnnns.
1553 699 1619 764 423

432 884 573 958 πρῶται·
605 880 719 947 τούτων
749 883 802 947 οὐκ
833 872 866 954 ἦν
897 879 1045 959 Μειδίας,
1069 880 1145 945 ἀλλ’
1168 879 1229 958 Ire
1254 879 1305 943 ιιιιί
1329 879 1561 960 συντριήραρχος
1587 874 1621 952 ἦν

430 1009 488 1063 μοι
512 994 641 1058 Φιλῖνος.
665 983 764 1068 ἕτεραι
789 985 927 1067 δεύτεραι
951 985 1036 1062 μετὰ
1060 987 1152 1050 ταῦτ’
1176 987 1218 1056 είς
1235 984 1400 1051 Ὀλιινόον·
1421 984 1487 1051 οὐδὲ
1507 984 1620 1050 τούτων

433 1086 471 1164 ἦν
496 1093 626 1164 Μειδίας
651 1131 694 1143 -
717 1094 819 1172 τρίται
845 1096 895 1157 νῦν
920 1088 1014 1157 αὗται
1038 1090 1207 1170 γεγόνασιν
1231 1090 1395 1163 ἐπιδόσεις·
1416 1091 1534 1156 όντοιῦί’
1555 1090 1621 1155 set

430 1195 522 1263 δοκε.
555 1199 700 1264 Permire
730 1197 811 1264 illud
842 1197 965 1264 dictum
996 1202 1044 1263 est
1074 1199 1148 1277 παρ’
1181 1197 1252 1274 ὑμῖν
1282 1217 1339 1263 nec
1370 1198 1477 1262 minus
1499 1199 1620 1261 mirum

429 1304 521 1367 inter
550 1306 670 1390 primes
698 1309 731 1371 et
752 1303 867 1370 elterss
891 1303 1057 1383 ἐπιδόσεις,
1081 1306 1178 1370 sicuti
1201 1308 1381 1389 temporum
1405 1306 1542 1370 retiones
1565 1305 1621 1367 Ar·

430 1408 551 1476 noldus
588 1409 757 1477 Schiserus
791 1412 976 1477 acutissime
1010 1411 1195 1486 constituit,
1235 1411 1377 1494 spatium
1410 1411 1622 1474 intercessisse

431 1522 561 1611 septem
584 1536 749 1582 annorum.
773 1516 923 1583 Libenter
945 1519 1159 1602 reposuerim:
1185 1516 1322 1592 ἐγένοντο
1342 1516 1383 1587 εἰς
1404 1514 1541 1592 Εὔβοιαν
1560 1516 1623 1580 lm·

433 1621 533 1692 δόσεις
555 1621 722 1700 πέρυσιν
741 1625 877 1701 πρῶται,
898 1622 954 1689 sed
973 1629 1057 1688 sture
1076 1643 1113 1687 ee
1129 1623 1267 1707 suspicio
1279 1619 1368 1686 nullo
1380 1620 1474 1687 modo
1487 1624 1620 1707 poterit,

432 1730 500 1793 nisi
522 1749 649 1794 sumere
672 1728 769 1795 lineet
792 1728 1042 1796 Demosthenem
1061 1734 1094 1794 et
1112 1727 1281 1793 Philinum
1300 1728 1350 1793 bis
1368 1728 1619 1807 σνντρινριίρχονς

433 1834 552 1912 fuisse,
584 1856 646 1901 non
677 1841 805 1901 tentum
834 1833 893 1901 illo
924 1856 1006 1900 enno
1036 1833 1112 1913 357,
1143 1833 1198 1899 sed
1227 1836 1326 1899 etiem
1356 1835 1519 1919 septennio
1550 1841 1622 1919 post

432 1961 518 2006 enno
550 1937 628 2005 350.
657 1940 720 2007 Sed
750 1941 807 2007 elii
837 1940 986 2019 videant,
1019 1939 1168 2027 equidem
1198 1939 1381 2026 perplexum
1404 1942 1621 2026 quaestionem

432 2069 500 2113 non
529 2047 629 2113 eudeo
659 2050 828 2134 attingere.
860 2046 945 2113 Illud
975 2053 1058 2113 certe
1091 2047 1131 2113 ed
1161 2067 1230 2112 rem
1259 2049 1413 2132 pertinet,
1445 2068 1526 2112 enno
1555 2044 1620 2113 357

432 2176 501 2220 non
534 2158 661 2219 tanturn
695 2152 946 2219 Demosthenem
980 2158 1013 2218 et
1046 2151 1232 2231 Philinum,
1268 2152 1323 2219 sed
1356 2154 1465 2237 ipsum
1497 2173 1621 2239 quoque

433 2259 575 2327 Midiem
599 2260 778 2340 τριήραρχον
801 2261 918 2339 fuisse,
941 2260 982 2325 cf.
1006 2257 1098 2346 Corp.
1123 2259 1221 2325 Inscr.
1240 2261 1310 2324 Att.
1329 2257 1361 2323 II
1380 2280 1411 2345 p.
1434 2256 1499 2325 794
1517 2259 1547 2326 (1.
1561 2258 1619 2337 30;

434 2364 526 2432 velet
559 2365 619 2431 hoc
654 2365 693 2431 sd
728 2387 834 2432 meam
869 2367 1085 2452 suspicionem
1118 2363 1385 2442 confimsndsm,
1420 2385 1495 2430 nem
1529 2364 1623 2431 eliter

433 2471 684 2551 Demosthenes,
705 2475 755 2538 uti
773 2473 920 2551 arbitror,
937 2470 1065 2538 locutus
1084 2472 1214 2549 fuisset,
1234 2473 1261 2536 si
1282 2477 1425 2557 tempore
1443 2474 1621 2557 primarum

430 2577 567 2644 illarum
602 2579 763 2644 ἐπιδόσεων
797 2580 866 2664 ipse
901 2598 1026 2664 quoque
1060 2577 1180 2643 Midiae
1212 2577 1390 2657 τριήραρχος
1428 2578 1552 2645 fuisset.
1577 2613 1619 2626 —

431 2683 583 2751 Similem
614 2683 828 2770 corruptelam
861 2685 945 2750 mihi
975 2684 1086 2750 videor
1115 2683 1357 2769 deprehendisse
1386 2683 1505 2751 Conon.
1535 2685 1554 2769 §
1578 2682 1621 2749 39

434 2812 467 2877 p.
503 2790 605 2869 1269,
638 2791 677 2857 de
707 2812 769 2876 quo
799 2789 869 2856 loco
898 2791 982 2856 infre
1012 2810 1117 2877 egem.
1150 2789 1232 2856 Rem
1263 2792 1470 2876 pertrectsvit
1500 2789 1621 2856 Bahius

434 2897 534 2962 Sobel.
558 2898 641 2984 Hyp.
663 2895 712 2962 III
735 2918 766 2985 p.
794 2896 868 2963 153.

480 3114 587 3201 §174
617 3137 648 3202 p.
682 3113 765 3182 570:
799 3120 914 3193 ἡττᾶτο
946 3115 1076 3182 πλέειν
1106 3123 1165 3181 τῶν
1197 3115 1350 3181 ίδιιοπιιιιῖον
1380 3117 1501 3197 τριήροιν
1532 3122 1619 3195 μιῖις.

431 3222 541 3289 Stulte
580 3225 626 3288 its
666 3222 782 3301 editur,
818 3244 1012 3310 quemquem
1046 3223 1199 3289 Reishius
1232 3243 1345 3289 verum
1378 3226 1444 3288 ism
1480 3223 1619 3291 videret:

433 3327 573 3406 „Malim
605 3332 737 3409 (πλὴν)
768 3333 883 3409 μιοῖς,
916 3331 948 3395 h.
972 3351 999 3396 e.
1025 3337 1151 3413 praeter
1179 3351 1285 3412 ursam:
1317 3328 1516 3416 penultimus
1546 3353 1619 3397 cum

431 3436 510 3501 nevi
540 3454 598 3499 sus
622 3435 788 3514 veniebet;
813 3441 933 3502 ceterae
956 3457 1054 3503 neves
1078 3457 1187 3502 omnes
1211 3457 1326 3502 nevem
1349 3439 1418 3502 eius
1439 3442 1620 3524 praevenie—

431 3541 522 3606 bant.
544 3538 654 3606 Multo
679 3543 784 3606 meins
806 3542 867 3607 hoc
888 3548 937 3607 est
959 3541 1093 3609 dedecus
1117 3562 1215 3628 quum
1239 3541 1322 3628 quod
1344 3540 1478 3629 vulgete
1500 3543 1620 3610 Midiae

433 3645 622 3731 exprobret,
653 3666 733 3732 ques
756 3666 832 3712 eum
854 3669 929 3713 cum
951 3650 1028 3714 nevi
1049 3669 1108 3715 sue
1131 3648 1308 3714 secundum
1330 3670 1349 3714 e
1370 3652 1474 3735 primo
1496 3652 1620 3717 venisse

433 3752 514 3818 nit.”
538 3750 658 3818 Verum
681 3752 741 3817 hoc
761 3753 890 3839 quidem
910 3760 975 3832 est,
996 3754 1130 3820 sednon
1150 3761 1200 3820 est
1218 3756 1313 3833 setis;
1333 3754 1481 3821 emenda:
1503 3758 1620 3831 ἡττᾶτο

433 3858 571 3922 πασῶν
595 3863 653 3922 τῶν
675 3856 829 3922 ἰδιωτικῶν
851 3862 972 3940 τριήροιν
995 3859 1077 3932 πλὴν
1102 3863 1178 3937 percle
1201 3865 1371 3940 (ΠΛΕΩΝ
1386 3867 1618 3942 -ΠΛΟΩΜ,

480 4075 583 4161 §186
612 4097 644 4161 p.
669 4074 753 4143 575:
784 4076 880 4142 πόλιν
910 4077 1033 4150 αὐτός
1066 4078 1175 4151 ἐκεῖνος
1206 4075 1236 4144 δν
1261 4080 1349 4156 ὑμεῖς
1372 4078 1419 4149 ier
1442 4079 1617 4156 γενήσεται.

433 4179 585 4269 corrigo:
617 4181 714 4247 πόλιν
747 4177 794 4248 αὖ
826 4184 946 4256 ἐκεῖνος.
978 4182 1086 4250 Alium
1117 4186 1274 4253 rationem
1305 4182 1446 4253 Gobetus
1475 4187 1620 4271 sequitur

432 4288 570 4353 Μὶοσσόό.
593 4309 626 4374 p.
652 4287 729 4354 515.

479 4493 498 4576 §
519 4490 584 4557 189
608 4514 639 4577 p.
665 4489 750 4559 577:
775 4494 800 4557 εί
824 4494 976 4559 τοιίτοον
999 4490 1033 4566 ἦν
1056 4492 1269 4574 πονηρότατος.
1293 4493 1395 4581 Lege:
1420 4494 1590 4559 πάντων.

479 4704 585 4790 §195
609 4727 640 4792 p.
666 4704 748 4774 577:
779 4708 817 4772 σὺ
850 4707 938 4785 μόνος
970 4714 1028 4773 τῶν
1058 4706 1148 4773 όντονν
1178 4710 1335 4788 ἀνθρώπων
1367 4710 1416 4773 ee
1448 4712 1505 4786 μὲν
1536 4713 1617 4793 [τοῦ

436 4811 547 4895 βίον]
578 4811 731 4888 τοσαύτης
761 4814 972 4895 ὑπερηφανίας
1002 4816 1188 4899 [πλήρης]
1220 4814 1258 4879 ὢν
1290 4815 1462 4898 [πάντων
1486 4818 1619 4897 οὶνόριί-
