4525 5950
650 691 715 760 372
1168 709 1307 758 vaenue.

648 880 774 943 tanniae
797 878 945 942 civitates
966 874 1004 940 ds
1023 874 1241 940 Romanorum
1260 874 1448 942 crudelitate
1466 878 1672 961 conqueritur
1691 883 1724 941 et
1742 877 1831 942 haec:

696 982 763 1062 ,Eo
795 987 960 1070 provectas
990 981 1208 1047 Romanorum
1238 982 1447 1068 cupiditates,
1478 990 1600 1049 utnon
1624 1003 1772 1068 corpora,
1796 1004 1832 1048 ne

647 1097 808 1156 senectam
832 1087 961 1174 quidem
984 1095 1041 1153 aut
1064 1091 1286 1176 virginitatem
1309 1088 1516 1175 impollutam
1540 1087 1758 1175 relinquant.''

692 1197 839 1262 Facessat
873 1195 947 1260 binc
980 1197 1205 1281 importunum
1238 1195 1326 1260 istud
1362 1218 1420 1260 non
1454 1218 1595 1279 corpora,
1630 1195 1715 1281 quod
1747 1193 1835 1260 nulla

647 1306 770 1368 ratione
793 1301 935 1380 defendi,
961 1300 1059 1366 nullis
1083 1304 1220 1389 argutiis
1243 1305 1387 1367 excusari
1409 1309 1523 1387 potest.

693 1412 731 1475 A.
763 1406 833 1487 XV,
859 1406 889 1474 7.
922 1406 1038 1485 Paeto,
1069 1410 1200 1474 iamiam
1231 1407 1354 1474 bellum
1378 1430 1452 1474 oum
1476 1409 1606 1475 Parthis
1628 1411 1833 1486 inchoaturo,

647 1519 752 1582 tristia
775 1522 807 1581 et
830 1515 891 1580 alia
914 1515 996 1580 fiunt
1019 1517 1126 1581 omina
1149 1520 1182 1580 et
1204 1515 1280 1580 hcc:

695 1622 787 1701 „Pila
816 1621 961 1687 militum
991 1642 1112 1699 arsere,
1144 1625 1250 1709 magis
1280 1624 1400 1710 insigni
1430 1623 1597 1710 prodigio,
1629 1625 1706 1709 quia
1735 1623 1835 1688 hostis

648 1730 826 1796 missilibus
850 1727 923 1794 telis
947 1728 1120 1794 decertat.’'

691 1836 847 1924 Indignus
877 1835 1017 1921 profacto
1040 1837 1096 1921 qui
1119 1834 1269 1901 Tacitum
1291 1836 1379 1923 legat
1402 1838 1430 1901 is
1453 1843 1519 1913 est,
1544 1839 1599 1921 qui
1622 1835 1676 1900 hic
1700 1837 1835 1921 requirit

647 1947 744 2010 etiam
776 1944 848 2030 quis
871 1945 913 2007 sit
936 1943 1036 2007 hostie
1059 1940 1130 2021 ille;
1156 1948 1264 2009 tamen
1286 1947 1320 2007 in
1344 1943 1467 2021 codice,
1492 1963 1566 2008 oum
1589 1945 1693 2028 ipsius
1717 1942 1836 2007 Latini·

646 2052 723 2116 tatis
745 2049 935 2115 detrimento
958 2048 1097 2136 legitur:
1122 2052 1219 2135 „quia
1243 2050 1376 2114 Parthus
1398 2051 1500 2117 hostis
1523 2071 1550 2116 a.
1563 2071 1593 2136 q.
1607 2050 1654 2115 s.”

694 2158 731 2223 A.
744 2154 813 2234 XV,
826 2154 879 2222 23.
899 2155 1077 2234 „Memmio
1090 2155 1217 2242 Regulo
1229 2163 1261 2223 et
1273 2155 1424 2244 Verginio
1437 2157 1520 2222 Rufo
1533 2155 1716 2222 consulibus
1730 2162 1836 2221 natam

647 2264 709 2328 sibi
733 2284 772 2327 ex
796 2261 941 2349 Poppaea
963 2261 1065 2327 filiam
1088 2263 1173 2328 Nero
1195 2261 1282 2328 ultra
1303 2261 1438 2329 mortale
1464 2263 1622 2350 gaudium
1648 2266 1776 2348 accepit
1789 2312 1796 2328 .
1809 2308 1837 2326 ..

647 2370 750 2435 Locus
769 2371 936 2454 puerperio
957 2368 1108 2450 [colonia]
1128 2369 1263 2433 Antium
1282 2368 1360 2446 fuit,
1381 2369 1437 2434 ubi
1456 2371 1524 2455 ipse
1543 2374 1716 2456 generatus
1737 2369 1835 2434 erat.'’

692 2474 792 2541 Suam
823 2475 884 2540 sibi
915 2475 1030 2540 habeat
1061 2474 1239 2541 doctrinam
1269 2474 1489 2562 magistellus,
1514 2497 1588 2541 nam
1610 2496 1707 2541 namo
1732 2475 1836 2563 legen-

647 2585 747 2660 tium,
774 2584 829 2666 qui
852 2582 982 2666 quidem
1007 2602 1071 2646 non
1095 2584 1139 2647 sit
1161 2582 1302 2647 adversis
1322 2582 1426 2647 Musis
1444 2589 1556 2659 natus,
1574 2582 1626 2647 hic
1646 2584 1731 2648 scire
1751 2585 1836 2668 cupit

647 2710 709 2775 quo
732 2691 801 2753 inre
825 2689 921 2753 fimrit
945 2688 1115 2773 oppidum,
1139 2690 1174 2752 iu
1197 2710 1260 2774 quo
1282 2695 1357 2754 nata
1380 2692 1423 2754 sit
1445 2688 1578 2755 Neronis
1601 2687 1683 2767 filia,
1708 2690 1837 2775 propter

648 2817 746 2882 quam
768 2793 825 2860 ills
849 2800 1014 2881 tantopere
1036 2795 1257 2860 exsultaverit.

692 2903 732 2966 A.
762 2899 833 2980 XV,
857 2900 910 2967 25.
947 2900 1035 2967 Bello
1065 2923 1141 2966 cum
1170 2902 1301 2967 Parthis
1331 2902 1470 2990 gerendo
1502 2901 1630 2967 tandem
1664 2899 1836 2989 aliquando

591 3084 595 3092 ‚
647 3009 829 3097 praeficitur
859 3007 1016 3086 Corbulo,
1048 3015 1215 3095 postquam
1249 3010 1367 3075 Paetus
1389 3010 1444 3076 diu
1468 3010 1572 3075 multa
1595 3008 1734 3074 molitus
1759 3008 1838 3075 nihil

527 3123 530 3130 '
647 3118 823 3203 profecerat
853 3115 908 3181 sed
936 3119 968 3180 iu
999 3135 1165 3181 summum
1191 3117 1360 3183 discrimen
1384 3138 1453 3183 rem
1476 3117 1662 3183 adduxerat.
1687 3115 1726 3181 Id
1752 3117 1837 3181 hisce

647 3224 752 3289 verbis
776 3221 906 3288 Tacitus
929 3224 1092 3288 enuntiat:

694 3329 758 3408 „ut
790 3328 926 3397 (lorbulo
957 3328 1102 3395 militum
1134 3335 1229 3415 atque
1260 3329 1404 3394 hostium
1436 3334 1485 3394 tot
1515 3350 1572 3416 per
1594 3350 1693 3395 annos
1717 3349 1836 3416 gnarus

647 3436 802 3523 gerendae
833 3438 879 3500 rei
910 3435 1101 3521 praeficitur,
1132 3456 1172 3501 ns
1201 3438 1292 3501 cuius
1322 3435 1454 3501 alterius
1482 3438 1609 3501 inscitia
1631 3457 1747 3501 rursus
1771 3457 1837 3523 pec

648 3542 804 3608 caretur.”

692 3649 764 3713 Nou
787 3654 912 3734 poterat
936 3654 1064 3712 senatus
1083 3647 1254 3713 consilium
1275 3648 1454 3735 elegantius
1473 3648 1526 3715 val
1545 3651 1651 3735 magis
1670 3654 1836 3736 perspicue

648 3754 831 3842 significari.
866 3756 909 3820 At
942 3758 977 3819 in
1012 3760 1102 3820 textu
1138 3756 1288 3821 adhaeret
1323 3777 1446 3840 pannus
1480 3756 1733 3822 absurdissimus
1767 3758 1835 3843 qvia

649 3862 737 3926 Paeti
765 3862 914 3945 piqccrat,
947 3865 980 3925 in
1012 3863 1127 3947 quibus
1158 3864 1265 3928 verbis
1295 3862 1376 3928 nihil
1407 3867 1507 3941 inest,
1539 3863 1622 3948 quod
1647 3885 1707 3928 non
1734 3863 1836 3930 multo

648 3971 814 4034 venustius
844 3969 949 4033 verbis
979 3991 1017 4033 oc
1047 3968 1130 4031 cuius
1155 3970 1282 4033 alteriue
1312 3969 1436 4033 inscitia
1465 3992 1568 4032 ruram
1586 3977 1768 4051 peccaretur
1790 3970 1837 4035 de·

648 4073 802 4154 claretur;
834 4082 996 4161 praetcrea
1026 4075 1161 4140 sciolum
1192 4078 1254 4141 ista
1285 4075 1444 4153 redolent,
1476 4078 1531 4161 qui
1561 4078 1595 4140 in
1626 4075 1744 4143 Latine
1767 4080 1837 4143 scri·

648 4180 748 4246 bando
772 4202 810 4246 ne
833 4183 1033 4266 ineptissima
1058 4181 1188 4266 quidem
1211 4184 1331 4247 evitare
1354 4185 1495 4267 potuerit
1517 4184 1608 4247 vitia.

693 4287 732 4351 A.
765 4285 833 4364 XV,
858 4286 912 4351 40.
948 4287 1121 4372 Nunquam
1153 4287 1291 4353 adducar
1322 4294 1360 4352 ut
1389 4288 1514 4353 credam
1545 4290 1654 4372 ipsum
1685 4287 1836 4356 Tacitum

649 4396 828 4478 scripsisse:
853 4396 992 4480 „quippe
1015 4397 1048 4457 in
1071 4396 1219 4481 regiones
1241 4395 1497 4481 quattuordecim
1521 4394 1622 4460 Roma
1646 4394 1836 4474 dividitur,”

648 4518 723 4563 nam
747 4502 775 4564 si
798 4502 991 4585 scripsisset,
1012 4520 1105 4565 namo
1124 4522 1187 4565 non
1206 4500 1388 4587 aequalium
1407 4504 1441 4565 in
1460 4504 1545 4566 risus
1564 4503 1734 4588 erupisset,
1757 4503 1836 4591 quod

648 4606 686 4670 de
710 4627 743 4671 re
766 4612 833 4672 tam
856 4613 930 4672 nota
949 4607 1132 4672 edoceretur
1152 4611 1261 4673 etiam.
1285 4607 1328 4672 Et
1348 4613 1396 4673 est
1415 4607 1611 4673 scholiorum
1633 4629 1743 4676 sermo
1764 4616 1836 4676 iste:

647 4714 709 4789 sic,
741 4718 778 4776 ut
809 4734 826 4777 e
857 4712 971 4777 multis
995 4713 1151 4799 exemplis
1175 4736 1275 4780 unum
1299 4714 1443 4792 afferam,
1466 4718 1500 4779 in
1523 4714 1653 4782 Horatii
1676 4718 1838 4784 codicibus

647 4816 686 4881 ad
718 4815 752 4884 Ο.
785 4817 816 4883 S.
849 4839 896 4884 vs.
928 4817 946 4884 7
978 4818 1168 4906 plerumque
1197 4827 1385 4887 annotatum
1416 4823 1616 4888 invenimus:
1650 4822 1778 4899 „Roma
1807 4828 1837 4888 in
