4525 5950
821 723 864 769 su
888 721 1022 769 unacum
1044 721 1241 769 mrouruuu.
1559 701 1622 768 361

429 899 518 966 γεῖον
550 896 582 954 et
607 890 720 953 mirari
743 888 1000 955 emendationem
1024 895 1091 953 tam
1116 886 1244 953 facilem
1266 890 1408 973 itemque
1433 895 1498 954 tam
1522 911 1624 955 neces-

429 999 553 1062 sariam
583 997 668 1061 uiros
692 995 800 1061 doctos
826 994 978 1073 latuisse,
1009 994 1107 1061 donec
1138 1016 1178 1060 ex
1205 994 1344 1060 editione
1368 995 1570 1061 Bchultaiana
1593 995 1625 1061 ll

429 1102 487 1171 uel
522 1124 542 1169 a
576 1102 703 1168 Polacio
735 1101 881 1168 didicerit
916 1122 987 1168 eam
1024 1101 1217 1167 iamdudum
1255 1104 1471 1189 excogitatam
1506 1124 1573 1169 esse
1607 1125 1626 1169 a

431 1210 662 1276 Valckeneerio
684 1209 739 1276 sed
762 1231 780 1275 a
803 1209 924 1277 Stichio
947 1212 1065 1275 iniuria
1089 1209 1279 1296 neglectam.

479 1316 595 1383 Paullo
613 1320 764 1405 graviora
784 1323 877 1394 sunt,
898 1337 977 1402 quae
995 1316 1178 1382 acciderunt
1196 1318 1265 1381 viro
1277 1314 1461 1382 doctissimo
1473 1317 1625 1384 Britanno

432 1423 574 1490 Bendall
603 1424 642 1489 ad
675 1423 696 1491 l.
727 1423 784 1488 XI.
810 1421 862 1500 15,
887 1426 943 1508 qui
967 1423 1057 1488 locus
1079 1426 1125 1488 sic
1148 1422 1233 1507 apud
1256 1421 1416 1488 Stichinm
1439 1424 1625 1490 exhibetur:

434 1533 497 1610 ,ὥς
532 1530 648 1610 σαπρὸς
683 1531 734 1594 καί
770 1528 914 1604 κίβδηλος
951 1529 965 1593 ί
1001 1527 1119 1606 λέγων·
1153 1529 1212 1605 ἐγὼ
1244 1530 1415 1609 τροὴριρροαι
1448 1530 1556 1602 sicarie
1579 1554 1625 1595 σοι

432 1636 672 1719 τροοφίρεοίαι.
705 1636 737 1700 τί
768 1642 875 1713 τοιεῒς,
908 1633 1062 1715 dripere,
1094 1638 1183 1700 τοῦτο
1206 1637 1239 1699 οὐ
1265 1634 1312 1700 δεῖ
1333 1635 1504 1713 προλέγειν.
1529 1639 1625 1703 αὐτοῦ

431 1747 526 1827 (αὐτὸ
559 1741 713 1823 Gataker)
743 1745 939 1822 φοινιίοεται·
972 1741 1021 1805 lert
1054 1747 1107 1807 τοῦ
1132 1740 1275 1816 μετοίτον
1297 1740 1480 1822 γεγράφθαι
1505 1744 1624 1818 ὀφείλει

431 1852 523 1922 εὐθὺς
548 1852 565 1925 ἦ
589 1849 686 1930 φωνιί.
711 1852 841 1913 τοιοῦτον
867 1845 934 1928 ἔχει
958 1847 1024 1928 (καί
1048 1847 1119 1914 add.
1146 1847 1209 1928 St.)
1234 1847 1321 1920 ειίίὺς
1346 1849 1376 1912 ἐν
1400 1856 1464 1922 τοῖς
1487 1849 1626 1927 ὄμμασιν

433 1956 556 2037 ἒξίχει,
588 1959 628 2028 ὥς
659 1961 717 2019 τῶν
740 1956 872 2035 ἐραστῶν
897 1956 927 2018 ἓν
950 1956 991 2035 τῷ
1015 1955 1184 2033 βλέμματι
1209 1954 1315 2019 τοίντοι
1340 1957 1427 2029 εὐθὺς
1450 1957 1586 2038 γνωρίζει
1611 1959 1625 2023 ί

431 2062 617 2144 ε’ριίροενος,”
653 2064 708 2127 nbi
743 2062 916 2128 Britannus
952 2061 1192 2149 elegantissime
1227 2062 1427 2129 emendarit:
1465 2065 1536 2142 ,ἐπὶ
1572 2071 1625 2129 τοῦ

431 2172 578 2248 μετώπου
600 2169 782 2251 γεγράφθαι
803 2170 938 2249 ὀφείλει·
960 2170 1048 2240 εὐθὺς
1071 2170 1088 2242 ti
1108 2173 1194 2247 φοινίρ
1219 2173 1350 2233 τοιοῦτον
1373 2173 1463 2250 ἠχεῖ·
1488 2171 1574 2243 εὐθὺς
1595 2172 1625 2234 ἕν

433 2286 499 2350 τοῖς
525 2276 663 2356 ὄμμασιν
687 2274 810 2355 ἕξίχει”
836 2276 899 2341 ατί.
933 2279 1039 2341 Ater
1065 2275 1206 2341 editione
1231 2274 1434 2342 Schultaiana
1457 2275 1473 2340 1
1496 2285 1626 2365 apparet

432 2389 500 2451 iam
519 2382 689 2449 Reislrinm
709 2383 845 2447 verbum
865 2383 953 2463 ἠχεῖν
973 2382 1197 2448 substituendo
1216 2381 1380 2447 meliorem
1396 2384 1627 2449 emendationis

432 2497 559 2577 partem
596 2509 782 2574 occupasse,
816 2491 863 2553 ita
892 2494 930 2553 ut
960 2490 1024 2554 viri
1056 2490 1254 2554 acentissimi
1283 2490 1388 2554 vicem
1412 2490 1476 2555 fere
1500 2489 1625 2568 doleas,

434 2595 520 2682 quod
558 2595 700 2661 Stichius
738 2596 908 2659 inventum
947 2594 1070 2660 Reislrii
1109 2616 1148 2659 ne
1188 2596 1284 2661 verbo
1321 2595 1452 2680 quidem
1491 2617 1627 2663 comme

436 2704 589 2768 muravit.

483 2809 606 2875 Eodem
630 2806 786 2872 modoad
809 2805 831 2872 l.
855 2805 886 2871 ll
911 2805 948 2871 6:
977 2803 1119 2886 ,,ὕβριζε,
1145 2804 1248 2887 ὕβριζε
1274 2808 1379 2886 αὑτιίν,
1404 2805 1550 2889 detexi·
1572 2814 1625 2874 τοῦ

437 2917 470 2982 δὲ
492 2923 624 2992 τιμῆτοοι
645 2915 776 2988 σεαυτὴν
797 2911 895 2980 οὖιιίτι
917 2915 1017 2993 ιιαιρίν
1037 2907 1131 2991 ἕξεις·
1153 2912 1280 2993 βραχὺς
1299 2913 1362 2991 γίιρ
1382 2914 1395 2977 ί
1414 2915 1481 2992 βίος
1495 2914 1625 2996 ἑαοίοτιρ.

433 3021 522 3096 οὗτος
548 3024 578 3087 δέ
602 3046 646 3086 οοι
671 3021 782 3102 σχεδὸν
806 3020 985 3093 διιίννοτοιι”
1010 3020 1085 3097 xri„
1110 3020 1166 3085 ubi
1188 3022 1222 3084 in
1245 3020 1335 3086 codd.
1360 3016 1393 3085 εὖ
1417 3022 1496 3102 γίιρ,
1520 3021 1626 3087 velot
1712 3086 1716 3092 .

433 3131 518 3207 γὰρ,
552 3127 605 3194 vel
635 3128 761 3209 βραχὺς
793 3128 857 3207 γὰρ
889 3129 1064 3204 invenitur,
1096 3126 1270 3192 Britannus
1302 3122 1343 3198 είς
1376 3129 1438 3208 γὰρ
1471 3131 1625 3207 correxit,

433 3237 521 3325 qnod
542 3240 633 3301 unice
651 3256 766 3301 verum
785 3234 923 3312 uidetur,
944 3233 1066 3299 dudum
1087 3240 1197 3299 antem
1217 3235 1401 3300 emendavit
1420 3235 1514 3313 Boot,
1534 3238 1626 3301 cuius

433 3347 653 3411 coniecturam
677 3343 942 3407 commemoravit
965 3339 1150 3406 Schultzius
1173 3341 1198 3406 Ι.
1712 3428 1714 3431 ¹

480 3450 633 3536 Reliqua,
658 3468 739 3533 qnae
761 3455 872 3534 utpote
895 3450 1058 3514 immerito
1081 3468 1100 3513 a
1124 3447 1248 3513 Stichio
1267 3450 1383 3514 omissa
1401 3452 1527 3526 notavi,
1550 3450 1626 3515 haec

432 3558 501 3623 fere
527 3562 613 3621 sunt.

481 3663 506 3729 I.
534 3661 575 3727 16
600 3664 682 3726 circa
707 3660 818 3725 finem:
851 3660 903 3726 καί
936 3666 998 3729 τοῖς
1030 3658 1176 3731 τοιούτοις
1206 3660 1368 3736 οίνίροίτοιρ
1392 3662 1465 3738 τρίς
1490 3662 1565 3727 αὐτὸ
1590 3662 1625 3725 τί

432 3771 500 3837 δέον
524 3771 701 3851 πραχθῆναι
726 3766 910 3848 δεδοραίτος,
935 3767 991 3831 ubi
1015 3764 1128 3830 Morus
1153 3767 1303 3844 οίνίροίτον
1328 3765 1441 3831 voluit.

480 3876 506 3941 l.
533 3875 591 3942 17:
625 3874 849 3939 οίτολείτιοίαι
882 3872 914 3937 dl
948 3898 976 3935 τι
1002 3873 1064 3936 eisd
1089 3872 1197 3937 τούτου
1223 3873 1308 3951 ταρίι
1334 3873 1387 3945 riv
1412 3874 1486 3949 ίμίρν
1509 3874 1624 3953 αἰτίαν,

432 3984 491 4049 nbi
524 3981 608 4067 apud
632 3979 836 4046 Schultzium
860 3980 889 4043 ti
915 3976 959 4043 ἔτι
984 3976 1117 4065 legitur,
1144 3978 1226 4065 quod
1251 3984 1402 4065 praestat,
1427 4000 1500 4044 cum
1522 3979 1626 4047 multo

431 4088 611 4154 modestius
635 4085 719 4151 illud
741 4110 771 4151 τι
796 4089 925 4151 omnino
949 4085 1042 4151 absit.

480 4193 521 4260 Il.
548 4191 607 4259 17:
640 4192 723 4258 οὐδὲν
754 4193 785 4256 δὲ
816 4194 910 4257 ιιαιιίν
933 4193 1018 4257 κατίι
1042 4191 1146 4271 φιίοιν,
1171 4191 1228 4256 ubi
1253 4190 1370 4257 Raiske
1394 4191 1485 4256 ιιαιιίν
1509 4190 1539 4256 ίν
1562 4214 1627 4258 cor·

432 4305 520 4368 rexit
543 4301 596 4381 (cf.
622 4299 679 4365 IX.
706 4297 773 4380 31).

481 4407 551 4473 Vll.
577 4407 615 4473 3:
653 4414 779 4482 τοριτιῐς
813 4405 1028 4492 κενοσπουδία,
1061 4404 1110 4468 eet
1144 4412 1255 4478 οιιιρνῆς
1287 4401 1453 4483 δροίαατα,
1478 4406 1625 4483 τοίμνια,

430 4515 573 4594 οέγίλοιι,
606 4512 851 4591 διαδορατιοριοί,
884 4511 941 4576 ubi
968 4511 1212 4577 memorandum
1236 4508 1350 4575 saltem
1374 4515 1442 4575 erat
1464 4510 1515 4588 id,
1541 4510 1626 4595 quod

430 4620 540 4687 Reche
563 4621 715 4685 coniecit:
740 4617 879 4682 τοιαιλαί
906 4618 1053 4695 οίγλαίαι.

478 4725 563 4790 Vlll.
589 4724 649 4790 31:
681 4721 753 4790 είτα
785 4722 863 4789 ἓτιίι
888 4727 946 4796 τὰς
972 4722 1087 4801 ἄλλας,
1112 4724 1167 4788 ubi
1192 4723 1307 4788 Reiske
1330 4720 1495 4809 supplevit
1518 4720 1624 4798 πίλοις

427 4832 488 4901 vel
511 4832 622 4909 γενὲαρ
647 4829 699 4896 vel
722 4830 845 4910 ταφοίς.
