<?xml version="1.0" encoding="UTF-8"?>
<!DOCTYPE html PUBLIC "-//W3C//DTD XHTML 1.0 Transitional//EN"
    "http://www.w3.org/TR/xhtml1/DTD/xhtml1-transitional.dtd">
<html xmlns="http://www.w3.org/1999/xhtml" xml:lang="en" lang="en">
 <head>
  <title>
</title>
<meta http-equiv="Content-Type" content="text/html;charset=utf-8" />
  <meta name='ocr-system' content='tesseract 3.04.00' />
  <meta name='ocr-capabilities' content='ocr_page ocr_carea ocr_par ocr_line ocrx_word'/>
</head>
<body>
  <div class='ocr_page' id='page_1' title='image "./mnemosyne07verdgoog_0371.png"; bbox 0 0 4525 5950; ppageno 0'>
   <div class='ocr_carea' id='block_1_1' title="bbox 922 684 1727 754">
    <p class='ocr_par' dir='ltr' id='par_1_1' title="bbox 922 684 1727 754">
     <span class='ocr_line' id='line_1_1' title="bbox 922 684 1727 754; baseline -0.002 -2"><span class='ocrx_word' id='word_1_1' title='bbox 922 703 965 752; x_wconf 78' lang='lat' dir='ltr'>an</span> <span class='ocrx_word' id='word_1_2' title='bbox 987 701 1122 752; x_wconf 73' lang='lat' dir='ltr'>uaaouu</span> <span class='ocrx_word' id='word_1_3' title='bbox 1145 704 1343 754; x_wconf 77' lang='lat' dir='ltr'>muoumuu.</span> <span class='ocrx_word' id='word_1_4' title='bbox 1662 684 1727 752; x_wconf 80' lang='lat'>349</span> 
     </span>
    </p>
   </div>
   <div class='ocr_carea' id='block_1_2' title="bbox 488 868 1732 4895">
    <p class='ocr_par' dir='ltr' id='par_1_2' title="bbox 533 868 1730 1382">
     <span class='ocr_line' id='line_1_2' title="bbox 533 868 1729 955; baseline 0 -21"><span class='ocrx_word' id='word_1_5' title='bbox 533 871 674 934; x_wconf 89' lang='lat' dir='ltr'>tentiam</span> <span class='ocrx_word' id='word_1_6' title='bbox 693 870 797 954; x_wconf 90' lang='lat' dir='ltr'>ipsam</span> <span class='ocrx_word' id='word_1_7' title='bbox 818 870 951 945; x_wconf 85' lang='lat' dir='ltr'>attinet,</span> <span class='ocrx_word' id='word_1_8' title='bbox 971 868 1109 933; x_wconf 86' lang='lat' dir='ltr'>conferri</span> <span class='ocrx_word' id='word_1_9' title='bbox 1128 875 1263 953; x_wconf 82' lang='lat' dir='ltr'>possunt</span> <span class='ocrx_word' id='word_1_10' title='bbox 1281 890 1313 934; x_wconf 84' lang='lat' dir='ltr'>v.</span> <span class='ocrx_word' id='word_1_11' title='bbox 1333 891 1359 934; x_wconf 90' lang='lat' dir='ltr'>c.</span> <span class='ocrx_word' id='word_1_12' title='bbox 1380 868 1444 934; x_wconf 90' lang='lat' dir='ltr'>loci</span> <span class='ocrx_word' id='word_1_13' title='bbox 1463 868 1513 934; x_wconf 93' lang='lat' dir='ltr'>illi</span> <span class='ocrx_word' id='word_1_14' title='bbox 1533 868 1729 955; x_wconf 79' lang='lat' dir='ltr'><strong>complures,</strong></span> 
     </span>
     <span class='ocr_line' id='line_1_3' title="bbox 534 972 1730 1062; baseline 0.001 -22"><span class='ocrx_word' id='word_1_15' title='bbox 534 996 620 1062; x_wconf 91' lang='lat' dir='ltr'>quos</span> <span class='ocrx_word' id='word_1_16' title='bbox 654 973 833 1041; x_wconf 78' lang='lat' dir='ltr'>Cetalrerus</span> <span class='ocrx_word' id='word_1_17' title='bbox 869 972 1020 1062; x_wconf 75' lang='lat' dir='ltr'>collegit,</span> <span class='ocrx_word' id='word_1_18' title='bbox 1057 974 1142 1040; x_wconf 88' lang='lat' dir='ltr'>unde</span> <span class='ocrx_word' id='word_1_19' title='bbox 1177 981 1309 1061; x_wconf 84' lang='lat' dir='ltr'>apparet</span> <span class='ocrx_word' id='word_1_20' title='bbox 1343 976 1442 1041; x_wconf 80' lang='lat' dir='ltr'>verba</span> <span class='ocrx_word' id='word_1_21' title='bbox 1475 978 1582 1061; x_wconf 87' lang='lat' dir='ltr'>priora</span> <span class='ocrx_word' id='word_1_22' title='bbox 1615 982 1730 1041; x_wconf 89' lang='lat' dir='ltr'>notum</span> 
     </span>
     <span class='ocr_line' id='line_1_4' title="bbox 536 1080 1729 1167; baseline -0.002 -19"><span class='ocrx_word' id='word_1_23' title='bbox 536 1082 721 1148; x_wconf 82' lang='lat' dir='ltr'>Stoicorum</span> <span class='ocrx_word' id='word_1_24' title='bbox 744 1088 949 1167; x_wconf 89' lang='lat' dir='ltr'>praeceptum</span> <span class='ocrx_word' id='word_1_25' title='bbox 973 1081 1104 1147; x_wconf 89' lang='lat' dir='ltr'>efficere.</span> <span class='ocrx_word' id='word_1_26' title='bbox 1124 1081 1236 1167; x_wconf 90' lang='lat' dir='ltr'>Itaque</span> <span class='ocrx_word' id='word_1_27' title='bbox 1257 1081 1387 1147; x_wconf 90' lang='lat' dir='ltr'>Marcus</span> <span class='ocrx_word' id='word_1_28' title='bbox 1404 1081 1528 1147; x_wconf 87' lang='lat' dir='ltr'>dictum</span> <span class='ocrx_word' id='word_1_29' title='bbox 1546 1081 1629 1147; x_wconf 91' lang='lat' dir='ltr'>illud</span> <span class='ocrx_word' id='word_1_30' title='bbox 1647 1080 1729 1148; x_wconf 80' lang='lat' dir='ltr'>Stoi-</span> 
     </span>
     <span class='ocr_line' id='line_1_5' title="bbox 535 1188 1727 1274; baseline -0.001 -19"><span class='ocrx_word' id='word_1_31' title='bbox 535 1210 614 1255; x_wconf 87' lang='lat' dir='ltr'>oum</span> <span class='ocrx_word' id='word_1_32' title='bbox 638 1191 855 1274; x_wconf 76' lang='lat' dir='ltr'>praemisisse,</span> <span class='ocrx_word' id='word_1_33' title='bbox 880 1195 952 1253; x_wconf 90' lang='lat' dir='ltr'>tum</span> <span class='ocrx_word' id='word_1_34' title='bbox 975 1191 1156 1273; x_wconf 77' lang='lat' dir='ltr'>opinionem</span> <span class='ocrx_word' id='word_1_35' title='bbox 1181 1209 1273 1254; x_wconf 92' lang='lat' dir='ltr'>suam</span> <span class='ocrx_word' id='word_1_36' title='bbox 1298 1189 1498 1253; x_wconf 85' lang='lat' dir='ltr'>subiunxisse</span> <span class='ocrx_word' id='word_1_37' title='bbox 1523 1194 1618 1274; x_wconf 91' lang='lat' dir='ltr'>atque</span> <span class='ocrx_word' id='word_1_38' title='bbox 1637 1188 1727 1267; x_wconf 90' lang='lat' dir='ltr'>hinc,</span> 
     </span>
     <span class='ocr_line' id='line_1_6' title="bbox 534 1293 1695 1382; baseline -0.003 -20"><span class='ocrx_word' id='word_1_39' title='bbox 534 1318 581 1362; x_wconf 87' lang='lat' dir='ltr'>ec.</span> <span class='ocrx_word' id='word_1_40' title='bbox 607 1316 626 1361; x_wconf 91' lang='lat' dir='ltr'>a</span> <span class='ocrx_word' id='word_1_41' title='bbox 649 1298 752 1382; x_wconf 87' lang='lat' dir='ltr'>capite</span> <span class='ocrx_word' id='word_1_42' title='bbox 775 1294 829 1372; x_wconf 83' lang='lat'>21,</span> <span class='ocrx_word' id='word_1_43' title='bbox 855 1298 969 1360; x_wconf 89' lang='lat' dir='ltr'>seriem</span> <span class='ocrx_word' id='word_1_44' title='bbox 993 1293 1137 1360; x_wconf 88' lang='lat' dir='ltr'>locorum</span> <span class='ocrx_word' id='word_1_45' title='bbox 1160 1297 1332 1361; x_wconf 87' lang='lat' dir='ltr'>citatorum</span> <span class='ocrx_word' id='word_1_46' title='bbox 1355 1298 1534 1361; x_wconf 88' lang='lat' dir='ltr'>instituisse</span> <span class='ocrx_word' id='word_1_47' title='bbox 1558 1295 1695 1361; x_wconf 81' lang='lat' dir='ltr'>videtur.</span> 
     </span>
    </p>

    <p class='ocr_par' dir='ltr' id='par_1_3' title="bbox 488 1400 1732 2551">
     <span class='ocr_line' id='line_1_7' title="bbox 488 1400 1727 1487; baseline -0.002 -17"><span class='ocrx_word' id='word_1_48' title='bbox 488 1478 493 1485; x_wconf 51' lang='grc'><strong><em>,</em></strong></span> <span class='ocrx_word' id='word_1_49' title='bbox 585 1401 702 1470; x_wconf 78' lang='lat' dir='ltr'>Contra</span> <span class='ocrx_word' id='word_1_50' title='bbox 731 1403 828 1469; x_wconf 88' lang='lat' dir='ltr'>verba</span> <span class='ocrx_word' id='word_1_51' title='bbox 858 1404 959 1487; x_wconf 90' lang='lat' dir='ltr'>ipsius</span> <span class='ocrx_word' id='word_1_52' title='bbox 990 1406 1129 1467; x_wconf 85' lang='lat' dir='ltr'>auctoris</span> <span class='ocrx_word' id='word_1_53' title='bbox 1153 1405 1183 1467; x_wconf 93' lang='lat' dir='ltr'>ei</span> <span class='ocrx_word' id='word_1_54' title='bbox 1206 1401 1362 1467; x_wconf 89' lang='lat' dir='ltr'>reddenda</span> <span class='ocrx_word' id='word_1_55' title='bbox 1387 1402 1535 1467; x_wconf 83' lang='lat' dir='ltr'>videntur</span> <span class='ocrx_word' id='word_1_56' title='bbox 1556 1400 1578 1467; x_wconf 90' lang='lat' dir='ltr'>l.</span> <span class='ocrx_word' id='word_1_57' title='bbox 1603 1401 1660 1468; x_wconf 87' lang='lat' dir='ltr'>IX.</span> <span class='ocrx_word' id='word_1_58' title='bbox 1686 1401 1727 1467; x_wconf 79' lang='lat'>41</span> 
     </span>
     <span class='ocr_line' id='line_1_8' title="bbox 535 1504 1730 1589; baseline -0.003 -15"><span class='ocrx_word' id='word_1_59' title='bbox 535 1513 571 1575; x_wconf 90' lang='lat' dir='ltr'>in</span> <span class='ocrx_word' id='word_1_60' title='bbox 604 1509 683 1574; x_wconf 89' lang='lat' dir='ltr'>fine:</span> <span class='ocrx_word' id='word_1_61' title='bbox 724 1507 850 1589; x_wconf 76' lang='grc' dir='ltr'><strong><em>,ταύτόν</em></strong></span> <span class='ocrx_word' id='word_1_62' title='bbox 883 1504 931 1573; x_wconf 83' lang='grc' dir='ltr'>οὖν</span> <span class='ocrx_word' id='word_1_63' title='bbox 962 1509 1062 1586; x_wconf 83' lang='grc' dir='ltr'><strong><em>ἕνεόνῳ</em></strong></span> <span class='ocrx_word' id='word_1_64' title='bbox 1093 1516 1150 1588; x_wconf 90' lang='lat' dir='ltr'>(sc.</span> <span class='ocrx_word' id='word_1_65' title='bbox 1183 1508 1364 1589; x_wconf 77' lang='grc' dir='ltr'>Ἐπικούρῳ)</span> <span class='ocrx_word' id='word_1_66' title='bbox 1395 1509 1448 1573; x_wconf 73' lang='grc' dir='ltr'>ἐὰν</span> <span class='ocrx_word' id='word_1_67' title='bbox 1480 1516 1583 1589; x_wconf 63' lang='lat' dir='ltr'>noris,</span> <span class='ocrx_word' id='word_1_68' title='bbox 1617 1508 1668 1572; x_wconf 73' lang='lat' dir='ltr'>aa}</span> <span class='ocrx_word' id='word_1_69' title='bbox 1701 1513 1730 1571; x_wconf 74' lang='lat' dir='ltr'>lv</span> 
     </span>
     <span class='ocr_line' id='line_1_9' title="bbox 535 1608 1730 1696; baseline -0.002 -17"><span class='ocrx_word' id='word_1_70' title='bbox 535 1613 622 1696; x_wconf 69' lang='grc' dir='ltr'><strong><em>σὀλλρ</em></strong></span> <span class='ocrx_word' id='word_1_71' title='bbox 652 1616 708 1680; x_wconf 78' lang='grc' dir='ltr'><strong><em>τινὶ</em></strong></span> <span class='ocrx_word' id='word_1_72' title='bbox 742 1614 937 1693; x_wconf 74' lang='grc' dir='ltr'>περιστάσει·</span> <span class='ocrx_word' id='word_1_73' title='bbox 972 1613 1006 1677; x_wconf 84' lang='grc' dir='ltr'><strong><em>τὸ</em></strong></span> <span class='ocrx_word' id='word_1_74' title='bbox 1038 1613 1101 1693; x_wconf 65' lang='lat' dir='ltr'>yolo</span> <span class='ocrx_word' id='word_1_75' title='bbox 1126 1616 1170 1690; x_wconf 73' lang='lat' dir='ltr'>ai</span> <span class='ocrx_word' id='word_1_76' title='bbox 1195 1615 1392 1692; x_wconf 79' lang='grc' dir='ltr'><strong><em>οὶΦόστοισόοιι</em></strong></span> <span class='ocrx_word' id='word_1_77' title='bbox 1419 1616 1607 1693; x_wconf 71' lang='grc' dir='ltr'><strong><em>Φιλοσοφίας</em></strong></span> <span class='ocrx_word' id='word_1_78' title='bbox 1633 1616 1663 1678; x_wconf 73' lang='grc' dir='ltr'>ἐν</span> <span class='ocrx_word' id='word_1_79' title='bbox 1686 1608 1730 1687; x_wconf 77' lang='grc' dir='ltr'>οἷς</span> 
     </span>
     <span class='ocr_line' id='line_1_10' title="bbox 536 1719 1732 1801; baseline -0.002 -15"><span class='ocrx_word' id='word_1_80' title='bbox 536 1721 650 1797; x_wconf 73' lang='grc' dir='ltr'><strong><em>δήποτε</em></strong></span> <span class='ocrx_word' id='word_1_81' title='bbox 683 1729 745 1792; x_wconf 72' lang='grc' dir='ltr'><strong><em>τοῖς</em></strong></span> <span class='ocrx_word' id='word_1_82' title='bbox 770 1723 1013 1799; x_wconf 69' lang='grc' dir='ltr'><strong><em>προσπίπτουσι,</em></strong></span> <span class='ocrx_word' id='word_1_83' title='bbox 1037 1719 1115 1794; x_wconf 66' lang='grc' dir='ltr'>μηδὲ</span> <span class='ocrx_word' id='word_1_84' title='bbox 1139 1722 1240 1801; x_wconf 61' lang='grc' dir='ltr'><strong><em>ἰδιώτῃ</em></strong></span> <span class='ocrx_word' id='word_1_85' title='bbox 1263 1721 1315 1785; x_wconf 74' lang='lat' dir='ltr'>nal</span> <span class='ocrx_word' id='word_1_86' title='bbox 1341 1720 1540 1800; x_wconf 78' lang='grc' dir='ltr'><strong><em>οξΦυσιολόγῳ</em></strong></span> <span class='ocrx_word' id='word_1_87' title='bbox 1564 1730 1732 1798; x_wconf 81' lang='grc' dir='ltr'><strong><em>συμφλυοι-</em></strong></span> 
     </span>
     <span class='ocr_line' id='line_1_11' title="bbox 537 1823 1730 1908; baseline 0 -16"><span class='ocrx_word' id='word_1_88' title='bbox 537 1836 609 1907; x_wconf 80' lang='grc' dir='ltr'><strong><em>ρεῖν,</em></strong></span> <span class='ocrx_word' id='word_1_89' title='bbox 641 1826 744 1901; x_wconf 72' lang='grc' dir='ltr'><strong><em>πόσης</em></strong></span> <span class='ocrx_word' id='word_1_90' title='bbox 776 1827 917 1904; x_wconf 69' lang='lat' dir='ltr'>alatores</span> <span class='ocrx_word' id='word_1_91' title='bbox 950 1829 1053 1904; x_wconf 85' lang='grc' dir='ltr'><strong><em>κοινόν,</em></strong></span> <span class='ocrx_word' id='word_1_92' title='bbox 1086 1827 1156 1907; x_wconf 79' lang='grc' dir='ltr'><strong><em>πρὸς</em></strong></span> <span class='ocrx_word' id='word_1_93' title='bbox 1187 1827 1267 1904; x_wconf 79' lang='grc' dir='ltr'><strong><em>μόνῳ</em></strong></span> <span class='ocrx_word' id='word_1_94' title='bbox 1291 1828 1332 1908; x_wconf 76' lang='grc' dir='ltr'><strong><em>τῷ</em></strong></span> <span class='ocrx_word' id='word_1_95' title='bbox 1357 1831 1406 1891; x_wconf 84' lang='grc' dir='ltr'>νῦν</span> <span class='ocrx_word' id='word_1_96' title='bbox 1430 1827 1628 1908; x_wconf 68' lang='grc' dir='ltr'><strong><em>πραττομένῳ</em></strong></span> <span class='ocrx_word' id='word_1_97' title='bbox 1652 1823 1730 1892; x_wconf 78' lang='grc' dir='ltr'><strong><em>εόνονι</em></strong></span> 
     </span>
     <span class='ocr_line' id='line_1_12' title="bbox 537 1929 1728 2019; baseline -0.001 -20"><span class='ocrx_word' id='word_1_98' title='bbox 537 1937 592 1999; x_wconf 72' lang='lat' dir='ltr'>nal</span> <span class='ocrx_word' id='word_1_99' title='bbox 624 1936 665 2012; x_wconf 80' lang='grc' dir='ltr'><strong><em>τῷ</em></strong></span> <span class='ocrx_word' id='word_1_100' title='bbox 690 1932 823 2013; x_wconf 76' lang='grc' dir='ltr'><strong><em>όργσόνορ,</em></strong></span> <span class='ocrx_word' id='word_1_101' title='bbox 848 1934 885 1997; x_wconf 72' lang='grc' dir='ltr'>δι’</span> <span class='ocrx_word' id='word_1_102' title='bbox 910 1929 943 1997; x_wconf 82' lang='grc' dir='ltr'>οὗ</span> <span class='ocrx_word' id='word_1_103' title='bbox 967 1932 1131 2009; x_wconf 50' lang='lat' dir='ltr'>reterre?</span> <span class='ocrx_word' id='word_1_104' title='bbox 1155 1931 1259 1999; x_wconf 90' lang='lat' dir='ltr'>Immo</span> <span class='ocrx_word' id='word_1_105' title='bbox 1283 1939 1355 2019; x_wconf 83' lang='lat' dir='ltr'>post</span> <span class='ocrx_word' id='word_1_106' title='bbox 1378 1933 1471 1998; x_wconf 83' lang='grc' dir='ltr'><strong><em>κοινόν</em></strong></span> <span class='ocrx_word' id='word_1_107' title='bbox 1491 1955 1548 2019; x_wconf 85' lang='lat' dir='ltr'>per</span> <span class='ocrx_word' id='word_1_108' title='bbox 1570 1939 1728 2017; x_wconf 87' lang='lat' dir='ltr'>punctum</span> 
     </span>
     <span class='ocr_line' id='line_1_13' title="bbox 535 2038 1728 2127; baseline 0 -22"><span class='ocrx_word' id='word_1_109' title='bbox 535 2039 832 2127; x_wconf 83' lang='lat' dir='ltr'>interpungendum</span> <span class='ocrx_word' id='word_1_110' title='bbox 863 2060 930 2105; x_wconf 89' lang='lat' dir='ltr'>esse</span> <span class='ocrx_word' id='word_1_111' title='bbox 961 2038 1091 2105; x_wconf 83' lang='lat' dir='ltr'>ridetur</span> <span class='ocrx_word' id='word_1_112' title='bbox 1121 2045 1216 2125; x_wconf 87' lang='lat' dir='ltr'>atque</span> <span class='ocrx_word' id='word_1_113' title='bbox 1247 2060 1266 2104; x_wconf 86' lang='lat' dir='ltr'>e</span> <span class='ocrx_word' id='word_1_114' title='bbox 1288 2040 1419 2105; x_wconf 86' lang='lat' dir='ltr'>vocibus</span> <span class='ocrx_word' id='word_1_115' title='bbox 1444 2041 1515 2118; x_wconf 79' lang='grc' dir='ltr'><strong><em>πρὸς</em></strong></span> <span class='ocrx_word' id='word_1_116' title='bbox 1541 2041 1620 2119; x_wconf 82' lang='grc' dir='ltr'><strong><em>μόνῳ</em></strong></span> <span class='ocrx_word' id='word_1_117' title='bbox 1643 2060 1728 2105; x_wconf 86' lang='lat' dir='ltr'>nova</span> 
     </span>
     <span class='ocr_line' id='line_1_14' title="bbox 536 2145 1728 2232; baseline -0.001 -20"><span class='ocrx_word' id='word_1_118' title='bbox 536 2148 696 2213; x_wconf 85' lang='lat' dir='ltr'>sententia</span> <span class='ocrx_word' id='word_1_119' title='bbox 726 2146 938 2224; x_wconf 87' lang='lat' dir='ltr'>instituenda,</span> <span class='ocrx_word' id='word_1_120' title='bbox 969 2149 1003 2211; x_wconf 89' lang='lat' dir='ltr'>in</span> <span class='ocrx_word' id='word_1_121' title='bbox 1027 2167 1089 2230; x_wconf 86' lang='lat' dir='ltr'>que</span> <span class='ocrx_word' id='word_1_122' title='bbox 1112 2146 1151 2210; x_wconf 91' lang='lat' dir='ltr'>ad</span> <span class='ocrx_word' id='word_1_123' title='bbox 1175 2167 1228 2221; x_wconf 91' lang='lat' dir='ltr'>ea,</span> <span class='ocrx_word' id='word_1_124' title='bbox 1253 2165 1333 2231; x_wconf 89' lang='lat' dir='ltr'>quae</span> <span class='ocrx_word' id='word_1_125' title='bbox 1355 2147 1503 2212; x_wconf 88' lang='lat' dir='ltr'>omnibus</span> <span class='ocrx_word' id='word_1_126' title='bbox 1525 2145 1728 2232; x_wconf 91' lang='lat' dir='ltr'>philosopho·</span> 
     </span>
     <span class='ocr_line' id='line_1_15' title="bbox 535 2251 1728 2339; baseline 0 -21"><span class='ocrx_word' id='word_1_127' title='bbox 535 2275 612 2318; x_wconf 87' lang='lat' dir='ltr'>rum</span> <span class='ocrx_word' id='word_1_128' title='bbox 645 2254 740 2318; x_wconf 91' lang='lat' dir='ltr'>sectis</span> <span class='ocrx_word' id='word_1_129' title='bbox 770 2255 952 2317; x_wconf 87' lang='lat' dir='ltr'>communia</span> <span class='ocrx_word' id='word_1_130' title='bbox 982 2260 1075 2328; x_wconf 88' lang='lat' dir='ltr'>sunt,</span> <span class='ocrx_word' id='word_1_131' title='bbox 1106 2252 1144 2316; x_wconf 91' lang='lat' dir='ltr'>de</span> <span class='ocrx_word' id='word_1_132' title='bbox 1172 2273 1229 2317; x_wconf 93' lang='lat' dir='ltr'>suo</span> <span class='ocrx_word' id='word_1_133' title='bbox 1261 2251 1349 2317; x_wconf 88' lang='lat' dir='ltr'>addit</span> <span class='ocrx_word' id='word_1_134' title='bbox 1380 2252 1508 2318; x_wconf 89' lang='lat' dir='ltr'>Marcus</span> <span class='ocrx_word' id='word_1_135' title='bbox 1539 2252 1647 2338; x_wconf 85' lang='lat' dir='ltr'>(idque</span> <span class='ocrx_word' id='word_1_136' title='bbox 1672 2273 1728 2339; x_wconf 90' lang='lat' dir='ltr'>per</span> 
     </span>
     <span class='ocr_line' id='line_1_16' title="bbox 535 2357 1728 2446; baseline 0 -22"><span class='ocrx_word' id='word_1_137' title='bbox 535 2359 713 2446; x_wconf 88' lang='lat' dir='ltr'>asyndeton</span> <span class='ocrx_word' id='word_1_138' title='bbox 724 2357 745 2436; x_wconf 82' lang='lat'>1)</span> <span class='ocrx_word' id='word_1_139' title='bbox 764 2358 920 2443; x_wconf 91' lang='lat' dir='ltr'>placitum</span> <span class='ocrx_word' id='word_1_140' title='bbox 939 2357 1038 2436; x_wconf 87' lang='lat' dir='ltr'>illud,</span> <span class='ocrx_word' id='word_1_141' title='bbox 1060 2358 1144 2444; x_wconf 90' lang='lat' dir='ltr'>quod</span> <span class='ocrx_word' id='word_1_142' title='bbox 1164 2362 1197 2423; x_wconf 89' lang='lat' dir='ltr'>in</span> <span class='ocrx_word' id='word_1_143' title='bbox 1218 2357 1342 2424; x_wconf 88' lang='lat' dir='ltr'>deliciis</span> <span class='ocrx_word' id='word_1_144' title='bbox 1362 2359 1474 2424; x_wconf 90' lang='lat' dir='ltr'>habuit</span> <span class='ocrx_word' id='word_1_145' title='bbox 1494 2361 1546 2424; x_wconf 81' lang='lat' dir='ltr'>vir</span> <span class='ocrx_word' id='word_1_146' title='bbox 1561 2360 1728 2438; x_wconf 73' lang='grc' dir='ltr'><strong><em>πρακτικός</em></strong></span> 
     </span>
     <span class='ocr_line' id='line_1_17' title="bbox 536 2462 1615 2551; baseline -0.002 -20"><span class='ocrx_word' id='word_1_147' title='bbox 536 2472 570 2532; x_wconf 90' lang='lat' dir='ltr'>et</span> <span class='ocrx_word' id='word_1_148' title='bbox 594 2486 658 2551; x_wconf 91' lang='lat' dir='ltr'>quo</span> <span class='ocrx_word' id='word_1_149' title='bbox 682 2466 747 2530; x_wconf 90' lang='lat' dir='ltr'>fere</span> <span class='ocrx_word' id='word_1_150' title='bbox 769 2462 897 2529; x_wconf 90' lang='lat' dir='ltr'>nullum</span> <span class='ocrx_word' id='word_1_151' title='bbox 919 2465 1117 2550; x_wconf 86' lang='lat' dir='ltr'>frequentius</span> <span class='ocrx_word' id='word_1_152' title='bbox 1141 2467 1175 2529; x_wconf 90' lang='lat' dir='ltr'>in</span> <span class='ocrx_word' id='word_1_153' title='bbox 1199 2462 1445 2531; x_wconf 84' lang='lat' dir='ltr'>Commentariis</span> <span class='ocrx_word' id='word_1_154' title='bbox 1468 2467 1615 2531; x_wconf 87' lang='lat' dir='ltr'>occurrit.</span> 
     </span>
    </p>

    <p class='ocr_par' dir='ltr' id='par_1_4' title="bbox 534 2568 1728 3509">
     <span class='ocr_line' id='line_1_18' title="bbox 586 2568 1728 2656; baseline -0.004 -20"><span class='ocrx_word' id='word_1_155' title='bbox 586 2571 621 2636; x_wconf 89' lang='lat' dir='ltr'>ln</span> <span class='ocrx_word' id='word_1_156' title='bbox 645 2573 782 2636; x_wconf 89' lang='lat' dir='ltr'>transitu</span> <span class='ocrx_word' id='word_1_157' title='bbox 807 2569 918 2636; x_wconf 89' lang='lat' dir='ltr'>deinde</span> <span class='ocrx_word' id='word_1_158' title='bbox 942 2571 1103 2636; x_wconf 86' lang='lat' dir='ltr'>observari</span> <span class='ocrx_word' id='word_1_159' title='bbox 1126 2575 1232 2656; x_wconf 90' lang='lat' dir='ltr'>potest</span> <span class='ocrx_word' id='word_1_160' title='bbox 1254 2568 1277 2635; x_wconf 90' lang='lat' dir='ltr'>l.</span> <span class='ocrx_word' id='word_1_161' title='bbox 1301 2569 1359 2634; x_wconf 87' lang='lat' dir='ltr'>IX.</span> <span class='ocrx_word' id='word_1_162' title='bbox 1386 2569 1423 2635; x_wconf 84' lang='lat'>3:</span> <span class='ocrx_word' id='word_1_163' title='bbox 1450 2572 1497 2649; x_wconf 76' lang='lat' dir='ltr'>„ri</span> <span class='ocrx_word' id='word_1_164' title='bbox 1523 2569 1555 2634; x_wconf 72' lang='grc' dir='ltr'>δὲ</span> <span class='ocrx_word' id='word_1_165' title='bbox 1579 2571 1631 2634; x_wconf 71' lang='lat' dir='ltr'>eal</span> <span class='ocrx_word' id='word_1_166' title='bbox 1653 2570 1728 2635; x_wconf 67' lang='lat' dir='ltr'>tna</span> 
     </span>
     <span class='ocr_line' id='line_1_19' title="bbox 538 2675 1725 2761; baseline -0.001 -19"><span class='ocrx_word' id='word_1_167' title='bbox 538 2680 623 2743; x_wconf 81' lang='grc' dir='ltr'><strong><em>τινιόν</em></strong></span> <span class='ocrx_word' id='word_1_168' title='bbox 654 2678 860 2757; x_wconf 71' lang='grc' dir='ltr'><strong><em>παράπηγμα</em></strong></span> <span class='ocrx_word' id='word_1_169' title='bbox 892 2675 1073 2754; x_wconf 49' lang='lat' dir='ltr'>&amp;ornantes</span> <span class='ocrx_word' id='word_1_170' title='bbox 1104 2677 1233 2753; x_wconf 82' lang='grc' dir='ltr'><strong><em>όόὲλεις,</em></strong></span> <span class='ocrx_word' id='word_1_171' title='bbox 1265 2676 1431 2752; x_wconf 71' lang='grc' dir='ltr'><strong><em>μόλιστοι”</em></strong></span> <span class='ocrx_word' id='word_1_172' title='bbox 1463 2677 1539 2754; x_wconf 63' lang='lat' dir='ltr'>nrt„</span> <span class='ocrx_word' id='word_1_173' title='bbox 1572 2679 1725 2761; x_wconf 83' lang='lat' dir='ltr'>poeticam</span> 
     </span>
     <span class='ocr_line' id='line_1_20' title="bbox 535 2782 1728 2869; baseline -0.001 -21"><span class='ocrx_word' id='word_1_174' title='bbox 535 2783 733 2850; x_wconf 88' lang='lat' dir='ltr'>locutionem</span> <span class='ocrx_word' id='word_1_175' title='bbox 757 2803 775 2848; x_wconf 92' lang='lat' dir='ltr'>a</span> <span class='ocrx_word' id='word_1_176' title='bbox 796 2782 905 2847; x_wconf 87' lang='lat' dir='ltr'>Marco</span> <span class='ocrx_word' id='word_1_177' title='bbox 928 2785 1081 2847; x_wconf 91' lang='lat' dir='ltr'>insertam</span> <span class='ocrx_word' id='word_1_178' title='bbox 1104 2803 1171 2848; x_wconf 93' lang='lat' dir='ltr'>esse</span> <span class='ocrx_word' id='word_1_179' title='bbox 1189 2782 1310 2859; x_wconf 79' lang='lat' dir='ltr'>rideri3</span> <span class='ocrx_word' id='word_1_180' title='bbox 1330 2785 1472 2869; x_wconf 90' lang='lat' dir='ltr'>itemque</span> <span class='ocrx_word' id='word_1_181' title='bbox 1492 2782 1635 2849; x_wconf 88' lang='lat' dir='ltr'>eiusdem</span> <span class='ocrx_word' id='word_1_182' title='bbox 1653 2782 1728 2848; x_wconf 88' lang='lat' dir='ltr'>libri</span> 
     </span>
     <span class='ocr_line' id='line_1_21' title="bbox 535 2886 1727 2967; baseline -0.003 -11"><span class='ocrx_word' id='word_1_183' title='bbox 535 2913 563 2956; x_wconf 91' lang='lat' dir='ltr'>c.</span> <span class='ocrx_word' id='word_1_184' title='bbox 590 2889 654 2953; x_wconf 82' lang='lat'>26:</span> <span class='ocrx_word' id='word_1_185' title='bbox 680 2889 833 2967; x_wconf 72' lang='grc' dir='ltr'><strong><em>,ἀνέτλης</em></strong></span> <span class='ocrx_word' id='word_1_186' title='bbox 860 2889 954 2965; x_wconf 76' lang='grc' dir='ltr'><strong><em>μόρια</em></strong></span> <span class='ocrx_word' id='word_1_187' title='bbox 976 2926 1018 2936; x_wconf 93' lang='lat'>-</span> <span class='ocrx_word' id='word_1_188' title='bbox 1039 2889 1126 2952; x_wconf 72' lang='grc' dir='ltr'><strong><em>ἀλλὰ</em></strong></span> <span class='ocrx_word' id='word_1_189' title='bbox 1149 2886 1242 2957; x_wconf 71' lang='grc' dir='ltr'><strong><em>ἅλις”</em></strong></span> <span class='ocrx_word' id='word_1_190' title='bbox 1267 2895 1331 2965; x_wconf 91' lang='lat' dir='ltr'>est,</span> <span class='ocrx_word' id='word_1_191' title='bbox 1356 2910 1412 2954; x_wconf 88' lang='lat' dir='ltr'>cur</span> <span class='ocrx_word' id='word_1_192' title='bbox 1435 2889 1558 2954; x_wconf 89' lang='lat' dir='ltr'>disiecti</span> <span class='ocrx_word' id='word_1_193' title='bbox 1583 2888 1727 2954; x_wconf 89' lang='lat' dir='ltr'>membra</span> 
     </span>
     <span class='ocr_line' id='line_1_22' title="bbox 535 2994 1723 3084; baseline -0.004 -20"><span class='ocrx_word' id='word_1_194' title='bbox 535 3004 650 3084; x_wconf 90' lang='lat' dir='ltr'>poetae</span> <span class='ocrx_word' id='word_1_195' title='bbox 680 2997 732 3062; x_wconf 91' lang='lat' dir='ltr'>hic</span> <span class='ocrx_word' id='word_1_196' title='bbox 755 3016 905 3082; x_wconf 88' lang='lat' dir='ltr'>apparere</span> <span class='ocrx_word' id='word_1_197' title='bbox 929 2998 1107 3083; x_wconf 85' lang='lat' dir='ltr'>suspiceris.</span> <span class='ocrx_word' id='word_1_198' title='bbox 1131 2994 1232 3061; x_wconf 88' lang='lat' dir='ltr'>Porro</span> <span class='ocrx_word' id='word_1_199' title='bbox 1255 2995 1292 3060; x_wconf 88' lang='lat' dir='ltr'>V.</span> <span class='ocrx_word' id='word_1_200' title='bbox 1315 2995 1376 3062; x_wconf 79' lang='lat'>27:</span> <span class='ocrx_word' id='word_1_201' title='bbox 1402 2995 1514 3077; x_wconf 76' lang='grc' dir='ltr'><strong><em>,συζῆν</em></strong></span> <span class='ocrx_word' id='word_1_202' title='bbox 1539 3000 1624 3065; x_wconf 66' lang='lat' dir='ltr'>tecta.</span> <span class='ocrx_word' id='word_1_203' title='bbox 1650 2996 1723 3077; x_wconf 81' lang='grc' dir='ltr'><strong><em>σνζ”</em></strong></span> 
     </span>
     <span class='ocr_line' id='line_1_23' title="bbox 535 3100 1724 3190; baseline -0.003 -19"><span class='ocrx_word' id='word_1_204' title='bbox 535 3106 568 3171; x_wconf 69' lang='grc' dir='ltr'>δὲ</span> <span class='ocrx_word' id='word_1_205' title='bbox 588 3107 665 3176; x_wconf 81' lang='grc' dir='ltr'><strong><em>όεοῑς</em></strong></span> <span class='ocrx_word' id='word_1_206' title='bbox 686 3103 699 3167; x_wconf 87' lang='grc' dir='ltr'><strong><em>ό</em></strong></span> <span class='ocrx_word' id='word_1_207' title='bbox 720 3106 855 3184; x_wconf 77' lang='grc' dir='ltr'><strong><em>συνεχῶς</em></strong></span> <span class='ocrx_word' id='word_1_208' title='bbox 877 3102 1014 3173; x_wconf 77' lang='grc' dir='ltr'><strong><em>δειννός”</em></strong></span> <span class='ocrx_word' id='word_1_209' title='bbox 1037 3103 1101 3168; x_wconf 73' lang='lat' dir='ltr'>ari.</span> <span class='ocrx_word' id='word_1_210' title='bbox 1121 3109 1231 3168; x_wconf 89' lang='lat' dir='ltr'>auctor</span> <span class='ocrx_word' id='word_1_211' title='bbox 1251 3100 1445 3190; x_wconf 79' lang='lat' dir='ltr'>(lyricorum</span> <span class='ocrx_word' id='word_1_212' title='bbox 1465 3102 1622 3189; x_wconf 89' lang='lat' dir='ltr'>placitum</span> <span class='ocrx_word' id='word_1_213' title='bbox 1641 3102 1724 3168; x_wconf 91' lang='lat' dir='ltr'>illud</span> 
     </span>
     <span class='ocr_line' id='line_1_24' title="bbox 535 3208 1725 3295; baseline -0.003 -18"><span class='ocrx_word' id='word_1_214' title='bbox 535 3212 721 3277; x_wconf 76' lang='lat' dir='ltr'>adhibuisse</span> <span class='ocrx_word' id='word_1_215' title='bbox 743 3209 882 3286; x_wconf 87' lang='lat' dir='ltr'>videtur,</span> <span class='ocrx_word' id='word_1_216' title='bbox 907 3231 970 3295; x_wconf 91' lang='lat' dir='ltr'>quo</span> <span class='ocrx_word' id='word_1_217' title='bbox 993 3212 1151 3294; x_wconf 88' lang='lat' dir='ltr'>sapientes</span> <span class='ocrx_word' id='word_1_218' title='bbox 1174 3231 1248 3276; x_wconf 93' lang='lat' dir='ltr'>cum</span> <span class='ocrx_word' id='word_1_219' title='bbox 1272 3210 1320 3275; x_wconf 90' lang='lat' dir='ltr'>dis</span> <span class='ocrx_word' id='word_1_220' title='bbox 1341 3214 1509 3277; x_wconf 81' lang='lat' dir='ltr'>convivere</span> <span class='ocrx_word' id='word_1_221' title='bbox 1529 3208 1725 3276; x_wconf 86' lang='lat' dir='ltr'>declaraban-</span> 
     </span>
     <span class='ocr_line' id='line_1_25' title="bbox 535 3316 1727 3404; baseline -0.002 -20"><span class='ocrx_word' id='word_1_222' title='bbox 535 3326 593 3385; x_wconf 92' lang='lat' dir='ltr'>tur</span> <span class='ocrx_word' id='word_1_223' title='bbox 600 3339 609 3396; x_wconf 93' lang='lat'>;</span> <span class='ocrx_word' id='word_1_224' title='bbox 638 3316 769 3404; x_wconf 80' lang='lat' dir='ltr'>Cynicis</span> <span class='ocrx_word' id='word_1_225' title='bbox 792 3321 901 3382; x_wconf 88' lang='lat' dir='ltr'>autem</span> <span class='ocrx_word' id='word_1_226' title='bbox 924 3319 1101 3402; x_wconf 81' lang='lat' dir='ltr'>praeceptis</span> <span class='ocrx_word' id='word_1_227' title='bbox 1124 3321 1157 3381; x_wconf 89' lang='lat' dir='ltr'>et</span> <span class='ocrx_word' id='word_1_228' title='bbox 1180 3316 1274 3381; x_wconf 89' lang='lat' dir='ltr'>dietis</span> <span class='ocrx_word' id='word_1_229' title='bbox 1297 3316 1457 3382; x_wconf 89' lang='lat' dir='ltr'>abundare</span> <span class='ocrx_word' id='word_1_230' title='bbox 1480 3317 1646 3395; x_wconf 85' lang='lat' dir='ltr'>Marcum,</span> <span class='ocrx_word' id='word_1_231' title='bbox 1671 3320 1727 3382; x_wconf 80' lang='lat' dir='ltr'>vix</span> 
     </span>
     <span class='ocr_line' id='line_1_26' title="bbox 534 3423 877 3509; baseline -0.015 -18"><span class='ocrx_word' id='word_1_232' title='bbox 534 3431 587 3491; x_wconf 88' lang='lat' dir='ltr'>est</span> <span class='ocrx_word' id='word_1_233' title='bbox 610 3423 695 3509; x_wconf 91' lang='lat' dir='ltr'>quod</span> <span class='ocrx_word' id='word_1_234' title='bbox 719 3443 877 3489; x_wconf 89' lang='lat' dir='ltr'>moneam.</span> 
     </span>
    </p>

    <p class='ocr_par' dir='ltr' id='par_1_5' title="bbox 529 3527 1727 4895">
     <span class='ocr_line' id='line_1_27' title="bbox 585 3527 1725 3616; baseline -0.001 -21"><span class='ocrx_word' id='word_1_235' title='bbox 585 3533 628 3595; x_wconf 89' lang='lat' dir='ltr'>At</span> <span class='ocrx_word' id='word_1_236' title='bbox 652 3530 890 3595; x_wconf 88' lang='lat' dir='ltr'>subsistendum</span> <span class='ocrx_word' id='word_1_237' title='bbox 914 3527 1086 3614; x_wconf 92' lang='lat' dir='ltr'>paululum</span> <span class='ocrx_word' id='word_1_238' title='bbox 1110 3530 1213 3593; x_wconf 89' lang='lat' dir='ltr'>estin</span> <span class='ocrx_word' id='word_1_239' title='bbox 1237 3528 1323 3606; x_wconf 88' lang='lat' dir='ltr'>loco,</span> <span class='ocrx_word' id='word_1_240' title='bbox 1348 3531 1404 3614; x_wconf 93' lang='lat' dir='ltr'>qui</span> <span class='ocrx_word' id='word_1_241' title='bbox 1422 3528 1546 3616; x_wconf 83' lang='lat' dir='ltr'>legitur</span> <span class='ocrx_word' id='word_1_242' title='bbox 1564 3530 1587 3595; x_wconf 92' lang='lat' dir='ltr'>l.</span> <span class='ocrx_word' id='word_1_243' title='bbox 1608 3530 1648 3595; x_wconf 91' lang='grc' dir='ltr'>Π.</span> <span class='ocrx_word' id='word_1_244' title='bbox 1669 3529 1725 3594; x_wconf 84' lang='grc'>15;</span> 
     </span>
     <span class='ocr_line' id='line_1_28' title="bbox 538 3635 1727 3718; baseline -0.003 -16"><span class='ocrx_word' id='word_1_245' title='bbox 538 3635 608 3718; x_wconf 68' lang='grc' dir='ltr'><strong><em>,ὅτι</em></strong></span> <span class='ocrx_word' id='word_1_246' title='bbox 641 3642 703 3702; x_wconf 82' lang='grc' dir='ltr'><strong><em>πῖον</em></strong></span> <span class='ocrx_word' id='word_1_247' title='bbox 735 3636 900 3711; x_wconf 72' lang='grc' dir='ltr'><strong><em>ὑπόληψις.</em></strong></span> <span class='ocrx_word' id='word_1_248' title='bbox 933 3635 1013 3705; x_wconf 77' lang='grc' dir='ltr'><strong><em>δῆλον</em></strong></span> <span class='ocrx_word' id='word_1_249' title='bbox 1037 3637 1094 3711; x_wconf 77' lang='grc' dir='ltr'>μὲν</span> <span class='ocrx_word' id='word_1_250' title='bbox 1118 3635 1181 3711; x_wconf 73' lang='grc' dir='ltr'>γὰρ</span> <span class='ocrx_word' id='word_1_251' title='bbox 1204 3636 1245 3697; x_wconf 82' lang='grc' dir='ltr'><strong><em>τοὶ</em></strong></span> <span class='ocrx_word' id='word_1_252' title='bbox 1271 3635 1344 3713; x_wconf 78' lang='grc' dir='ltr'><strong><em>πρὸς</em></strong></span> <span class='ocrx_word' id='word_1_253' title='bbox 1368 3636 1418 3701; x_wconf 81' lang='grc' dir='ltr'><strong><em>τόν</em></strong></span> <span class='ocrx_word' id='word_1_254' title='bbox 1442 3636 1565 3700; x_wconf 81' lang='grc' dir='ltr'><strong><em>Κυνικόν</em></strong></span> <span class='ocrx_word' id='word_1_255' title='bbox 1591 3635 1727 3710; x_wconf 76' lang='grc' dir='ltr'><strong><em>Μόνιμον</em></strong></span> 
     </span>
     <span class='ocr_line' id='line_1_29' title="bbox 536 3741 1726 3822; baseline -0.003 -13"><span class='ocrx_word' id='word_1_256' title='bbox 536 3744 716 3819; x_wconf 87' lang='grc' dir='ltr'><strong><em>λεγόμενοι·</em></strong></span> <span class='ocrx_word' id='word_1_257' title='bbox 742 3743 829 3813; x_wconf 75' lang='grc' dir='ltr'><strong><em>δῆλον</em></strong></span> <span class='ocrx_word' id='word_1_258' title='bbox 851 3743 882 3805; x_wconf 77' lang='grc' dir='ltr'>δὲ</span> <span class='ocrx_word' id='word_1_259' title='bbox 907 3741 958 3805; x_wconf 73' lang='grc' dir='ltr'>καὶ</span> <span class='ocrx_word' id='word_1_260' title='bbox 983 3742 1017 3804; x_wconf 82' lang='grc' dir='ltr'><strong><em>τό</em></strong></span> <span class='ocrx_word' id='word_1_261' title='bbox 1041 3744 1191 3822; x_wconf 73' lang='grc' dir='ltr'><strong><em>χρήσιμον</em></strong></span> <span class='ocrx_word' id='word_1_262' title='bbox 1214 3747 1267 3805; x_wconf 79' lang='grc' dir='ltr'><strong><em>τοῦ</em></strong></span> <span class='ocrx_word' id='word_1_263' title='bbox 1291 3742 1469 3819; x_wconf 71' lang='grc' dir='ltr'><strong><em>λεγομένου,</em></strong></span> <span class='ocrx_word' id='word_1_264' title='bbox 1491 3743 1544 3806; x_wconf 79' lang='grc' dir='ltr'><strong><em>εἰίν</em></strong></span> <span class='ocrx_word' id='word_1_265' title='bbox 1564 3766 1608 3814; x_wconf 77' lang='grc' dir='ltr'><strong><em>τις</em></strong></span> <span class='ocrx_word' id='word_1_266' title='bbox 1630 3745 1726 3806; x_wconf 73' lang='grc' dir='ltr'><strong><em>αὐτοῦ</em></strong></span> 
     </span>
     <span class='ocr_line' id='line_1_30' title="bbox 534 3845 1725 3928; baseline 0.001 -14"><span class='ocrx_word' id='word_1_267' title='bbox 534 3851 573 3914; x_wconf 83' lang='grc' dir='ltr'><strong><em>τὸ</em></strong></span> <span class='ocrx_word' id='word_1_268' title='bbox 606 3850 747 3923; x_wconf 75' lang='grc' dir='ltr'><strong><em>νόστιμον</em></strong></span> <span class='ocrx_word' id='word_1_269' title='bbox 777 3848 870 3928; x_wconf 76' lang='grc' dir='ltr'><strong><em>μέχρι</em></strong></span> <span class='ocrx_word' id='word_1_270' title='bbox 902 3852 954 3911; x_wconf 83' lang='grc' dir='ltr'><strong><em>τοῦ</em></strong></span> <span class='ocrx_word' id='word_1_271' title='bbox 978 3848 1107 3919; x_wconf 76' lang='grc' dir='ltr'><strong><em>όλνόοῡς</em></strong></span> <span class='ocrx_word' id='word_1_272' title='bbox 1134 3845 1298 3925; x_wconf 74' lang='grc' dir='ltr'><strong><em>ὃέχντοιι.”</em></strong></span> <span class='ocrx_word' id='word_1_273' title='bbox 1323 3848 1385 3928; x_wconf 83' lang='lat' dir='ltr'>Qui</span> <span class='ocrx_word' id='word_1_274' title='bbox 1408 3847 1499 3914; x_wconf 88' lang='lat' dir='ltr'>locus</span> <span class='ocrx_word' id='word_1_275' title='bbox 1522 3852 1620 3915; x_wconf 84' lang='lat' dir='ltr'>etiam</span> <span class='ocrx_word' id='word_1_276' title='bbox 1654 3850 1725 3915; x_wconf 87' lang='lat' dir='ltr'>ideo</span> 
     </span>
     <span class='ocr_line' id='line_1_31' title="bbox 533 3954 1725 4042; baseline -0.002 -21"><span class='ocrx_word' id='word_1_277' title='bbox 533 3960 651 4021; x_wconf 89' lang='lat' dir='ltr'>notatu</span> <span class='ocrx_word' id='word_1_278' title='bbox 669 3954 805 4040; x_wconf 76' lang='lat' dir='ltr'>dignum</span> <span class='ocrx_word' id='word_1_279' title='bbox 821 3960 886 4030; x_wconf 89' lang='lat' dir='ltr'>est,</span> <span class='ocrx_word' id='word_1_280' title='bbox 906 3956 981 4039; x_wconf 87' lang='lat' dir='ltr'>quia</span> <span class='ocrx_word' id='word_1_281' title='bbox 999 3954 1051 4020; x_wconf 90' lang='lat' dir='ltr'>hic</span> <span class='ocrx_word' id='word_1_282' title='bbox 1070 3956 1213 4040; x_wconf 87' lang='lat' dir='ltr'>primum</span> <span class='ocrx_word' id='word_1_283' title='bbox 1233 3961 1364 4040; x_wconf 87' lang='lat' dir='ltr'>apparet</span> <span class='ocrx_word' id='word_1_284' title='bbox 1383 3956 1622 4042; x_wconf 82' lang='lat' dir='ltr'>apophthegma</span> <span class='ocrx_word' id='word_1_285' title='bbox 1640 3955 1725 4021; x_wconf 88' lang='lat' dir='ltr'>illud</span> 
     </span>
     <span class='ocr_line' id='line_1_32' title="bbox 534 4060 1723 4147; baseline 0.003 -22"><span class='ocrx_word' id='word_1_286' title='bbox 534 4064 594 4141; x_wconf 84' lang='lat' dir='ltr'>„in</span> <span class='ocrx_word' id='word_1_287' title='bbox 625 4063 771 4147; x_wconf 89' lang='lat' dir='ltr'>opinione</span> <span class='ocrx_word' id='word_1_288' title='bbox 802 4063 862 4125; x_wconf 87' lang='lat' dir='ltr'>sita</span> <span class='ocrx_word' id='word_1_289' title='bbox 892 4081 959 4126; x_wconf 91' lang='lat' dir='ltr'>esse</span> <span class='ocrx_word' id='word_1_290' title='bbox 990 4060 1137 4138; x_wconf 87' lang='lat' dir='ltr'>omnia,”</span> <span class='ocrx_word' id='word_1_291' title='bbox 1169 4082 1231 4147; x_wconf 94' lang='lat' dir='ltr'>quo</span> <span class='ocrx_word' id='word_1_292' title='bbox 1264 4061 1328 4126; x_wconf 87' lang='lat' dir='ltr'>fere</span> <span class='ocrx_word' id='word_1_293' title='bbox 1358 4061 1487 4126; x_wconf 91' lang='lat' dir='ltr'>nullum</span> <span class='ocrx_word' id='word_1_294' title='bbox 1519 4063 1660 4128; x_wconf 89' lang='lat' dir='ltr'>crebrius</span> <span class='ocrx_word' id='word_1_295' title='bbox 1689 4066 1723 4128; x_wconf 90' lang='lat' dir='ltr'>in</span> 
     </span>
     <span class='ocr_line' id='line_1_33' title="bbox 533 4165 1723 4254; baseline -0.003 -18"><span class='ocrx_word' id='word_1_296' title='bbox 533 4167 785 4236; x_wconf 87' lang='lat' dir='ltr'>Commentariis</span> <span class='ocrx_word' id='word_1_297' title='bbox 803 4169 978 4232; x_wconf 81' lang='lat' dir='ltr'>invenitur.</span> <span class='ocrx_word' id='word_1_298' title='bbox 1000 4165 1086 4245; x_wconf 83' lang='lat' dir='ltr'>Quae</span> <span class='ocrx_word' id='word_1_299' title='bbox 1107 4167 1204 4231; x_wconf 89' lang='lat' dir='ltr'>verba</span> <span class='ocrx_word' id='word_1_300' title='bbox 1219 4188 1286 4251; x_wconf 90' lang='lat' dir='ltr'>quo</span> <span class='ocrx_word' id='word_1_301' title='bbox 1306 4189 1398 4231; x_wconf 89' lang='lat' dir='ltr'>sensu</span> <span class='ocrx_word' id='word_1_302' title='bbox 1417 4171 1573 4254; x_wconf 88' lang='lat' dir='ltr'>acceperit</span> <span class='ocrx_word' id='word_1_303' title='bbox 1584 4167 1723 4247; x_wconf 87' lang='lat' dir='ltr'>Marcus,</span> 
     </span>
     <span class='ocr_line' id='line_1_34' title="bbox 532 4271 1725 4360; baseline -0.001 -20"><span class='ocrx_word' id='word_1_304' title='bbox 532 4278 667 4360; x_wconf 89' lang='lat' dir='ltr'>apparet</span> <span class='ocrx_word' id='word_1_305' title='bbox 690 4294 729 4337; x_wconf 83' lang='lat' dir='ltr'>ex</span> <span class='ocrx_word' id='word_1_306' title='bbox 752 4271 840 4351; x_wconf 87' lang='lat' dir='ltr'>aliis,</span> <span class='ocrx_word' id='word_1_307' title='bbox 866 4273 1038 4358; x_wconf 91' lang='lat' dir='ltr'>inquibus</span> <span class='ocrx_word' id='word_1_308' title='bbox 1062 4278 1249 4350; x_wconf 85' lang='lat' dir='ltr'>occurrunt,</span> <span class='ocrx_word' id='word_1_309' title='bbox 1273 4273 1367 4351; x_wconf 90' lang='lat' dir='ltr'>locis;</span> <span class='ocrx_word' id='word_1_310' title='bbox 1392 4295 1434 4338; x_wconf 89' lang='lat' dir='ltr'>sc.</span> <span class='ocrx_word' id='word_1_311' title='bbox 1459 4295 1509 4339; x_wconf 93' lang='lat' dir='ltr'>res</span> <span class='ocrx_word' id='word_1_312' title='bbox 1528 4280 1673 4339; x_wconf 87' lang='lat' dir='ltr'>externas</span> <span class='ocrx_word' id='word_1_313' title='bbox 1690 4278 1725 4339; x_wconf 92' lang='lat' dir='ltr'>in</span> 
     </span>
     <span class='ocr_line' id='line_1_35' title="bbox 532 4377 1725 4464; baseline -0.001 -18"><span class='ocrx_word' id='word_1_314' title='bbox 532 4401 571 4446; x_wconf 90' lang='lat' dir='ltr'>se</span> <span class='ocrx_word' id='word_1_315' title='bbox 602 4378 683 4443; x_wconf 90' lang='lat' dir='ltr'>nihil</span> <span class='ocrx_word' id='word_1_316' title='bbox 717 4377 795 4443; x_wconf 89' lang='lat' dir='ltr'>meli</span> <span class='ocrx_word' id='word_1_317' title='bbox 831 4399 932 4464; x_wconf 90' lang='lat' dir='ltr'>neque</span> <span class='ocrx_word' id='word_1_318' title='bbox 964 4378 1038 4443; x_wconf 92' lang='lat' dir='ltr'>boni</span> <span class='ocrx_word' id='word_1_319' title='bbox 1068 4378 1183 4444; x_wconf 90' lang='lat' dir='ltr'>habere</span> <span class='ocrx_word' id='word_1_320' title='bbox 1213 4399 1315 4463; x_wconf 87' lang='lat' dir='ltr'>neque</span> <span class='ocrx_word' id='word_1_321' title='bbox 1347 4382 1492 4444; x_wconf 89' lang='lat' dir='ltr'>animum</span> <span class='ocrx_word' id='word_1_322' title='bbox 1524 4401 1725 4446; x_wconf 84' lang='lat' dir='ltr'>commovere</span> 
     </span>
     <span class='ocr_line' id='line_1_36' title="bbox 532 4483 1723 4574; baseline 0.002 -25"><span class='ocrx_word' id='word_1_323' title='bbox 532 4507 646 4574; x_wconf 82' lang='lat' dir='ltr'>posse,</span> <span class='ocrx_word' id='word_1_324' title='bbox 677 4487 719 4548; x_wconf 85' lang='grc' dir='ltr'><strong><em>τόι</em></strong></span> <span class='ocrx_word' id='word_1_325' title='bbox 751 4485 932 4562; x_wconf 72' lang='grc' dir='ltr'><strong><em>πράγματα</em></strong></span> <span class='ocrx_word' id='word_1_326' title='bbox 962 4487 1045 4549; x_wconf 75' lang='grc' dir='ltr'><strong><em>αὐτὰ</em></strong></span> <span class='ocrx_word' id='word_1_327' title='bbox 1078 4484 1140 4549; x_wconf 73' lang='grc' dir='ltr'>οὐδ’</span> <span class='ocrx_word' id='word_1_328' title='bbox 1171 4485 1335 4548; x_wconf 75' lang='grc' dir='ltr'><strong><em>ὁπωστιοῦν</em></strong></span> <span class='ocrx_word' id='word_1_329' title='bbox 1367 4492 1474 4567; x_wconf 77' lang='grc' dir='ltr'><strong><em>ψυχῆς</em></strong></span> <span class='ocrx_word' id='word_1_330' title='bbox 1497 4483 1633 4551; x_wconf 76' lang='grc' dir='ltr'><strong><em>σ’όπτετοοι</em></strong></span> <span class='ocrx_word' id='word_1_331' title='bbox 1657 4486 1723 4551; x_wconf 74' lang='grc' dir='ltr'>οὐδὲ</span> 
     </span>
     <span class='ocr_line' id='line_1_37' title="bbox 532 4590 1723 4673; baseline -0.001 -15"><span class='ocrx_word' id='word_1_332' title='bbox 532 4593 606 4673; x_wconf 77' lang='grc' dir='ltr'><strong><em>ἔχει</em></strong></span> <span class='ocrx_word' id='word_1_333' title='bbox 630 4590 741 4655; x_wconf 72' lang='grc' dir='ltr'><strong><em>εἴσοδον</em></strong></span> <span class='ocrx_word' id='word_1_334' title='bbox 765 4593 838 4667; x_wconf 79' lang='grc' dir='ltr'><strong><em>πρὸς</em></strong></span> <span class='ocrx_word' id='word_1_335' title='bbox 862 4592 985 4669; x_wconf 74' lang='grc' dir='ltr'><strong><em>ψυχήν·</em></strong></span> <span class='ocrx_word' id='word_1_336' title='bbox 1007 4592 1072 4655; x_wconf 77' lang='grc' dir='ltr'>οὐδὲ</span> <span class='ocrx_word' id='word_1_337' title='bbox 1092 4590 1222 4669; x_wconf 77' lang='grc' dir='ltr'><strong><em>τρέψαι,</em></strong></span> <span class='ocrx_word' id='word_1_338' title='bbox 1243 4591 1309 4656; x_wconf 73' lang='grc' dir='ltr'>οὐδὲ</span> <span class='ocrx_word' id='word_1_339' title='bbox 1331 4601 1449 4666; x_wconf 75' lang='grc' dir='ltr'><strong><em>κινῆσον</em></strong></span> <span class='ocrx_word' id='word_1_340' title='bbox 1469 4597 1576 4673; x_wconf 67' lang='grc' dir='ltr'><strong><em>ψυχὴν</em></strong></span> <span class='ocrx_word' id='word_1_341' title='bbox 1595 4593 1723 4657; x_wconf 76' lang='grc' dir='ltr'><strong><em>δόνοιτοιι</em></strong></span> 
     </span>
     <span class='ocr_line' id='line_1_38' title="bbox 530 4697 1725 4785; baseline 0.002 -22"><span class='ocrx_word' id='word_1_342' title='bbox 530 4697 588 4780; x_wconf 85' lang='lat' dir='ltr'>(V.</span> <span class='ocrx_word' id='word_1_343' title='bbox 617 4698 670 4776; x_wconf 90' lang='grc'>19)</span> <span class='ocrx_word' id='word_1_344' title='bbox 678 4720 686 4776; x_wconf 88' lang='grc'><strong>;</strong></span> <span class='ocrx_word' id='word_1_345' title='bbox 719 4705 752 4763; x_wconf 89' lang='lat' dir='ltr'>at</span> <span class='ocrx_word' id='word_1_346' title='bbox 782 4720 838 4763; x_wconf 90' lang='lat' dir='ltr'>nos</span> <span class='ocrx_word' id='word_1_347' title='bbox 868 4697 1024 4784; x_wconf 90' lang='lat' dir='ltr'>opinando</span> <span class='ocrx_word' id='word_1_348' title='bbox 1054 4698 1092 4764; x_wconf 90' lang='lat' dir='ltr'>de</span> <span class='ocrx_word' id='word_1_349' title='bbox 1122 4701 1163 4762; x_wconf 90' lang='lat' dir='ltr'>iis</span> <span class='ocrx_word' id='word_1_350' title='bbox 1190 4705 1357 4785; x_wconf 87' lang='lat' dir='ltr'>tamquam</span> <span class='ocrx_word' id='word_1_351' title='bbox 1380 4701 1418 4765; x_wconf 87' lang='lat' dir='ltr'>de</span> <span class='ocrx_word' id='word_1_352' title='bbox 1442 4702 1532 4765; x_wconf 89' lang='lat' dir='ltr'>bonis</span> <span class='ocrx_word' id='word_1_353' title='bbox 1556 4699 1609 4767; x_wconf 85' lang='lat' dir='ltr'>vel</span> <span class='ocrx_word' id='word_1_354' title='bbox 1631 4700 1725 4766; x_wconf 90' lang='lat' dir='ltr'>malis</span> 
     </span>
     <span class='ocr_line' id='line_1_39' title="bbox 529 4806 1723 4895; baseline 0 -22"><span class='ocrx_word' id='word_1_355' title='bbox 529 4807 657 4879; x_wconf 88' lang='lat' dir='ltr'>iudicia</span> <span class='ocrx_word' id='word_1_356' title='bbox 680 4808 761 4873; x_wconf 88' lang='lat' dir='ltr'>ferre</span> <span class='ocrx_word' id='word_1_357' title='bbox 783 4828 840 4895; x_wconf 90' lang='lat' dir='ltr'>per</span> <span class='ocrx_word' id='word_1_358' title='bbox 861 4807 895 4874; x_wconf 82' lang='grc' dir='ltr'><strong><em>τό</em></strong></span> <span class='ocrx_word' id='word_1_359' title='bbox 919 4806 986 4885; x_wconf 72' lang='grc' dir='ltr'><strong><em>περὶ</em></strong></span> <span class='ocrx_word' id='word_1_360' title='bbox 1012 4813 1111 4873; x_wconf 77' lang='grc' dir='ltr'><strong><em>νοννῶν</em></strong></span> <span class='ocrx_word' id='word_1_361' title='bbox 1136 4806 1358 4882; x_wconf 78' lang='grc' dir='ltr'><strong><em>ὑπολομβιένον</em></strong></span> <span class='ocrx_word' id='word_1_362' title='bbox 1380 4806 1447 4887; x_wconf 85' lang='lat' dir='ltr'>(lv.</span> <span class='ocrx_word' id='word_1_363' title='bbox 1461 4808 1518 4890; x_wconf 88' lang='grc'>39)</span> <span class='ocrx_word' id='word_1_364' title='bbox 1536 4816 1632 4894; x_wconf 90' lang='lat' dir='ltr'>atque</span> <span class='ocrx_word' id='word_1_365' title='bbox 1652 4815 1723 4874; x_wconf 91' lang='lat' dir='ltr'>tum</span> 
     </span>
    </p>
   </div>
   <div class='ocr_carea' id='block_1_3' title="bbox 0 0 2268 5943">
    <p class='ocr_par' dir='ltr' id='par_1_6' title="bbox 0 0 2268 5943">
     <span class='ocr_line' id='line_1_40' title="bbox 0 0 2268 5943; baseline 0 0"><span class='ocrx_word' id='word_1_366' title='bbox 0 0 2268 5943; x_wconf 95' lang='lat' dir='ltr'> </span> 
     </span>
    </p>
   </div>
  </div>
 </body>
</html>
