4525 5950
540 679 605 745 204
875 697 917 744 ns
940 697 1086 746 monson
1110 699 1194 745 saon
1216 699 1383 747 nonanus.

538 866 674 931 dubium
707 871 756 929 est
785 867 863 950 quin
894 866 1035 950 apertius
1065 864 1314 951 significaverit,
1346 866 1621 952 quemadmodum
1657 869 1727 933 inde

537 970 622 1057 quod
645 973 678 1033 in
704 969 894 1055 „catalogo”
919 973 1000 1035 Aiax
1024 969 1105 1036 Oilei
1125 970 1211 1035 tilius
1230 979 1263 1036 et
1283 972 1443 1057 Amphius
1462 973 1636 1038 Percosius
1655 989 1728 1037 arsc-

535 1080 660 1156 te'pesrr
691 1083 855 1153 vocantur,
890 1080 959 1141 iure
983 1087 1090 1142 nostro
1121 1077 1285 1142 effecimus
1315 1099 1378 1163 quo
1409 1086 1555 1164 tempore
1580 1078 1730 1168 Oatalogi

533 1196 644 1249 auctor
678 1182 803 1249 floreret
836 1182 1002 1268 plerosque
1041 1182 1162 1248 milites
1197 1184 1295 1249 fuisse
1338 1186 1528 1251 thoracatos.
1578 1186 1645 1253 Sed
1677 1191 1731 1274 qui

534 1290 705 1356 conderent
727 1293 868 1354 carmina
890 1311 953 1374 quo
977 1297 1120 1373 tempore
1144 1311 1221 1355 voce
1246 1288 1339 1369 θώρηξ
1367 1291 1543 1378 significari
1572 1296 1731 1379 inciperet

535 1400 703 1483 praecipue
726 1396 841 1461 thorax
864 1401 993 1472 aeneus,
1014 1400 1170 1461 memoria
1193 1405 1301 1462 autern
1327 1404 1469 1463 tenerent
1492 1398 1643 1464 alienum
1666 1421 1731 1465 esse

532 1507 603 1570 eius
616 1524 710 1567 nsum
722 1503 761 1567 ab
774 1505 915 1587 antiquis
927 1501 1149 1579 bellatoribus,
1164 1524 1217 1568 eos
1228 1525 1291 1569 non
1303 1505 1409 1590 inepte
1421 1507 1559 1570 conicias
1574 1505 1731 1571 maluisse

533 1618 590 1677 aut
620 1631 730 1675 omnes
754 1620 810 1674 aut
833 1607 998 1694 plerosque
1020 1607 1078 1673 illa
1100 1630 1177 1674 voce
1199 1631 1331 1695 prorsus
1354 1611 1512 1675 abstinere
1536 1614 1572 1676 in
1597 1612 1732 1677 illorum

532 1720 631 1783 armis
649 1715 877 1794 describendis,
899 1715 1011 1780 deinde
1031 1735 1123 1791 vero,
1144 1737 1219 1780 cum
1238 1719 1303 1781 iam
1322 1725 1525 1781 evanesceret
1544 1721 1731 1803 priscorum

471 1902 478 1918 ι
534 1830 717 1909 temporum
737 1825 856 1907 imago,
874 1824 1037 1907 irrepsisse
1055 1824 1229 1907 imaginem
1247 1825 1402 1908 temporis
1411 1827 1620 1901 recentioris,
1635 1825 1731 1910 idque

532 1951 569 1995 eo
592 1928 734 2006 facilius,
758 1928 842 2014 quod
864 1931 897 1992 in
919 1931 997 2013 ipsis
1021 1931 1254 2012 antiquissimis
1277 1930 1469 1994 carminibus
1494 1950 1557 1994 vox
1581 1931 1682 2007 serat
1701 1952 1732 1996 se

534 2036 675 2112 offerret,
707 2037 739 2098 in
771 2036 919 2099 omnibus
950 2041 1060 2098 autem
1091 2033 1144 2098 vel
1169 2037 1320 2109 θωρηκτής
1345 2034 1397 2099 vel
1422 2030 1598 2111 θωρήσσειν.
1626 2036 1733 2102 Facile

533 2145 580 2207 sic
609 2140 786 2226 explicatur
809 2140 892 2225 quod
916 2161 954 2204 ex
978 2141 1127 2204 omnibus
1153 2139 1232 2204 locis
1255 2141 1311 2205 ubi
1335 2146 1484 2206 vetamur
1508 2141 1645 2208 credere
1669 2144 1734 2208 tho

533 2255 654 2313 racatos
682 2249 814 2332 proponi
837 2244 976 2322 milites,
1000 2267 1039 2310 ne
1063 2245 1173 2311 decem
1196 2246 1326 2331 quidem
1351 2268 1483 2311 numero
1508 2258 1589 2312 sunt
1615 2251 1734 2335 quibus

533 2357 714 2442 assignetur
733 2356 773 2417 iis
793 2352 894 2430 θώρηξ.
919 2353 965 2417 sa
982 2359 1092 2418 autem
1112 2356 1193 2417 ratio
1214 2357 1241 2417 si
1263 2353 1364 2429 valet,
1384 2357 1532 2439 sequitur
1550 2362 1592 2419 ut
1615 2356 1734 2421 saeculi

533 2461 597 2525 fere
632 2463 774 2546 spatium
812 2463 1026 2525 intercesserit
1067 2462 1152 2523 inter
1185 2459 1324 2524 thoracis
1364 2463 1453 2525 aenei
1493 2464 1665 2546 originem
1703 2473 1734 2527 et

533 2569 728 2631 mentionem
760 2564 799 2631 de
830 2587 867 2630 eo
899 2566 1015 2631 factam
1046 2568 1079 2629 in
1104 2567 1309 2630 carminibus.
1334 2565 1443 2651 Neque
1465 2569 1554 2632 enim
1580 2573 1735 2655 cogimur

533 2673 658 2738 credere
688 2681 761 2737 ante
792 2672 934 2736 medium
969 2672 1134 2736 saeculum
1166 2672 1196 2735 X
1229 2693 1342 2737 vocem
1376 2672 1470 2749 θώρηξ
1506 2678 1688 2741 evanuisse
1718 2697 1733 2741 a

533 2780 744 2857 carminibus,
774 2800 876 2865 neque
908 2785 979 2864 post
1005 2777 1148 2843 medium
1184 2778 1349 2844 saeculum
1381 2799 1515 2864 sequens
1539 2786 1733 2866 apparuisse

534 2886 646 2951 denuo.
681 2883 769 2964 Quod
807 2887 959 2969 temporis
993 2887 1136 2968 spatium
1170 2887 1387 2949 intercessisse
1421 2887 1556 2950 minime
1597 2888 1732 2953 incredi-

534 2992 597 3059 bile
631 2996 692 3057 erit
724 2996 753 3057 ei
784 2996 839 3077 qui
870 2995 1068 3078 perspexerit
1098 3013 1160 3056 non
1191 2991 1285 3056 aliter
1316 3014 1417 3079 neque
1448 2995 1556 3057 minus
1592 3000 1734 3080 pertina-

532 3103 609 3164 citer
640 3099 815 3163 obtinuisse
844 3102 877 3162 in
908 3105 1075 3183 poetarum
1106 3104 1172 3163 arte
1205 3119 1384 3164 sermonem
1416 3102 1578 3183 priscum,
1611 3104 1647 3165 in
1674 3124 1731 3167 usu

531 3206 688 3271 cotidiano
711 3205 901 3270 iamdudum
925 3203 1157 3269 oblitteratum.
1182 3204 1293 3291 Neque
1313 3213 1492 3291 repugnant
1514 3210 1598 3272 artis
1621 3231 1733 3274 monu-

532 3322 641 3377 menta
664 3335 680 3377 e
704 3311 770 3378 solo
794 3312 912 3377 effossa.
938 3310 1021 3376 Nam
1044 3314 1194 3395 quamvis
1219 3314 1251 3375 in
1276 3315 1361 3375 vasis
1389 3315 1600 3397 geometricis
1636 3319 1732 3402 inque

533 3419 730 3504 imaginibus
753 3418 932 3483 muralibus
954 3416 1146 3504 Mycenaeae
1170 3421 1282 3481 aetatis
1311 3427 1487 3495 extremae,
1517 3440 1605 3503 quae
1632 3422 1733 3509 vulgo

534 3527 598 3590 viri
614 3525 711 3589 huius
735 3527 780 3589 rei
802 3528 897 3609 periti
916 3526 1079 3609 assignant
1099 3521 1235 3587 saeculis
1257 3522 1423 3598 X-Vlll,
1444 3523 1534 3588 nulla
1554 3525 1731 3593 thoracum

533 3635 704 3695 aeneorum
729 3633 866 3716 vestigia
885 3636 1063 3704 cernantur,
1085 3632 1271 3714 neutiquam
1290 3630 1363 3694 inde
1382 3628 1647 3698 concludendum
1667 3656 1732 3699 esse

536 3735 678 3800 vidimus
700 3744 809 3821 (supra
830 3759 861 3821 p.
884 3735 948 3800 160
961 3742 1020 3820 sq.)
1045 3743 1116 3799 tum
1141 3738 1293 3820 temporis
1316 3756 1427 3799 eorum
1452 3756 1549 3799 usum
1572 3739 1731 3824 ignotum

534 3842 631 3906 fuisse
648 3842 680 3921 ¹).

535 4013 728 4020 --——-

570 4121 595 4183 l)
628 4121 753 4184 Ridgerrny
776 4119 852 4176 solus,
875 4123 990 4183 quantum
1008 4119 1069 4176 scio,
1088 4132 1197 4166 vasorum
1215 4117 1416 4181 geometricorum
1433 4116 1552 4180 originem
1569 4124 1674 4172 arculo
1690 4125 1735 4174 ΧΠ

533 4202 620 4252 tribuit
634 4202 671 4264 (ll.
689 4203 745 4261 109,
760 4202 789 4250 ci.
805 4218 827 4266 p.
842 4202 898 4259 206,
915 4217 937 4265 p.
953 4200 1000 4248 265
1010 4203 1060 4263 aqi
1080 4200 1105 4248 si
1121 4215 1158 4247 res
1172 4199 1206 4248 ite
1221 4216 1245 4247 se
1263 4200 1342 4258 habat,
1358 4216 1386 4248 ne
1401 4215 1459 4265 opus
1472 4200 1572 4264 quidem
1582 4215 1737 4266 assumere,

534 4285 637 4335 thoracis
655 4286 720 4334 senei
739 4300 807 4333 osum
824 4284 945 4350 cognitum
962 4282 1071 4332 habuisse
1088 4283 1196 4332 artifices.
