4525 5950
660 705 725 772 406
1181 724 1324 772 rasurus.

657 895 779 955 constat
808 885 909 953 ratio?
941 887 1037 953 Haud
1068 891 1189 974 opinor.
1214 889 1354 954 Veniunt
1377 887 1529 953 animalia
1550 891 1612 953 ista
1635 909 1653 953 1
1679 894 1794 975 pastu;
1819 891 1843 952 si

656 995 754 1059 tobis
777 1001 867 1080 pasta
889 1015 925 1060 ea
948 994 1077 1081 Moyses
1101 997 1247 1073 coniicit,
1271 1001 1310 1059 11
1331 994 1503 1059 herbidum
1526 992 1609 1059 illud
1632 993 1744 1059 solum
1762 996 1845 1059 inve

655 1105 723 1168 niat
744 1105 824 1166 made
841 1104 972 1167 veniant
989 1105 1019 1166 ei
1039 1108 1087 1167 111
1107 1101 1342 1187 quaerendum,
1363 1123 1425 1187 non
1444 1123 1501 1186 qao
1519 1101 1642 1166 abeant.
1667 1100 1754 1181 Quid
1775 1122 1845 1187 ergo

653 1209 737 1294 sequi
757 1229 795 1274 11
814 1206 946 1273 11111111
967 1209 1135 1273 Praeterea
1151 1230 1213 1273 non
1231 1209 1349 1272 herbam
1360 1208 1470 1273 Iudaei
1483 1213 1640 1293 quaerunt
1652 1207 1711 1273 sed
1722 1227 1844 1293 aquam.

655 1315 782 1381 Dixeris
813 1315 984 1380 humidum
1017 1336 1083 1380 esse
1115 1314 1228 1380 debere
1257 1314 1380 1393 solum,
1410 1316 1466 1380 ubi
1497 1315 1594 1381 herba
1624 1317 1714 1379 nasci
1739 1317 1845 1400 possit.
1881 1364 1882 1377 ,

655 1421 839 1507 Respondeo
872 1424 950 1487 satis
983 1443 1067 1498 esse,
1100 1423 1127 1486 11
1157 1442 1222 1486 nou
1251 1420 1329 1486 solis
1358 1420 1456 1486 radiis
1479 1420 1585 1486 solum
1609 1423 1791 1485 exaruerit:
1815 1418 1845 1484 id
1881 1416 1882 1421 ’

654 1534 764 1594 autem
793 1532 863 1614 ipsa
885 1529 1035 1593 arborum
1057 1529 1172 1593 umbra
1194 1533 1352 1613 praestare
1375 1533 1497 1612 potest:
1522 1529 1568 1592 sie
1592 1527 1648 1592 ubi
1674 1526 1846 1591 herbidum

654 1634 759 1700 solum
789 1644 854 1712 est,
887 1656 950 1699 non
981 1636 1091 1699 statim
1120 1635 1166 1699 ibi
1197 1640 1229 1699 et
1252 1635 1333 1719 fone
1364 1640 1413 1698 est
1436 1632 1589 1717 fluoiueoc
1612 1654 1629 1697 1
1652 1652 1718 1716 quo
1743 1631 1847 1697 bibare

653 1743 799 1807 homines
822 1743 954 1827 possint.
980 1726 1042 1806 Sed
1065 1739 1177 1805 deletis
1200 1738 1381 1817 vocabulis,
1402 1760 1482 1825 quae
1502 1759 1562 1826 ego
1582 1740 1715 1817 notavi,
1738 1741 1846 1803 statim

653 1849 761 1914 omnia
791 1846 873 1911 fiunt
903 1853 1012 1932 aperta
1042 1867 1144 1930 noque
1175 1845 1243 1911 ulla
1265 1852 1364 1911 restat
1387 1845 1544 1911 molestia.
1573 1846 1667 1910 Asini
1691 1844 1746 1909 illi
1765 1844 1847 1929 poeti

653 1960 761 2020 erant:
793 1954 853 2019 hoe
882 1955 1086 2038 perspicuum
1117 1958 1186 2018 erat
1209 1974 1247 2017 ex
1271 1955 1340 2038 ipso
1364 1952 1477 2017 babitu
1500 1955 1709 2036 incessuque;
1734 1957 1845 2016 utrum

652 2062 750 2126 herba
776 2081 816 2125 11
839 2059 966 2125 carduis
989 2059 1137 2143 foliisque
1159 2058 1241 2123 nibil
1264 2060 1436 2137 referebat;
1461 2058 1635 2124 dummodo
1659 2064 1775 2144 pastos
1797 2079 1845 2124 eos

653 2191 720 2235 esse
743 2173 920 2244 constaret,
944 2168 1126 2232 sitientibus
1151 2187 1250 2251 aquae
1272 2167 1481 2233 inveniendae
1503 2169 1589 2231 riam
1614 2166 1845 2231 monstrabant

653 2273 738 2340 Satis
757 2280 825 2339 erat
844 2295 898 2339 eos
918 2275 1025 2358 sequi,
1046 2293 1121 2337 nam
1140 2294 1225 2337 nnnc
1244 2272 1351 2338 locum
1371 2294 1424 2338 eos
1442 2278 1568 2358 petere,
1588 2272 1644 2337 ubi
1669 2272 1744 2338 fons
1768 2277 1846 2338 esset

655 2380 854 2464 fluviusque,
879 2400 928 2444 res
950 2381 1021 2465 ipsa
1043 2377 1229 2460 clamabat..

699 2486 742 2551 Η.
767 2484 803 2563 V,
830 2484 882 2550 15.
907 2485 1043 2550 Romani
1066 2485 1244 2570 Batavique
1267 2484 1336 2550 loco
1360 2484 1516 2550 vadorum
1540 2484 1633 2570 pleno
1653 2485 1843 2573 confligunt.

654 2592 744 2673 Quod
767 2613 870 2678 genus
890 2613 1018 2679 pugnae
1036 2592 1082 2656 ibi
1101 2594 1143 2656 sit
1162 2598 1311 2657 exortum
1330 2598 1478 2676 atquem
1499 2591 1672 2657 adversum
1692 2591 1843 2658 Romanis

658 2699 750 2766 facile
782 2704 830 2765 est
860 2701 1022 2766 coniicere.
1053 2698 1143 2764 Dabo
1166 2701 1235 2784 ipsa
1258 2699 1365 2776 verba,
1389 2719 1469 2783 quae
1492 2720 1576 2763 nunc
1600 2697 1689 2784 apud
1713 2698 1843 2786 Nippur

656 2805 765 2872 deium
789 2805 960 2893 leguntur:

702 2912 850 2998 „Neque,
875 2914 968 2977 utin
992 2910 1131 2998 pedestri
1155 2913 1238 2989 acie,
1264 2913 1443 2978 comminus
1466 2910 1663 2990 certabatur;
1691 2911 1749 2979 sed
1769 2919 1842 2979 tam·

652 3041 750 3107 quam
781 3019 888 3086 navali
919 3040 1046 3106 pugna,
1075 3021 1153 3104 vagi
1176 3021 1262 3084 inter
1284 3018 1384 3084 undas
1408 3025 1481 3096 aut,
1504 3021 1531 3083 si
1554 3017 1632 3103 quid
1654 3018 1775 3085 stabile
1799 3040 1841 3085 oc·

651 3127 815 3205 currebat,
840 3129 915 3192 totis
938 3125 1006 3191 illic
1029 3127 1213 3212 corporibus
1236 3128 1391 3203 nitentes,
1417 3125 1576 3191 vulnerati
1595 3147 1671 3191 cum
1691 3128 1839 3213 integris,

651 3236 747 3318 periti
769 3232 866 3298 nandi
889 3254 965 3298 cum
987 3234 1109 3319 ignaris
1131 3236 1165 3297 in
1190 3239 1339 3297 mutuam
1363 3235 1535 3318 perniciem
1559 3231 1838 3317 implicabantur.”

696 3341 758 3404 Ain
783 3336 878 3405 vero?
902 3338 991 3404 Ibine
1014 3360 1074 3404 nou
1098 3339 1256 3402 comminor
1278 3339 1470 3415 certabatur,
1493 3338 1550 3403 111
1576 3337 1722 3403 homines
1748 3338 1840 3422 impii

651 3446 795 3508 nodantur
818 3447 901 3509 inter
924 3442 978 3509 111
1010 3443 1232 3529 Quidquamne
1252 3465 1423 3510 commune
1447 3451 1496 3509 est
1518 3464 1645 3531 pugnae
1670 3445 1838 3509 hominum

650 3554 684 3615 in
716 3550 829 3615 mediis
859 3552 950 3635 aquis
981 3552 1162 3615 natantium
1194 3572 1366 3635 eorumque
1399 3553 1455 3635 qui
1486 3571 1525 3615 ne
1547 3570 1630 3634 aqua
1653 3558 1840 3637 mergantur

652 3657 800 3721 omnibus
825 3658 974 3721 nituntur
995 3656 1098 3720 modis
1120 3704 1172 3721 ...
1194 3663 1226 3723 et
1245 3678 1372 3743 pugnae
1390 3654 1517 3722 navali?
1535 3655 1628 3721 Nihil
1648 3656 1717 3721 vidi
1737 3659 1838 3743 magis

652 3763 876 3849 perturbatum
907 3765 1075 3848 magisque
1106 3763 1292 3828 absurdum.
1324 3764 1449 3828 Bonum
1480 3764 1600 3827 factum
1625 3762 1712 3847 quod
1734 3771 1838 3829 tamen

650 3872 719 3954 ipsa
742 3875 851 3933 textus
873 3869 1011 3934 conditio
1035 3867 1143 3955 aliquo
1166 3870 1261 3935 modo
1284 3870 1368 3935 unde
1391 3890 1500 3935 omnes
1519 3868 1594 3934 illae
1614 3870 1730 3934 turbae
1752 3876 1838 3935 natae

651 3979 716 4041 siut
750 3975 887 4052 indicat,
924 3983 955 4040 11
989 3998 1063 4041 cum
1099 3977 1204 4041 morbi
1236 3980 1360 4062 origine
1389 3975 1519 4041 sanandi
1550 3977 1707 4040 rationem
1740 3976 1836 4043 docet.

651 4082 818 4147 Traditum
844 4083 930 4146 enim
954 4089 1002 4146 est
1025 4103 1087 4147 non
1111 4082 1268 4146 comminus
1290 4083 1345 4148 sed
1368 4083 1525 4146 comminus
1544 4081 1835 4159 minue,unde1ac.

651 4185 832 4253 Gronovius
862 4188 1019 4251 comesione
1049 4190 1161 4252 ocinus
1192 4190 1284 4266 fecit,
1315 4192 1349 4253 in
1380 4209 1442 4274 qua
1472 4186 1628 4265 lectione,
1660 4196 1699 4253 11
1728 4192 1835 4254 statim

651 4295 848 4371 videbimus,
880 4316 952 4379 pars
983 4297 1051 4359 veri
1081 4298 1174 4360 inest.
1198 4296 1411 4382 Nipperdsius
1433 4295 1609 4361 abiiciendo
1631 4296 1730 4360 mim
1756 4296 1836 4362 ultro

651 4404 793 4487 corrupit
816 4400 932 4467 locum.
957 4401 1028 4479 Sic,
1050 4409 1089 4466 ut
1113 4405 1234 4487 opinor,
1258 4402 1387 4468 Tacitus
1411 4406 1556 4490 scripsit:

598 4593 601 4600 Ι
696 4507 806 4593 Neque
840 4515 876 4572 11
911 4508 1050 4593 pedestri
1085 4512 1152 4573 acie
1186 4510 1367 4575 certabatur
1397 4530 1498 4595 neque
1531 4516 1700 4595 tamquam
1733 4508 1836 4576 navali

651 4635 775 4702 pugna:
808 4617 883 4700 vagi
912 4618 997 4679 inter
1017 4614 1118 4679 undas
1142 4622 1215 4694 aut,
1241 4618 1268 4680 si
1292 4616 1370 4701 quid
1393 4614 1506 4681 stabile
1529 4618 1735 4695 occurrebat,
1762 4620 1835 4684 totis

650 4723 719 4787 illic
742 4721 864 4786 viribus
888 4725 1025 4787 nitentes
1049 4744 1076 4786 e.
1092 4743 1121 4806 q.
1136 4722 1183 4786 s.”

696 4828 745 4893 Ad
762 4828 897 4910 pedestri
919 4828 983 4892 acie
1005 4826 1122 4893 sciolus
1144 4828 1261 4914 aliquis
1284 4832 1451 4895 annotavit
1473 4830 1646 4907 commines,
1671 4831 1712 4896 ad
1736 4830 1837 4895 novoli
