4525 5950
823 714 865 763 66
888 713 1023 763 11666611
1047 713 1243 763 acromion.
1568 694 1633 760 353

441 885 538 945 tuant
569 879 675 944 verbis
706 876 813 943 allatis
837 880 942 943 nescio
966 900 1029 963 quo
1051 885 1144 963 paeto
1168 877 1270 943 alludi
1292 878 1331 943 ad
1355 883 1468 944 notum
1491 877 1636 943 11161161-

439 987 564 1064 fatum,
589 984 765 1053 secundum
788 984 870 1070 quod
896 987 1004 1050 anima
1026 990 1098 1050 tum
1122 985 1264 1063 demum,
1290 987 1318 1049 si
1341 1006 1533 1071 unoquoque
1557 991 1636 1049 tem-

439 1094 530 1178 poris
564 1098 727 1158 momento
762 1091 801 1157 ad
831 1097 969 1157 mortem
1001 1098 1111 1177 parata
1143 1092 1258 1169 fuerit,
1289 1113 1399 1157 veram
1431 1095 1633 1157 serenitatem

440 1198 598 1284 adeptura
620 1206 669 1264 est
692 1197 749 1277 (Il.
775 1197 814 1263 11
840 1204 872 1262 61
895 1196 954 1262 111.
980 1197 1023 1277 3).

487 1303 550 1370 Sed
580 1307 638 1370 hae
667 1307 927 1391 interpretatione
957 1304 1062 1369 verbis
1093 1310 1262 1370 contextus
1293 1307 1342 1370 vis
1371 1306 1524 1384 infertur;
1557 1327 1632 1371 nam

440 1413 503 1475 nisi
538 1409 621 1476 illud
656 1413 862 1497 participium
897 1413 1007 1476 aoristi
1038 1432 1095 1495 per
1126 1411 1275 1476 futurum
1305 1411 1434 1489 reddas,
1471 1411 1538 1477 fieri
1568 1434 1631 1477 non

440 1523 566 1603 potest,
602 1524 640 1582 ut
670 1539 798 1594 666666,
832 1538 927 1602 quem
958 1516 1073 1581 161661
1103 1520 1312 1603 interpretes,
1339 1539 1378 1583 ex
1402 1517 1504 1583 Marci
1528 1519 1633 1582 verbis

438 1623 597 1689 eliciatur.
629 1623 715 1704 Quae
746 1646 795 1689 res
819 1646 916 1709 qoam
940 1627 983 1689 611
1008 1627 1194 1701 temeraria,
1218 1627 1273 1689 vix
1296 1631 1345 1690 661
1368 1626 1451 1710 quod
1474 1647 1631 1690 moneam.

440 1729 507 1795 Nec
539 1752 602 1796 non
633 1730 779 1815 gradatio
810 1729 867 1795 illa
899 1733 968 1795 aive
998 1729 1132 1808 climax,
1163 1752 1259 1816 quam
1290 1734 1324 1796 in
1348 1733 1454 1796 verbis
1477 1734 1633 1818 proximis

440 1836 514 1901 τότε
547 1835 599 1901 καὶ
633 1842 686 1900 τοῦ
717 1836 770 1917 ζῆν
801 1835 873 1911 ἔξιθι
896 1839 1001 1902 166666
1024 1843 1175 1924 apparet,
1199 1837 1337 1903 concidit
1359 1844 1392 1903 et
1415 1837 1509 1923 plane
1532 1841 1632 1924 pcrit;

438 1946 543 2007 immo
576 1946 611 2007 in
646 1943 762 2008 tradita
797 1941 1007 2028 explicatione
1039 1943 1136 2009 verba
1166 1942 1225 2009 1116
1256 1964 1295 2009 66
1325 1943 1471 2032 intellegi
1501 1946 1631 2030 quidem

439 2071 534 2136 posse
558 2050 787 2114 contenderim.

486 2156 606 2222 Omnes
636 2163 743 2222 autem
773 2156 832 2222 hae
856 2156 1061 2222 difficultates
1083 2156 1157 2222 vide
1180 2177 1220 2221 an
1244 2164 1450 2236 evanescant,
1475 2160 1502 2223 si
1525 2158 1633 2224 locum

439 2267 487 2329 ita
510 2266 662 2329 verteris:
697 2263 882 2344 „Quomodo
905 2266 940 2328 16
963 2284 1089 2329 6666666
1112 2267 1221 2329 vivere
1245 2271 1353 2330 tecum
1376 2267 1562 2342 constituis,
1586 2267 1634 2331 ita

439 2373 509 2436 iam
538 2371 590 2434 hic
621 2369 674 2436 vel
704 2373 738 2435 16
770 2371 886 2436 mediis
915 2372 1054 2457 negotiis
1085 2372 1194 2436 vivere
1225 2369 1312 2436 licet.
1343 2370 1379 2436 Si
1407 2392 1483 2437 vero
1513 2372 1547 2436 id
1570 2394 1632 2438 non

440 2478 663 2563 permiserint,
684 2485 823 2563 praestat
843 2479 972 2542 omnino
992 2480 1059 2543 vita
1078 2480 1180 2555 exire,
1199 2480 1247 2542 ita
1264 2484 1390 2556 tamen,
1411 2478 1469 2543 ut'’
1491 2485 1632 2565 etqseqq.

440 2583 539 2649 Recte
562 2584 640 2648 baec
664 2586 790 2661 omnia,
813 2586 934 2669 opinor,
958 2590 990 2650 et
1012 2583 1127 2650 leniter
1150 2584 1340 2670 procedunt,
1365 2605 1465 2671 neque
1489 2592 1552 2661 est,
1576 2606 1634 2651 cur

440 2689 610 2755 offendaris
639 2691 673 2753 in
707 2691 804 2755 verbo
835 2688 945 2765 ἐξιέναι
976 2689 1121 2755 absolute
1153 2690 1313 2769 adhibito,
1342 2713 1417 2757 cum
1448 2694 1632 2777 proximum

439 2795 524 2861 illud
557 2797 707 2874 ἐνταῦθα,
738 2796 912 2862 dummodo
943 2798 1071 2883 proprie
1095 2796 1226 2862 deloco
1250 2797 1405 2882 quodam,
1430 2820 1472 2863 66.
1497 2797 1633 2864 decula

437 2908 471 2969 et
504 2905 573 2967 vita
605 2901 725 2982 aulica,
758 2905 942 2990 accipiatur,
975 2903 1098 2969 abunde
1121 2902 1277 2990 explicet,
1301 2905 1384 2969 unde
1407 2906 1494 2971 abire
1518 2908 1632 2971 conati·

438 3013 539 3076 tuerit
571 3017 690 3075 auctor.
722 3009 806 3090 Quid
835 3010 918 3097 quod
944 3010 1047 3076 afferri
1071 3017 1176 3098 potest
1199 3010 1286 3076 locus
1310 3033 1406 3097 quam
1430 3015 1571 3077 maxime
1594 3016 1634 3078 si-

439 3116 546 3195 milia,
582 3118 636 3201 qui
666 3115 789 3203 legitur
815 3118 857 3182 Χ.
882 3117 943 3182 22:
978 3117 1630 3198 ,,ἤ1611616ιῡ16ζῇς,καὶῆδηεῖθικας·

439 3224 457 3299 sl
489 3224 546 3300 ἔξω
581 3223 734 3301 ὑπάγεις,
768 3225 819 3287 καὶ
852 3229 941 3288 τοῦτο
973 3224 1097 3298 ἤθελες·
1131 3224 1148 3299 ἢ
1182 3226 1398 3309 ἀποθνήσκεις,
1432 3225 1484 3288 xxi
1508 3227 1633 3291 destas*

438 3333 627 3409 rcdpyneac.
648 3331 734 3409 παρὰ
754 3332 784 3395 δὲ
804 3336 907 3395 ταῦτα
929 3332 1044 3396 οὐδέν.”
1064 3331 1185 3409 Locus,
1206 3335 1262 3417 qui
1281 3339 1349 3397 tam
1367 3335 1553 3418 perspicuus
1565 3340 1629 3411 661,

439 3447 479 3503 61
499 3440 765 3523 interpretatione
784 3440 838 3501 vix
857 3437 1018 3524 indigeat,
1040 3440 1169 3525 egregie
1188 3437 1294 3504 locum
1315 3438 1452 3503 alterum
1471 3438 1628 3518 illustrat,

437 3548 542 3610 immo
574 3543 666 3629 plane
696 3547 725 3609 61
755 3545 923 3630 respondet
945 3552 977 3610 et
1001 3565 1098 3631 paene
1123 3545 1163 3610 ad
1187 3547 1321 3611 verbum
1344 3565 1419 3610 eum
1443 3545 1558 3611 1616116
1582 3549 1630 3611 vi·

440 3651 546 3716 detur.

486 3758 630 3843 Utroque
653 3765 762 3822 autem
787 3757 855 3824 loeo
878 3758 1017 3843 perlecto
1041 3766 1188 3845 apparet,
1213 3759 1379 3836 Marcum,
1404 3762 1552 3844 quamvis
1570 3760 1631 3825 for·

436 3868 514 3930 titer
537 3866 625 3928 ritae
650 3863 812 3929 solitariae
836 3872 868 3930 et
893 3865 1044 3950 procula
1068 3870 1160 3930 coetu
1184 3866 1354 3930 hominum
1379 3873 1523 3950 peractae
1546 3865 1633 3931 blan·

437 3970 496 4035 das
528 3971 738 4056 cogitationes
770 3990 788 4034 a
818 3991 851 4034 se
882 3992 1044 4036 removere
1074 3969 1193 4048 soleat,
1217 3992 1255 4035 ne
1280 3971 1319 4036 ab
1344 3971 1455 4036 officiis
1479 3973 1632 4037 obeundis

435 4075 644 4153 distrahatur,
670 4073 752 4140 clam
777 4083 885 4141 tamen
910 4084 1004 4162 atque
1028 4080 1145 4141 intimo
1168 4076 1260 4142 corde
1284 4077 1399 4143 harum
1422 4099 1530 4143 rerum
1554 4078 1632 4144 desi-

434 4185 561 4249 derium
584 4189 617 4248 et
633 4185 882 4270 imaginationes
902 4184 1034 4261 fovisse,
1055 4186 1156 4248 immo
1176 4184 1236 4248 sibi
1258 4184 1427 4250 arbitrium
1446 4207 1629 4264 reservasse,

435 4297 493 4367 ut,
529 4289 657 4375 quando
692 4296 820 4374 tempus
850 4290 957 4356 adesse
988 4292 1190 4355 existimaret
1222 4291 1347 4376 sibique
1377 4293 1424 4375 ita
1456 4291 1627 4371 videretur,

435 4396 594 4461 ultimum
627 4397 686 4462 hoo
717 4397 880 4484 refugium
912 4402 1085 4484 appeteret.
1118 4397 1187 4477 Qua
1218 4399 1251 4461 in
1280 4420 1313 4463 re
1336 4420 1400 4464 non
1422 4400 1469 4463 ita
1491 4398 1628 4486 longea

432 4502 562 4567 scholae
584 4502 752 4589 disciplina
776 4506 941 4569 recessisse
964 4504 1102 4581 videtur,
1127 4510 1160 4568 et
1184 4505 1267 4569 sicut
1292 4503 1390 4570 Stoici
1414 4513 1551 4570 mortem
1574 4527 1628 4571 vc·

431 4609 610 4674 luntariam
641 4615 810 4694 tamquam
841 4615 1021 4675 extremum
1053 4630 1282 4675 aerumnarum
1312 4610 1510 4689 subsidium,
1544 4613 1628 4696 quod

431 4715 496 4781 eibi
529 4735 655 4801 semper
678 4723 827 4802 paratum
850 4723 948 4793 esset,
974 4715 1282 4801 contemplabantur,
1307 4738 1345 4781 ex
1370 4738 1432 4802 qua
1455 4717 1628 4783 considera·

430 4815 667 4888 tione'miram
698 4823 857 4909 quandam
892 4825 992 4888 auimi
1027 4825 1169 4907 quietem
1204 4830 1237 4887 61
1268 4822 1450 4888 libertatem
1481 4824 1624 4891 hausisse
