4525 5950
971 478 1112 526 1161166.
1591 458 1634 526 81

438 644 569 730 placare
592 644 717 720 studet,
741 647 775 708 in
799 643 931 707 11161616
955 649 1125 708 contumax
1150 665 1168 707 a
1191 643 1352 709 militibus
1374 647 1490 730 accipit
1513 667 1638 732 respon-

438 772 534 826 sum,
565 753 600 814 in
630 749 763 813 hibernia
794 748 939 814 militum
969 752 1017 813 ira
1047 752 1235 834 praesertim
1265 753 1299 812 in
1323 748 1380 816 Cu.
1405 750 1580 815 Lentulum
1605 772 1638 815 66

438 860 620 933 convertit,
653 859 707 940 qui
740 864 830 920 metu
862 853 1028 940 perculsus
1059 855 1189 940 aufugit
1329 862 1361 920 61
1390 857 1514 919 hiberna
1544 859 1636 941 66111.

439 963 589 1027 Profecto
607 963 646 1026 ad
665 963 778 1026 incitas
800 982 857 1026 nos
877 960 1008 1025 doctum
1026 959 1109 1025 illud
1129 959 1250 1025 Sirkeri
1271 960 1390 1047 redigit
1407 971 1636 1026 commentum.

440 1069 555 1153 Neque
579 1075 685 1132 tamen
709 1066 798 1131 nulla
822 1073 870 1132 est
894 1069 1110 1142 coniecturae,
1131 1086 1227 1150 quam
1247 1066 1384 1151 protulit
1403 1066 1477 1143 1116,
1497 1066 1635 1131 utilitas:

443 1177 624 1238 accuratius
655 1175 743 1238 enim
774 1170 877 1236 Taciti
908 1173 1006 1236 verba
1030 1172 1223 1257 perpendere
1247 1174 1334 1257 cogit
1356 1170 1430 1249 illa,
1455 1173 1539 1257 quod
1563 1193 1635 1236 cum

441 1279 598 1354 iacimus,
627 1278 679 1341 116
703 1277 834 1342 demum
858 1277 946 1341 locus
970 1297 1025 1340 nos
1049 1297 1116 1342 rem
1143 1276 1301 1362 quandam
1325 1277 1432 1341 edocet
1454 1284 1485 1343 et
1509 1284 1635 1342 tantum

440 1405 504 1448 non
537 1392 609 1448 6616
640 1382 747 1448 666166
779 1385 886 1466 66611,
920 1404 1017 1467 quam
1042 1383 1120 1447 bene
1145 1387 1251 1447 166616
1275 1383 1427 1447 16161666
1451 1387 1575 1468 quoties
1598 1382 1636 1447 de

438 1489 626 1576 legionibus
648 1488 799 1553 Romanis
822 1489 914 1553 nobis
938 1495 1085 1552 narratur
1106 1488 1238 1573 aliquid.
1259 1489 1386 1553 Etenim
1408 1492 1539 1554 territus
1558 1488 1636 1552 Len-

439 1594 533 1659 tulus
569 1601 672 1658 castra
706 1594 839 1658 hiberna
873 1614 936 1657 non
964 1594 1046 1675 petit
1077 1592 1132 1657 sed
1163 1593 1281 1675 repetit.
1311 1593 1398 1678 Ergo
1431 1615 1470 1657 ex
1494 1594 1636 1658 11161616

439 1709 572 1766 venerat
603 1706 635 1764 61
665 1721 741 1764 6661
772 1702 913 1763 maxime
936 1701 970 1762 in
994 1699 1118 1762 66611616
1142 1704 1229 1775 (6616
1254 1702 1384 1763 missam
1409 1702 1474 1764 iam
1499 1700 1634 1764 facimus

437 1805 562 1870 Sirkeri
603 1807 832 1881 coniecturam)
866 1806 896 1867 61
931 1805 1069 1868 exitium
1106 1805 1282 1878 minantur,
1318 1824 1455 1889 saxaque
1490 1807 1523 1868 in
1559 1826 1634 1869 eum

436 1915 562 1977 iaciunt
584 1909 717 1975 milites.
742 1909 902 1995 Refugere
925 1930 1009 1972 nuno
1033 1930 1070 1973 eo
1094 1909 1178 1973 unde
1202 1915 1334 1974 venerat
1353 1915 1485 1974 conatur
1601 1912 1634 1972 in

437 2018 581 2081 hiberna.
603 2015 699 2079 Hisce
720 2016 867 2080 omnibus
888 2015 967 2079 1666
986 2013 1157 2078 intellectis
1170 2013 1269 2078 simul
1282 2014 1372 2078 nobis
1384 2036 1482 2099 quam
1494 2018 1635 2079 maxime

438 2124 475 2187 iit
499 2124 704 2208 perspicuum
728 2124 812 2185 iuter
835 2127 937 2184 castra
960 2121 1091 2184 hiberna
1116 2127 1148 2184 61
1171 2127 1275 2184 castra
1299 2123 1421 2184 aestiva
1440 2142 1521 2204 quae
1539 2124 1634 2184 inter-

437 2228 530 2294 cedat
560 2230 653 2291 ratio.
689 2226 724 2290 In
759 2228 922 2312 provincia
951 2247 1014 2289 non
1047 2228 1145 2289 nimis
1175 2225 1269 2311 longe
1301 2247 1320 2290 a
1351 2225 1467 2289 finibus
1490 2227 1634 2291 hostium

436 2334 584 2419 legiones
615 2334 704 2397 urbis
733 2335 835 2396 instar
867 2332 983 2396 161661
1006 2339 1109 2395 666116
1133 2331 1282 2395 1116166;
1306 2332 1352 2394 111
1376 2352 1486 2395 661616
1510 2337 1559 2396 661
1582 2331 1634 2396 do·

437 2438 619 2515 micilium,
651 2437 806 2522 quamdiu
832 2435 954 2500 bellum
977 2457 1040 2500 non
1064 2445 1129 2514 est,·
1155 2457 1173 2500 6
1196 2438 1354 2500 ministris
1378 2434 1574 2500 militaribus
1597 2457 1634 2500 ea

438 2545 516 2608 urbs
551 2564 677 2628 semper
709 2541 862 2606 incolitur
895 2550 927 2606 et
958 2542 997 2605 ab
1029 2540 1102 2606 aliis
1133 2542 1339 2618 hominibus,
1371 2562 1507 2625 quorum
1539 2562 1634 2627 opere

438 2650 576 2715 officitur
596 2654 633 2713 ut
652 2650 708 2732 qui
727 2670 764 2713 eo
783 2647 914 2712 advenit
935 2647 1100 2712 commode
1119 2650 1153 2712 in
1173 2646 1231 2711 illa
1251 2648 1328 2712 urbe
1348 2647 1464 2731 degere
1478 2647 1633 2733 quamdiu

435 2754 517 2819 libet
537 2757 648 2838 possit.
673 2753 720 2817 Eo
740 2774 816 2838 ergo
837 2751 960 2817 6611166
979 2752 1142 2829 16611666,
1164 2756 1219 2838 661
1240 2774 1279 2844 ex
1299 2754 1377 2817 urbe
1397 2753 1435 2817 ad
1455 2757 1633 2818 exercitum

436 2854 626 2935 mittuntur,
659 2868 695 2922 ut
724 2857 869 2922 militum
894 2860 1019 2922 animos
1043 2865 1234 2943 cognoscant
1257 2857 1369 2922 aliisve
1393 2858 1431 2922 de
1455 2862 1575 2935 causis,
1600 2881 1633 2924 ee

437 2972 647 3043 convertunt,
668 2964 713 3029 ibi
733 2963 950 3029 deversentur.
972 2964 1015 3027 At
1034 2986 1108 3028 oum
1130 2963 1252 3029 milites
1265 2963 1304 3028 ad
1316 2964 1549 3049 expeditionem
1563 2988 1633 3050 pro·

436 3074 634 3148 ficiscuntur,
662 3091 759 3156 prope
790 3070 934 3145 hostem,
962 3070 1053 3134 modo
1076 3070 1129 3134 hio
1154 3069 1249 3134 modo
1272 3068 1357 3146 illic,
1382 3078 1485 3134 666116
1508 3077 1632 3155 666661

435 3182 578 3254 6661116,
602 3198 682 3262 quae
705 3179 978 3261 appropinquante
999 3175 1104 3239 116166
1125 3175 1299 3252 161166161;
1322 3176 1421 3260 legati
1437 3197 1513 3261 ergo
1531 3176 1632 3241 Roma

434 3287 544 3359 missi,
580 3304 654 3347 cum
689 3282 932 3366 expeditionum
968 3286 1111 3364 16166616
1148 3280 1256 3344 videre
1291 3288 1323 3345 61
1358 3280 1478 3365 alloqui
1510 3281 1631 3346 milites

433 3389 570 3464 volunt,
601 3409 639 3452 ex
671 3388 829 3463 hibernis,
861 3388 917 3451 ubi
941 3386 1160 3462 deversentur,
1185 3406 1218 3449 66
1241 3387 1409 3450 conferunt
1431 3390 1463 3449 in
1489 3390 1629 3465 aestiva,

433 3496 489 3561 sed
510 3494 613 3559 officio
633 3515 691 3557 suo
711 3494 813 3557 functi
832 3495 945 3556 statim
965 3513 1060 3555 suum
1082 3492 1158 3568 6111,
1179 3492 1262 3575 quod
1283 3495 1316 3554 in
1337 3492 1478 3556 hibernis
1497 3494 1629 3569 161661,

434 3600 635 3666 deversorium
659 3606 811 3681 repetant:
842 3597 928 3661 idem
952 3599 1050 3661 miser
1073 3596 1129 3660 ille
1153 3596 1210 3662 On.
1235 3596 1392 3660 lentulus
1416 3598 1516 3662 facere
1538 3618 1629 3662 oona·
1710 3588 1712 3592 ¹

434 3715 499 3780 tur,
525 3707 587 3770 heu
611 3702 698 3769 sero!

478 3813 551 3877 Non
583 3819 650 3875 tam
681 3809 773 3874 facile
803 3831 855 3873 me
887 3808 1019 3895 expedio
1052 3830 1090 3873 ex
1121 3808 1322 3884 difficultate,
1357 3830 1454 3893 quam
1486 3810 1628 3874 eiusdem

431 3917 509 3982 libri
533 3938 560 3981 6.
586 3915 629 3981 38
647 3916 793 4000 praebet,
815 3922 872 3979 aut
891 3917 919 3979 si
939 3936 991 3978 616
1011 3914 1084 3979 inde
1104 3913 1253 3998 expedio,
1274 3913 1421 3978 Γ16611616
1435 3918 1628 3999 gravissimo

431 4024 567 4087 crimine
598 4021 748 4085 involvo:
777 4019 995 4085 incredibilem
1022 4022 1107 4083 enim
1132 4021 1171 4083 ab
1194 4040 1230 4084 eo
1255 4021 1462 4083 commissum
1488 4041 1627 4085 errorem

432 4148 554 4213 arguo,
589 4148 650 4212 quo
682 4129 764 4190 situs
793 4135 825 4191 et
850 4124 960 4211 populi
986 4123 1179 4190 Germaniae
1203 4128 1323 4188 mirum
1348 4128 1379 4187 in
1405 4124 1535 4189 modum
1561 4148 1628 4210 per-

431 4234 613 4297 turbentur.
638 4230 674 4295 ln
702 4232 828 4294 0166616
850 4230 1010 4295 vexillarii
1031 4230 1225 4295 discordium
1245 4230 1410 4315 legionum
1432 4230 1627 4314 praesidium

429 4342 574 4424 agitant;
607 4358 685 4422 quos
715 4344 760 4412 (et
797 4339 901 4420 ipsos,
934 4344 971 4399 ut
1004 4339 1124 4420 opinor,
1158 4336 1407 4408 tumultuantes)
1432 4337 1478 4399 Μ’
1502 4336 1626 4401 Ennius

426 4445 607 4530 praefectus
639 4442 797 4529 supplicio
821 4443 959 4507 duorum
985 4442 1130 4507 militum
1156 4445 1303 4528 reprimit
1330 4480 1370 4490 -
1396 4442 1449 4508 sed
1474 4445 1507 4506 in
1531 4443 1625 4511 breve

430 4550 657 4616 tautummodo
681 4556 825 4635 tempus,
849 4570 922 4613 nam
947 4570 1040 4614 mox:
