4525 5950
1045 711 1213 762 numerus.
1680 692 1724 757 49

530 876 630 947 ἄλλος
654 898 747 963 saepe
770 876 986 943 confunditur.
1011 877 1090 942 Rem
1115 881 1204 942 extra
1227 875 1363 940 dubium
1386 877 1477 960 ponit
1496 874 1581 939 lovis
1600 895 1727 960 respon·

531 1004 622 1049 sum:
647 984 722 1047 ἀλλ’
746 982 816 1047 οὔτε
840 980 1042 1060 ἄνθρωπον
1066 982 1156 1064 ὁρᾷς,
1181 978 1202 1046 ὦ
1227 981 1390 1062 μειράκιον,
1415 981 1486 1046 οὔτε
1510 981 1622 1045 οἰστόν.

580 1163 739 1251 Cyclopas
770 1163 840 1230 lovi
871 1163 1007 1228 fulmina
1036 1164 1184 1228 fabricari
1214 1165 1279 1227 iam
1310 1162 1384 1227 inde
1407 1163 1446 1227 ab
1471 1162 1611 1228 Hesiodo
1635 1162 1728 1248 vulgi

531 1279 602 1335 erat
621 1272 744 1355 opinio;
766 1290 823 1334 nee
844 1269 992 1334 dissentit
1012 1269 1189 1344 Lucienus,
1210 1271 1302 1332 euius
1322 1272 1368 1333 rei
1388 1268 1461 1333 vide
1478 1269 1728 1333 disertissimum

532 1378 757 1440 testimonium
788 1377 823 1439 in
854 1373 1000 1439 Timonis
1031 1374 1066 1440 0.
1094 1373 1153 1438 19:
1186 1376 1223 1437 σὺ
1249 1374 1298 1450 δὲ,
1324 1370 1344 1436 ὦ
1371 1375 1487 1450 Ἑρμῆ,
1512 1375 1650 1447 μέμνησο
1675 1376 1728 1438 ἒπ-

533 1483 622 1544 avebo
653 1484 726 1556 πρὸς
758 1481 842 1553 ἡμᾶς
875 1480 966 1557 ἄγειν
999 1480 1066 1545 τοὺς
1104 1481 1279 1550 Κύκλωπος
1312 1481 1345 1541 ἐκ
1369 1486 1422 1548 τῆς
1450 1479 1578 1558 Afrum,
1603 1478 1651 1543 ἵνα
1677 1480 1729 1545 τὸν

534 1587 677 1661 κεραυνὸν
712 1587 917 1658 ἀκονήσαντες
953 1586 1204 1649 ἐπισκευάσωσιν.
1242 1583 1354 1670 Itaque
1389 1606 1582 1671 magnopere
1616 1589 1728 1664 miror,

497 1769 499 1773 ι
534 1691 620 1776 quod
655 1711 740 1755 uunc
775 1688 913 1756 eundem
946 1690 1057 1756 Iovem
1091 1693 1138 1755 ite
1168 1690 1244 1755 lacit
1274 1689 1474 1776 loquentem:
1508 1692 1581 1762 Διὸς
1612 1693 1642 1756 tr
1675 1693 1729 1757 οὐκ

533 1798 670 1872 ἤκουσας
701 1793 795 1868 ὄνομα
828 1801 881 1859 τοῦ
914 1794 1014 1865 ὕοντος
1047 1797 1098 1860 nal
1123 1796 1306 1871 βροντῶντος
1331 1796 1383 1859 uel
1408 1798 1626 1871 οὶστροιποὶς
1650 1821 1730 1862 ποι-

532 1907 694 1980 οῦντος;
715 1900 924 1966 Scribendum
946 1904 1114 1967 existimo:
1135 1902 1355 1978 τροιέντος.
1376 1900 1445 1981 Quo
1457 1902 1554 1968 verbo
1567 1923 1602 1967 eo
1616 1924 1729 1980 sensu,

533 2011 591 2093 qui
621 2008 705 2092 apud
739 2007 920 2073 Homerum
944 2014 993 2073 est
1016 2008 1246 2093 pervulgatus,
1271 2009 1426 2071 emittendi
1449 2007 1571 2073 scilicet
1594 2015 1627 2073 et
1650 2011 1730 2072 icca-

533 2114 634 2190 ίιινιῶὶ,
654 2135 712 2178 suo
734 2116 805 2179 iure
828 2112 989 2179 Lucienus
1013 2117 1061 2177 nti
1084 2117 1200 2199 potuit.
1225 2112 1327 2192 Quam
1350 2112 1455 2177 multa
1479 2117 1562 2178 enim
1589 2113 1730 2179 Homero

532 2219 696 2305 sublegit,
722 2240 803 2305 quae
826 2219 910 2304 apud
932 2219 1011 2285 alios
1034 2219 1158 2285 solutae
1182 2222 1335 2285 orationis
1358 2223 1527 2305 scriptores
1546 2227 1603 2285 aut
1625 2220 1729 2285 multo

533 2330 640 2391 rarius
663 2329 875 2391 inveniuntur
897 2332 955 2390 aut
978 2330 1107 2391 omnino
1132 2324 1263 2390 desunt!
1290 2326 1423 2390 Prorsus
1447 2326 1557 2391 eodem
1581 2326 1676 2391 modo
1696 2329 1730 2390 in

535 2432 685 2497 Timonis
715 2430 751 2498 O.
777 2430 796 2496 3
830 2433 925 2497 verbo
958 2432 1229 2512 προσκοντίζοι
1262 2453 1340 2498 usus
1363 2439 1428 2509 est,
1453 2432 1538 2517 quod
1562 2431 1639 2497 alibi
1662 2431 1729 2518 legi

534 2560 600 2603 non
625 2537 771 2602 videtur:
795 2542 812 2612 ἠ
836 2540 1026 2616 donperre
1051 2541 1181 2618 σννεχὲς
1206 2536 1305 2616 ὥσπερ
1328 2540 1372 2609 εἷς
1397 2537 1623 2616 ἀκροβολισμὸν
1647 2562 1731 2614 προ·

534 2644 677 2717 nxcvrl
686 2640 788 2721 ζετο.

579 2824 660 2890 Ibid.
692 2823 728 2891 0.
754 2824 775 2888 4
808 2822 992 2910 Ganymedi
1024 2827 1168 2911 roganti:
1201 2826 1251 2888 An
1282 2825 1342 2888 tibi
1373 2822 1545 2888 iucundius
1569 2845 1643 2889 cum
1667 2825 1729 2890 alio

535 2926 700 2998 dormire?
731 2930 798 3007 νοιί,
830 2929 915 3005 μετά
947 2955 986 3005 γε
1019 2933 1154 2995 τοιούτου
1178 2930 1348 3016 respondet
1372 2928 1517 3016 Iuppiter
1539 2924 1595 3002 οἷον
1620 2926 1651 2996 εἶ
1671 2932 1728 3009 ον’,

535 3036 734 3112 Γανύμηδες,
766 3034 866 3100 οὕτω
897 3036 999 3100 κολδ
1010 3060 1034 3108 ς.
1067 3036 1128 3103 Cui
1151 3036 1206 3101 ille
1229 3056 1356 3101 rursus:
1381 3040 1413 3100 τ1
1436 3036 1498 3111 γάρ
1523 3060 1557 3100 σε
1582 3038 1653 3111 πρὸς
1678 3039 1729 3102 τὸν

535 3141 628 3208 ὕπνον
653 3142 749 3214 ὀνήσει
775 3141 810 3204 τὸ
835 3143 968 3218 κάλλος
993 3140 1094 3206 Multi
1118 3143 1215 3207 verba
1238 3141 1335 3206 οὕτω
1360 3146 1484 3211 sande
1508 3149 1546 3207 ut
1568 3142 1730 3228 glossema

533 3254 728 3333 expungunt
737 3268 745 3324 ;
778 3268 856 3332 quos
888 3251 1077 3332 neutiquam
1103 3269 1226 3332 sequor.
1251 3247 1334 3326 Quid
1357 3245 1463 3312 enimi
1487 3247 1546 3310 Est
1570 3246 1730 3334 Ganyme

532 3355 609 3430 des,
642 3351 747 3438 qualis
777 3373 795 3417 a
826 3352 967 3417 Lucieno
997 3354 1200 3429 informatur,
1226 3374 1305 3436 puer
1328 3351 1483 3437 simplex,
1509 3354 1728 3431 subrusticus,

532 3460 641 3527 omnis
672 3457 749 3523 meli
772 3461 921 3543 ignarus,
947 3458 1121 3524 modestiae
1142 3466 1177 3523 et
1199 3461 1397 3523 innocentiae
1421 3466 1452 3523 et
1476 3461 1637 3543 pastoricii
1661 3480 1730 3524 can·

533 3566 622 3631 doris
645 3562 769 3648 plenus.
793 3561 904 3648 Ipsum
927 3562 1038 3628 Iovem
1062 3567 1107 3628 sic
1130 3564 1244 3641 afficit,
1270 3569 1306 3628 ut
1326 3563 1533 3628 mirabundus
1553 3563 1728 3628 exclamet:

531 3673 574 3741 ὥς
598 3670 723 3746 ἄφελκε
749 3668 763 3730 ὃ
788 3676 862 3737 ucis
889 3668 954 3731 ἐστι
980 3670 1030 3731 recl
1057 3670 1206 3739 ἁπλοϊκὸς
1231 3669 1282 3731 καὶ
1308 3670 1384 3731 οὐτὸ
1409 3670 1443 3739 δὴ
1465 3672 1554 3731 τοῦτο
1575 3677 1649 3736 τοῖς
1668 3666 1728 3732 ἕτιῙ

532 3773 671 3841 Gaditne
701 3776 735 3836 in
766 3772 923 3838 eiusmodi
954 3773 1095 3839 indolem
1124 3781 1221 3858 atque
1244 3795 1367 3850 mores,
1392 3774 1493 3837 sicubi
1517 3772 1601 3836 'talis
1626 3773 1729 3857 qualis

531 3882 581 3945 tu’
618 3880 679 3943 sibi
716 3879 778 3943 dici
814 3878 937 3956 audiat,
978 3885 1145 3963 tamquam
1180 3900 1339 3964 pavonem
1374 3878 1543 3943 laudatum
1579 3882 1729 3944 continuo

531 3983 671 4051 caudam
702 3982 860 4068 explicare
891 3990 924 4048 et
955 3984 1205 4067 pulchritudinis
1235 3986 1339 4070 gloria
1370 3981 1519 4047 titillari?
1552 3982 1672 4048 Vanam
1697 3993 1729 4048 et

530 4088 679 4175 placendi
698 4088 875 4153 studiosam
896 4088 1038 4173 puellam
1059 4089 1118 4153 hoc
1138 4089 1261 4166 deceat;
1285 4087 1487 4174 Ganymedes
1507 4110 1539 4153 se
1552 4090 1730 4154 formosum

530 4215 602 4259 esse
626 4214 664 4258 ne
688 4195 842 4277 suspicari
866 4192 996 4277 quidem
1020 4199 1142 4279 potest;
1168 4194 1335 4258 robustum
1363 4214 1396 4257 se
1420 4214 1486 4258 esse
1510 4196 1601 4257 novit
1625 4200 1656 4258 et
1684 4197 1729 4257 in·

530 4298 696 4363 dustrium
728 4306 760 4362 et
791 4298 951 4381 sobrium3
984 4301 1011 4361 si
1041 4297 1170 4362 laudem
1194 4302 1327 4374 meruit,
1353 4304 1484 4383 propter
1506 4299 1584 4362 haec
1608 4321 1640 4362 se
1664 4320 1730 4364 me-

529 4406 635 4468 ruisse
665 4403 814 4467 arbitrari
846 4403 949 4468 debet.
983 4403 1184 4487 Responsum
1216 4406 1284 4467 eins
1316 4411 1400 4468 stare
1424 4425 1485 4467 non
1511 4407 1643 4489 poterit,
1669 4407 1731 4468 nisi

530 4510 630 4574 verbe
654 4507 730 4572 οὕτω
756 4508 850 4579 sceda
875 4510 1057 4573 retinueris.

577 4688 658 4754 lbid.
684 4688 737 4754 20.
753 4688 805 4755 16.
832 4727 874 4738 -
900 4690 992 4755 Paris
1017 4691 1055 4756 ad
1080 4690 1252 4756 Venerem:
1277 4694 1453 4756 eiecerint
1480 4692 1595 4756 τούτοις
1622 4691 1727 4766 διδωμι

530 4798 566 4860 τὸ
603 4804 711 4873 μῆλον,
750 4795 798 4858 ἐπὶ
830 4797 948 4866 τούτοις
983 4798 1144 4873 λάμβανε.
1177 4796 1264 4862 llaec
1295 4802 1342 4862 ita
1373 4797 1499 4864 refinxit
1530 4797 1670 4865 Cobetus
1693 4811 1730 4863 ut

1567 4920 1583 4965 4
