4525 5950
538 677 604 744 382
1047 695 1189 744 rscrrus.

582 862 620 925 A.
645 860 669 937 Ι,
696 859 749 925 82.
783 860 829 925 De
860 860 1136 927 tumultuantibus
1166 865 1199 926 in
1232 832 1406 928 Germarlia
1426 861 1589 928 militibus
1611 870 1645 928 et
1667 863 1727 929 alia

536 973 705 1032 narrantur
729 974 760 1032 et
784 967 877 1032 haec:

581 1073 746 1159 „Repente
769 1072 931 1159 lymphati
956 1073 1114 1139 destrictis
1138 1073 1255 1161 gladiis
1278 1077 1311 1138 in
1333 1077 1533 1140 centuriones
1551 1076 1726 1141 invadunt:

534 1202 571 1245 ea
588 1182 808 1245 vetustissima
827 1179 1023 1246 militaribus
1043 1181 1123 1247 odiis
1136 1184 1286 1246 materies
1299 1188 1331 1245 et
1345 1181 1505 1246 saeviendi
1519 1184 1727 1268 principium.

534 1287 713 1352 Prostratos
737 1286 922 1351 verberibus
946 1286 1106 1365 mulcant,
1132 1290 1283 1374 sexageni
1307 1286 1469 1373 singulos,
1493 1295 1532 1352 ut
1553 1309 1727 1354 numerum

533 1395 758 1458 centurionum
781 1392 1025 1477 adaequarent.’'

581 1499 629 1562 Ad
660 1499 755 1562 verba
788 1506 846 1575 „ut
869 1520 1040 1564 numerum
1064 1502 1288 1566 centurionum
1313 1498 1548 1584 adaequarent’'
1572 1501 1653 1566 baec
1676 1522 1728 1565 an·

534 1611 623 1668 notat
647 1603 874 1690 Nipperdeius:

582 1709 661 1786 „Dis
693 1708 843 1774 Soldaten
876 1710 1077 1788 batrachten,
1109 1732 1174 1775 was
1197 1711 1257 1777 den
1280 1709 1442 1777 einzelnen
1465 1733 1529 1776 ron
1551 1712 1653 1777 ihnen
1675 1733 1728 1798 ge

532 1815 647 1893 schah,
680 1818 740 1880 wie
772 1815 845 1880 dem
876 1815 1000 1901 Kdrper
1022 1838 1061 1881 an
1087 1820 1192 1881 ciuem
1216 1815 1321 1893 Teile,
1346 1838 1380 1881 so
1405 1815 1489 1881 allen
1512 1820 1727 1904 iusgesammt

533 1922 722 2008 gescbehen.
755 1922 824 1986 Wie
855 1921 921 1986 also
952 1921 995 1987 60
1026 1921 1240 1989 Centuriouen
1272 1921 1322 1987 die
1344 1921 1467 2008 Legion
1491 1921 1669 2008 schlugen,
1693 1945 1726 1989 so

534 2029 614 2093 wird
633 2032 714 2114 jetzt
729 2028 819 2112 jeder
839 2025 989 2096 Centurio
1008 2052 1070 2095 von
1093 2028 1136 2094 60
1157 2029 1309 2094 Soldaten
1327 2027 1532 2116 gescblagen,
1557 2052 1616 2095 um
1631 2031 1725 2115 J'eden

536 2134 678 2200 desselbe
701 2134 811 2200 fiiblen
835 2157 873 2199 zu
896 2135 1016 2214 lassen,
1041 2157 1105 2201 was
1127 2136 1235 2201 bisher
1256 2135 1307 2200 die
1329 2135 1451 2222 Legion
1474 2135 1605 2222 getiihlt
1626 2137 1705 2202 hat”

580 2262 733 2326 eumque,
766 2244 915 2326 quamvis
945 2242 1139 2319 dubitanter,
1171 2244 1317 2326 sequitur
1348 2248 1456 2307 tamen
1479 2241 1665 2309 Fumcaux.
1687 2245 1730 2308 At

537 2348 619 2412 mihi
651 2349 708 2412 hac
739 2350 943 2413 annotatione
974 2370 1035 2413 non
1067 2348 1198 2413 Tacitus
1228 2347 1282 2413 sed
1310 2349 1573 2413 obscurissimum
1598 2349 1730 2435 aliquod

539 2453 706 2519 oraculum
725 2453 883 2519 illustrari
901 2455 1038 2521 videtur.
1063 2455 1230 2520 Praeterea
1248 2476 1345 2539 quam
1365 2453 1535 2520 absurdam
1555 2477 1626 2521 rem
1639 2457 1730 2522 nobis

535 2559 593 2624 illa
623 2562 774 2645 proponit
804 2567 877 2624 ante
901 2559 1026 2625 oculos:
1051 2561 1172 2626 milites
1196 2561 1233 2625 ds
1256 2561 1415 2625 industria
1436 2564 1469 2625 in
1494 2583 1729 2648 sexagenorum

536 2666 732 2732 discedentes
761 2665 890 2753 globos,
914 2669 1020 2732 itaut
1043 2667 1166 2755 singuli
1190 2666 1280 2754 globi
1303 2688 1405 2731 uuum
1430 2668 1598 2733 verberent
1623 2678 1730 2736 centu·

534 2775 665 2838 rionsm.
698 2772 844 2837 Profecto
876 2779 924 2838 est
954 2774 1038 2859 quod
1067 2796 1124 2839 nos
1154 2776 1377 2839 centurionum
1401 2773 1533 2838 illorum
1556 2778 1727 2856 misereat,

533 2882 589 2964 qui
623 2901 684 2945 uon
719 2878 824 2944 solum
860 2878 938 2944 diris
973 2881 1168 2945 cruciatibus
1203 2879 1399 2944 dilaniantur
1432 2886 1465 2945 et
1496 2887 1628 2947 tantum
1665 2905 1729 2948 nou

533 3007 642 3051 omnes
677 2986 717 3051 ad
751 2993 889 3051 mortem
925 2988 1098 3074 adigantur
1112 2986 1147 3065 ¹),
1184 2987 1238 3052 sed
1273 3008 1313 3051 ne
1348 2987 1408 3053 hoc
1442 2987 1572 3073 quidem
1609 2994 1726 3056 mortis

533 3093 667 3158 habeant
691 3092 842 3157 solatium
866 3093 949 3177 quod
974 3093 1233 3178 „metaphorice”
1254 3114 1286 3157 se
1307 3092 1457 3179 vapulare
1476 3098 1626 3161 sentiant.
1658 3097 1727 3163 Hoc

533 3206 639 3264 tamen
664 3220 760 3285 quam
784 3199 952 3266 artificiose
975 3203 1196 3286 excogitarent
1218 3198 1357 3264 milites!
1388 3199 1500 3286 Neque
1524 3222 1543 3266 a
1567 3208 1728 3270 centurio

531 3307 626 3370 nibus
653 3305 855 3371 intellectum
879 3328 989 3371 eorum
1012 3306 1182 3372 consilium
1208 3312 1348 3383 constat,
1372 3308 1432 3371 uisi
1457 3307 1539 3372 forte
1563 3313 1728 3375 sumimus

532 3413 653 3478 milites
676 3416 759 3502 inter
782 3413 1013 3479 verberandum
1037 3413 1121 3478 clara
1144 3434 1221 3477 voce
1241 3413 1367 3479 doctam
1388 3434 1481 3479 suam
1500 3416 1727 3500 metaphoram

531 3523 765 3604 interpretatos.
802 3522 845 3584 At
876 3542 955 3606 quae
987 3520 1200 3605 Nipperdeius
1230 3525 1378 3596 annotat,
1410 3540 1447 3586 ea
1476 3520 1590 3586 Latine
1623 3545 1726 3609 neque

534 3628 700 3690 enuntiata
721 3626 850 3690 fuerunt
873 3648 1029 3712 umquam
1051 3647 1154 3711 neque
1178 3628 1339 3691 enuntiari
1370 3631 1513 3712 possunt.
1545 3626 1607 3693 Sed
1640 3632 1726 3695 iocos

534 3730 723 3796 mittamus!
748 3732 833 3797 Mihi
856 3732 991 3798 dubium
1015 3755 1077 3798 uon
1101 3740 1150 3798 est
1174 3735 1247 3818 quin
1274 3733 1333 3797 hoc
1365 3736 1543 3798 narraverit
1573 3734 1724 3801 Tacitus:

533 3838 677 3925 singulas
702 3843 861 3904 centurias
884 3842 918 3903 in
942 3861 1037 3904 suum
1057 3841 1119 3904 sibi
1140 3838 1299 3905 involasse
1319 3841 1546 3904 centurionem.
1571 3840 1644 3906 Hoc
1663 3846 1725 3929 ipsi

533 3945 806 4009 tumultuantium
826 3945 971 4010 militum
989 3953 1121 4010 naturae
1141 3953 1385 4011 consentaneum
1407 3953 1472 4024 est,
1496 3946 1534 4011 ad
1555 3947 1639 4014 hanc
1657 3972 1724 4014 rem

533 4073 596 4116 uno
629 4072 708 4136 opus
737 4058 786 4115 est
815 4054 958 4136 impetu,
992 4074 1053 4116 nou
1078 4051 1312 4137 Nipperdeiana
1334 4049 1390 4116 illa
1414 4052 1619 4137 metaphora,
1646 4077 1726 4140 quae

532 4162 565 4222 in
586 4165 728 4222 mentem
748 4160 856 4222 venire
876 4161 997 4222 nemini
1016 4164 1121 4243 potest
1141 4161 1202 4221 nisi
1222 4164 1295 4244 post
1307 4156 1437 4244 longam
1450 4157 1726 4226 deliberationem.

531 4265 565 4329 Si
586 4270 694 4329 autem
715 4264 851 4329 dicimus
870 4286 888 4329 a
907 4268 972 4330 suis
992 4267 1146 4329 centuriis
1167 4264 1312 4350 singulos
1331 4286 1399 4329 esse
1423 4263 1593 4331 dilaniatos
1619 4277 1727 4333 centu·

532 4374 654 4448 rienes,
680 4393 698 4435 a
722 4374 888 4457 sexagenis
912 4372 976 4436 fere
1000 4374 1032 4435 in
1057 4370 1203 4458 singulos
1233 4373 1434 4436 centuriones
1466 4374 1626 4437 saevitum
1661 4397 1727 4441 esse

532 4586 614 4634 Tacito
632 4601 678 4634 uon
698 4586 753 4633 licea
771 4585 871 4634 eundem
888 4585 956 4634 deum
974 4588 998 4633 et
1017 4600 1066 4633 csse
1084 4588 1108 4632 ct
1125 4601 1173 4634 nou
1190 4600 1238 4634 csse
1257 4585 1394 4649 Serapidem
1412 4584 1506 4644 dicere,
1525 4586 1587 4649 qnod
1602 4589 1687 4637 tamen
1701 4591 1729 4638 fit

531 4667 556 4715 in
576 4668 673 4731 vulgata
691 4667 800 4716 lectione.

567 4752 593 4811 1)
610 4752 646 4798 Ad
665 4754 766 4798 mortun
784 4751 878 4798 adactos
897 4765 945 4802 crae
963 4749 1089 4813 plerosque
1107 4749 1272 4814 centuriones,
1291 4749 1335 4804 boc
1351 4753 1416 4799 certo
1432 4766 1446 4801 a
1464 4749 1547 4805 'lbcito
1565 4750 1603 4801 bic
1622 4754 1728 4808 namri,

534 4850 576 4884 suo
594 4834 645 4882 loco
663 4834 881 4888 demonstravimus,
