4525 5950
534 666 600 733 448
1007 683 1247 734 ornosrururs.

537 853 668 916 nomine
698 849 873 916 identidem
902 853 1064 937 ingerere,
1087 871 1247 935 nusquam
1271 849 1467 916 luculentius
1489 853 1609 937 poterit
1630 871 1725 936 apps-

532 978 602 1022 rere
634 977 730 1041 quam
761 978 808 1041 pr.
840 956 972 1022 Phorm.
1003 956 1083 1042 §42
1114 979 1145 1042 p.
1172 955 1236 1022 957
1268 960 1324 1042 qui
1353 956 1460 1035 loeus,
1490 958 1553 1022 nisi
1575 960 1724 1022 animum

533 1062 693 1141 attendes,
727 1067 822 1128 etism
857 1064 1011 1129 obscurus
1039 1071 1104 1129 est:
1137 1060 1222 1141 οἶμαι
1247 1065 1350 1138 μέντοι
1375 1063 1431 1128 κᾶν
1456 1066 1481 1128 εἰ
1505 1063 1600 1128 πάντ’
1621 1065 1723 1135 άλκθῆ

534 1172 620 1246 slyer
645 1208 687 1217 —
711 1169 988 1255 Apollodorus-
1014 1171 1141 1234 κάλλιον
1171 1166 1248 1235 εἶναι
1278 1171 1329 1234 καί
1360 1170 1542 1247 δικαιότερον
1567 1168 1654 1234 τάνδε
1681 1206 1723 1217 -

532 1277 763 1342 Phormionem
794 1313 836 1326 —·
868 1277 930 1340 ατί
967 1283 1024 1341 τῶν
1060 1278 1153 1342 αὑτοῦ
1185 1285 1363 1357 λῃτουργεῖν
1396 1277 1467 1352 ὑμῖν
1498 1278 1514 1354 ἢ
1547 1278 1645 1354 τούτῳ
1682 1313 1724 1326 -

532 1382 725 1469 Apollodoro
757 1420 799 1432 -
831 1383 940 1456 δόντας
970 1384 1011 1448 τά
1043 1384 1130 1448 τοῦδε
1164 1422 1206 1432 -
1237 1384 1440 1450 Phormionis
1468 1421 1510 1433 -
1535 1384 1631 1462 μικρά
1666 1386 1724 1448 τῶν

531 1486 654 1556 πάντων
686 1489 799 1562 αὐτοὺς
830 1491 1073 1571 μετασχόντας,
1105 1490 1189 1554 τάνδε
1222 1491 1278 1567 μὲν
1303 1529 1346 1540 -
1371 1490 1600 1555 Phormionem
1624 1528 1671 1538 —
1696 1491 1726 1553 ἐν

533 1604 605 1668 ταῖς
625 1595 782 1676 ἐσχάταις
806 1597 933 1668 ἐνδείαις
957 1596 1038 1674 θρῖον,
1063 1601 1169 1661 τοῦτον
1193 1596 1223 1661 δέ
1251 1633 1289 1644 -
1316 1595 1547 1681 Apollodorum
1571 1634 1614 1644 —
1643 1595 1728 1673 ὑβρί-

533 1704 623 1786 ζοντα
655 1704 706 1768 καί
740 1704 783 1774 είς
814 1699 893 1782 άπερ
924 1703 1021 1767 είοιθεν
1052 1704 1272 1767 άναλίσκοντα.
1304 1702 1385 1766 'Pam
1416 1723 1530 1787 parom
1554 1705 1727 1788 perspicuo

530 1812 608 1876 haec
638 1811 783 1896 pericope
813 1816 878 1885 est.
911 1816 948 1874 ut
980 1807 1019 1875 G.
1043 1808 1087 1874 H.
1120 1808 1290 1875 Schtierus
1320 1829 1353 1875 se
1383 1808 1456 1874 inde
1487 1808 1636 1894 expedire
1662 1830 1725 1874 non

531 1918 672 2004 potuerit
678 1937 687 1995 ;
708 1918 817 2000 itaque
836 1920 966 2000 apparet
986 1915 1063 2000 quid
1083 1915 1120 1980 de
1140 1914 1312 1980 inutilibus
1330 1917 1532 2001 propriorum
1551 1917 1726 1979 nominum

530 2022 776 2108 repetitionibus
806 2020 1011 2087 iudicandum
1044 2023 1103 2099 sit,
1136 2023 1261 2087 etismsi
1293 2020 1429 2108 siugulis
1453 2019 1531 2086 locis
1554 2040 1652 2107 saepe
1675 2042 1727 2086 nn·

533 2150 606 2214 oeps
629 2128 786 2193 iudicium
810 2130 862 2193 sit.

577 2363 595 2446 ᾖ
616 2360 660 2427 44
683 2383 714 2448 p.
740 2357 824 2427 827:
857 2362 946 2435 δῆλον
969 2360 1064 2425 τοίνυν
1089 2361 1151 2428 ἐςίν
1175 2360 1256 2425 οὐδὲν
1282 2357 1427 2436 ἧττοντί
1451 2363 1567 2435 πλῆθος
1590 2364 1653 2426 τῶν
1676 2387 1728 2427 αα-

533 2469 770 2547 ταλειφθέντιον,
806 2468 915 2546 καίπερ
952 2466 1164 2548 ἀφανιζόντων
1195 2469 1308 2532 τούτων
1339 2469 1394 2543 τὴν
1428 2469 1532 2534 οὐσίαν
1563 2471 1621 2551 [ἐκ
1653 2477 1727 2535 τῶν

535 2573 762 2658 διαθηκῶν],
797 2572 831 2650 ἐξ
865 2569 903 2639 ὧν
937 2579 1076 2639 τοσαῦτα
1112 2577 1255 2655 ,χρήματ’
1291 2575 1440 2648 άλλιίλοις
1474 2575 1556 2654 osci
1593 2576 1726 2651 δοθῆναι.

537 2680 675 2747 Moleste
706 2683 895 2767 interposito
927 2689 1002 2747 sunt
1032 2680 1089 2747 ills
1121 2683 1162 2745 ἐκ
1186 2689 1258 2746 τῶν
1283 2682 1497 2759 διαθηκῶν,
1521 2684 1643 2767 quibus
1666 2683 1727 2749 loci

532 2790 689 2853 sententia
712 2788 907 2853 obscuratur.

579 3027 597 3110 ᾖ
617 3021 660 3089 47
694 3047 724 3110 p.
750 3023 834 3090 828:
866 3026 921 3098 τίρν
943 3024 999 3100 μὲν
1023 3032 1135 3102 προῖκα
1158 3024 1272 3100 λαβεῖν
1295 3024 1535 3101 ὁμολογήσαντα
1560 3024 1613 3088 καί
1640 3024 1723 3107 ἐχειν

534 3130 628 3195 αὐτὸν
641 3131 714 3210 πρὸς
726 3132 797 3202 τοὺς
810 3130 988 3210 ἐπιτρόπους
1010 3129 1346 3209 (συνεπιτρόπους
1368 3128 1459 3208 Rsk.)
1472 3130 1722 3211 άπορράψαντα,

533 3241 617 3321 (τίον
642 3238 680 3303 δέ
704 3237 862 3316 μκτέρα
887 3238 926 3300 οὐ
951 3236 1171 3316 νείμαντα).
1197 3234 1367 3321 Supplevit
1390 3234 1551 3301 Reiskius.

578 3491 595 3573 ξ
617 3486 660 3551 50
680 3510 711 3574 p.
732 3486 815 3553 829:
841 3487 994 3563 internicie
1014 3486 1138 3563 τθτερον
1163 3482 1283 3556 οὕτως
1309 3484 1530 3563 ἐπιτροπευθεὶς
1552 3483 1721 3562 ἀπεδέξατ’

535 3594 573 3659 άν
597 3598 703 3658 τοῦτον
728 3594 777 3657 τὸν
801 3593 903 3668 λίνον.
927 3592 1032 3678 Lege:
1057 3592 1190 3660 αὖτίς.

579 3826 661 3911 §50
690 3848 721 3911 p.
747 3823 830 3889 829:
862 3825 1065 3903 προύκαλεῖτο
1097 3827 1122 3891 δ’
1147 3826 1259 3890 ἐθέλειν
1289 3825 1440 3903 ἐπιδεῖξαί
1462 3849 1512 3899 μοι
1537 3826 1593 3898 ste
1618 3826 1720 3890 οὐσίαν

535 3932 634 3997 δέκα
658 3933 872 3995 ταλάντων
895 3928 997 3996 οὖσαν.
1022 3932 1185 3998 Praestat:
1211 3932 1530 3998 ὃεκατάλαντον.
1556 3930 1606 3999 Of.
1633 3932 1719 4019 §62t

534 4038 787 4102 πεντεταλάντου
810 4038 842 4103 δὲ
865 4037 953 4113 μθνον
973 4047 1029 4111 τῆς
1050 4039 1155 4108 οὐσίας
1176 4039 1277 4111 ου’σιρς,
1297 4039 1422 4124 Aphob.
1443 4037 1474 4103 ll
1495 4039 1566 4124 §ll
1590 4060 1623 4126 p.
1643 4038 1721 4105 838:

535 4147 606 4225 πρὸς
637 4146 1037 4215 πεντεκαιδεκαταλάντους
1072 4145 1177 4215 οίκους.
1211 4145 1251 4210 Is.
1277 4145 1462 4231 Apollodor.
1488 4148 1506 4230 ἓ
1528 4145 1589 4211 19:
1619 4149 1720 4215 οὐσίας

534 4252 585 4317 καί
621 4253 873 4317 πεντεταλάντου
907 4253 1188 4329 καταλειφθείσης,
1226 4251 1323 4336 §42:
1360 4248 1437 4316 οίκον
1472 4252 1721 4317 πεντετάλαντον

533 4360 728 4438 άνρρνκίτων.
753 4358 868 4445 Pyrrh.
892 4357 961 4444 §82
986 4360 1027 4438 τῷ
1051 4360 1102 4422 τίν
1126 4358 1327 4437 τριτάλαντον
1351 4354 1427 4422 οίκον
1451 4359 1640 4439 κεκτημένῳ.
1665 4356 1722 4425 Sed

534 4465 572 4530 ef.
597 4465 704 4552 Hagn.
728 4467 746 4549 ᾗ
766 4464 819 4530 42.

582 4704 600 4786 §
623 4701 664 4765 55
688 4723 719 4786 p.
745 4699 829 4765 831:
854 4699 914 4763 οὐδ’
939 4698 976 4763 ἂν
997 4699 1093 4771 αὐτὴν
1115 4699 1228 4770 ἐκείνην
1248 4697 1288 4762 ἐνί
1309 4704 1366 4761 τῶν
1387 4696 1724 4782 ἐπιτρίτων[τοιίτοι]

538 4807 660 4885 γυναῖκ’
687 4805 804 4871 ἔδωκεν.
829 4806 892 4871 Res
915 4812 1055 4891 apparet.
