4525 5950
912 729 955 775 su
979 729 1210 777 sarsrornams
1233 730 1370 776 rnurou.
1664 713 1727 776 118

529 913 647 976 parum
677 890 911 956 intellexissent
927 891 960 968 ¹),
985 891 1058 956 iude
1081 891 1252 956 effecerunt
1277 895 1329 967 „in
1356 891 1451 954 Pluto
1476 891 1584 956 fabula
1608 897 1727 978 respici

534 1019 679 1073 „morem
712 1021 811 1060 reeens
841 998 964 1061 ootam’'
992 1035 1035 1045 -
1059 1020 1133 1061 nam
1159 998 1196 1061 de
1220 1019 1253 1061 re
1277 1019 1359 1062 nora
1382 1019 1563 1062 sermonem
1587 1000 1655 1063 lieri
1671 999 1728 1063 illi

530 1124 660 1188 quoque
694 1103 873 1167 sentiebant
906 1140 947 1151 —
982 1110 1163 1181 „senatores
1198 1124 1254 1188 per
1284 1102 1466 1180 γράμματα
1499 1104 1728 1169 describendi'’.

531 1210 595 1289 Qui
620 1231 689 1273 mos
713 1211 866 1294 quoniam
890 1210 940 1272 ἐπὶ
966 1212 1170 1273 Γλαυκίππου
1195 1215 1284 1273 ortus
1304 1210 1409 1275 fuerat
1429 1216 1510 1274 teste
1530 1210 1729 1288 Philochoro,

530 1317 726 1400 sequebatur
750 1321 787 1379 ut
810 1336 892 1379 anno
917 1319 1079 1400 sequenti,
1106 1316 1155 1378 ἐπὶ
1182 1316 1360 1393 Διοκλέους,
1386 1315 1503 1380 Plutus
1526 1316 1635 1382 fabula
1659 1318 1731 1382 data

530 1444 600 1487 esse
626 1422 817 1487 crederetur.
843 1422 927 1486 Hinc
952 1422 1103 1487 demirari
1128 1421 1177 1487 illi
1202 1423 1285 1507 quod
1310 1423 1503 1509 Thrasybuli
1527 1432 1559 1488 et
1583 1423 1731 1511 Dionysii

533 1535 567 1592 et
602 1526 680 1591 belli
716 1527 914 1594 Corinthiaci
944 1531 978 1592 in
1009 1550 1045 1593 ea
1076 1528 1165 1593 fieret
1197 1532 1316 1593 mentio
1350 1537 1382 1593 et
1413 1528 1487 1593 Lais
1511 1551 1585 1593 cum
1610 1551 1730 1594 urinum
1793 1530 1795 1535 ’

531 1640 646 1720 ageret
677 1633 838 1699 decimum
872 1642 1024 1718 quartum
1057 1634 1270 1699 famosissima
1301 1634 1459 1699 diceretur
1490 1638 1653 1699 meretrix.
1690 1635 1732 1699 llt

530 1741 571 1805 ab
602 1739 660 1803 illo
691 1740 763 1804 inde
795 1748 938 1826 tempore
972 1744 1093 1805 moveri
1118 1749 1229 1825 coepta
1253 1748 1300 1804 est
1323 1744 1466 1825 quaestio
1488 1749 1553 1806 tam
1579 1740 1731 1827 perplexa

531 1868 632 1931 quam
655 1849 769 1910 inanis.

580 1951 759 2038 Ablegetur
781 1955 885 2038 igitur
909 1953 1018 2015 Plutus
1040 1953 1148 2016 Diocle
1172 1955 1311 2017 archonte
1330 1956 1404 2017 doto
1423 1953 1502 2018 illuc
1523 1976 1585 2038 quo
1606 1954 1730 2019 dudum

532 2056 695 2144 relegatae
719 2065 793 2122 sunt
816 2059 918 2122 Nubes
941 2059 1056 2122 alterae
1079 2061 1220 2123 archonte
1243 2060 1364 2122 Amioio
1386 2082 1489 2123 coenae
1512 2061 1680 2124 coaomioaac
1699 2068 1731 2126 et

533 2165 759 2229 Atheniensium
793 2164 944 2246 cupeditio
980 2167 1120 2229 archonte
1155 2158 1277 2229 Iaorc'lo
1312 2167 1345 2229 in
1379 2167 1524 2229 ΕοοΙοοοοοιο
1556 2175 1691 2249 succepto
1706 2165 1731 2248 ²)

532 2269 702 2355 multaque
725 2270 787 2335 elia
810 2292 892 2355 quae
915 2277 991 2335 sunt
1011 2272 1107 2336 huius
1126 2276 1262 2358 generis.
1283 2271 1494 2339 Conseruntur
1512 2276 1610 2337 etiam
1631 2273 1732 2356 velim

532 2398 616 2462 quae
639 2377 678 2441 de
701 2376 831 2442 scholiis
854 2377 894 2442 ad
917 2377 996 2442 Rau.
1024 2378 1110 2443 1026
1136 2378 1214 2443 olim
1239 2378 1398 2463 disputavi
1416 2376 1452 2458 ³).

581 2595 632 2658 Ad
650 2595 747 2661 finem
766 2603 814 2661 est
829 2603 1029 2683 perventum.
1051 2596 1085 2661 Si
1099 2602 1151 2662 cui
1162 2619 1277 2683 parum
1290 2602 1446 2683 persuasi,
1465 2601 1494 2663 is
1507 2599 1591 2664 dicat
1602 2606 1730 2684 poetam

531 2701 613 2765 duas
644 2701 787 2779 fabulas,
818 2703 935 2786 quibus
967 2702 1083 2767 Plutus
1107 2709 1189 2767 esset
1213 2725 1347 2780 nomen,
1372 2707 1533 2788 scripsisse
1558 2705 1653 2782 ferri,
1676 2706 1730 2771 sed

531 2807 649 2871 harum
682 2806 815 2872 alteram
846 2811 980 2892 impune
1011 2829 1029 2872 a
1059 2808 1150 2872 nobis
1179 2830 1270 2893 posse
1302 2809 1450 2896 neglegi,
1474 2809 1556 2874 nihil
1580 2814 1668 2875 enim
1692 2812 1730 2876 de

531 2917 602 2980 eius
635 2913 770 2980 consilio
794 2922 1027 3002 argumentoso
1051 2936 1118 2981 esse
1142 2918 1310 3003 cognitum
1336 2925 1369 2981 et
1392 2919 1446 2981 vix
1470 2915 1578 2982 ullum
1604 2955 1641 2966 -
1671 2918 1731 2984 for·

531 3030 616 3087 tasse
648 3021 776 3086 nullum
808 3025 937 3086 omnino
969 3060 1010 3070 -
1039 3044 1078 3086 cx
1109 3043 1146 3087 ca
1177 3029 1316 3087 aetatem
1347 3022 1461 3087 tulisse
1493 3024 1728 3110 fragmentum

530 3127 616 3193 nihil
646 3136 756 3192 autem
784 3130 812 3192 ei
838 3149 1007 3193 commune
1031 3129 1127 3193 fuisse
1153 3150 1228 3192 cum
1251 3129 1361 3193 fabula
1384 3151 1464 3215 quae
1488 3151 1568 3196 anno
1594 3129 1659 3196 389
1683 3134 1730 3195 in-

531 3242 629 3300 venta
663 3240 695 3297 et
731 3233 890 3299 elaborata
924 3241 973 3299 est
1009 3243 1041 3299 et
1075 3238 1221 3320 proximo
1257 3257 1337 3300 anno
1374 3240 1505 3301 ineunte
1540 3259 1650 3302 scenae
1681 3244 1730 3303 est

531 3342 714 3406 commissa.

577 3447 631 3511 Sic
656 3450 759 3533 igitur
783 3453 928 3512 statuant
952 3448 1069 3532 quibus
1093 3469 1156 3512 non
1181 3451 1259 3512 satis
1283 3454 1369 3513 certa
1392 3449 1564 3513 videantur
1586 3469 1667 3534 quae
1691 3449 1729 3513 de

533 3553 692 3639 „prioris”
719 3553 809 3617 Pluti
831 3557 959 3619 nomine
984 3576 1070 3619 mero
1094 3557 1191 3618 errori
1217 3555 1385 3619 tribuendo
1408 3555 1578 3641 probatum
1602 3559 1659 3620 ivi.

578 3660 665 3723 Mihi
690 3682 764 3725 vero
787 3660 923 3725 firmiter
946 3681 1134 3746 persuasum
1159 3667 1207 3724 est
1231 3663 1266 3723 ob
1286 3663 1487 3743 Aristophane
1505 3686 1593 3725 anam
1613 3670 1729 3726 tonnam

531 3767 681 3851 satiatam
712 3767 834 3830 Platane
857 3768 982 3853 factam
1007 3789 1068 3830 ecoe
1092 3788 1194 3851 nequo
1218 3768 1385 3852 postmodo
1409 3790 1479 3832 eam
1504 3771 1572 3833 sive
1595 3770 1634 3834 ab
1659 3769 1730 3834 aliis

532 3877 601 3937 sive
625 3873 664 3937 ab
689 3876 758 3957 ipso
781 3880 876 3957 poeta
899 3894 966 3937 esse
991 3880 1206 3938 retractatam.

568 4119 595 4182 l)
615 4118 718 4181 Didymo
735 4115 814 4164 deberi
832 4131 892 4180 quac
909 4116 937 4164 dc
954 4116 1036 4165 tabula
1054 4119 1137 4165 nostra
1154 4132 1216 4165 anuo
1233 4118 1282 4165 408
1300 4121 1352 4165 acta
1371 4118 1483 4181 leguntur
1501 4117 1525 4166 in
1541 4118 1645 4177 scholiis,
1661 4120 1729 4167 docte

528 4214 607 4263 nuper
632 4203 655 4246 et
679 4202 748 4247 acute
771 4205 795 4246 et
812 4196 968 4262 probabiliter
983 4198 1111 4246 admodum
1129 4198 1316 4247 demonstratum
1334 4198 1380 4247 ivit
1397 4199 1486 4248 amicus
1502 4200 1593 4263 collega
1610 4199 1686 4248 Polak
1704 4201 1728 4248 iu

531 4279 594 4329 Albo
619 4280 786 4328 Gratulatorio
809 4279 872 4342 quod
893 4278 918 4327 iu
941 4279 1057 4328 honorem
1077 4278 1232 4327 Hcrwerdeui
1248 4279 1409 4344 couscriptum
1427 4284 1462 4328 est
1483 4282 1547 4330 1902
1565 4297 1587 4344 p.
1607 4282 1654 4333 173
1669 4298 1728 4344 sqq,

532 4362 677 4427 praesertim
701 4362 777 4410 fretus
799 4361 890 4409 scholio
914 4362 941 4408 cd
965 4378 999 4410 rs.
1023 4365 1079 4419 osu,
1104 4361 1143 4409 ubi
1167 4377 1249 4410 revera
1275 4362 1369 4426 Didymi
1394 4365 1420 4411 dt
1445 4364 1542 4412 mentio.
1562 4362 1660 4427 Deque
1678 4363 1729 4411 loco

529 4449 649 4509 corrupto
666 4444 723 4507 qnid
741 4444 801 4493 mihi
820 4444 941 4492 videretur
958 4443 1007 4493 dixi
1025 4444 1072 4493 vol.
1091 4445 1198 4509 praeced.
1215 4461 1238 4509 p.
1255 4445 1313 4494 too,

563 4529 594 4587 2)
614 4526 692 4575 Schol.
713 4526 781 4590 Vesp.
802 4528 856 4575 llb,

565 4613 594 4670 8)
616 4611 708 4657 blnem.
729 4610 792 4657 1888
809 4625 833 4673 p.
852 4610 926 4672 llllsq.
945 4614 969 4657 ct
986 4609 1081 4658 brevius
1099 4610 1123 4658 in
1141 4610 1312 4659 commentario
1329 4612 1358 4659 ad
1376 4612 1462 4660 Rauen

1031 4808 1226 4815 ——-——-
