4525 5950
641 665 709 730 280
1155 681 1330 730 ausinora.

639 844 735 909 Facio
766 865 840 909 oum
873 843 1068 908 Weckleinio
1098 843 1210 910 Cobeti
1240 847 1467 908 correctionem
1497 845 1531 921 γ’
1557 842 1616 906 ἔτι
1641 845 1835 929 praeferenti

639 949 894 1014 Kirchhoffianae
917 951 954 1025 με’
980 973 1053 1024 που,
1078 949 1245 1035 ambigens
1269 956 1376 1014 tamen
1401 957 1512 1014 utrum
1538 948 1622 1037 illud
1646 970 1763 1014 vernm
1794 954 1837 1015 sit

640 1076 680 1120 an
706 1054 751 1133 γέ
776 1079 847 1119 σοι.

684 1305 736 1369 Vs.
762 1304 860 1369 1125.
887 1305 991 1374 Ξοῦθος
1017 1305 1089 1376 μὲν
1114 1302 1232 1384 ᾤχετ’
1259 1302 1328 1367 ἔνθα
1352 1310 1410 1383 πῦρ
1436 1298 1531 1381 πιρθρῖΙ
1547 1309 1611 1370 θεοῦ

891 1410 1044 1488 βακχεῖον
1067 1410 1132 1473 xri.

639 1516 836 1582 Weckleinio
866 1518 1055 1602 proponenti
1078 1515 1300 1594 μετιὶρχετ’
1325 1537 1387 1582 non
1411 1536 1542 1602 possum
1565 1520 1734 1594 assentiri,
1758 1539 1831 1582 cnm

638 1626 713 1708 quia
735 1625 797 1707 ipsi
822 1622 919 1686 verbo
942 1620 1081 1698 μετιέναι
1105 1620 1196 1685 locus
1220 1643 1282 1686 non
1305 1629 1354 1686 est
1377 1630 1449 1686 tum
1471 1629 1640 1708 propterea
1664 1624 1752 1709 quod
1775 1627 1834 1688 im-

638 1729 816 1814 perfectum
847 1729 1023 1806 μεσθρχεσο
1054 1749 1110 1812 pro
1142 1729 1266 1808 μετῄειι
1297 1748 1454 1812 perquam
1479 1728 1568 1792 dubii
1592 1737 1641 1792 est
1663 1732 1830 1793 atticismi.

637 1834 748 1920 Neque
771 1833 968 1899 haerendum
992 1833 1128 1897 arbitror
1151 1836 1185 1896 in
1207 1833 1365 1918 particula
1388 1833 1446 1908 ’μέν
1471 1831 1581 1919 paullo
1604 1832 1757 1899 licentius
1781 1835 1832 1899 ad-

637 1940 757 2018 hibita,
787 1943 840 2004 cui
863 1960 896 2004 re
921 1959 1011 2018 vera,
1037 1941 1064 2003 si
1087 1944 1251 2024 spectatur
1273 1941 1448 2017 sententia,
1472 1939 1643 2024 respondet
1667 1939 1701 2004 δέ
1724 1942 1759 2003 in
1782 1961 1827 2005 vs.

640 2045 744 2111 1132:
770 2044 835 2109 θθὲ
861 2046 980 2115 νεαιθαι
1007 2045 1070 2108 uri.
1095 2043 1130 2108 Si
1154 2047 1226 2129 quis
1249 2045 1330 2109 forte
1353 2044 1463 2110 haeret
1486 2047 1519 2109 in
1542 2042 1643 2125 ᾤχετο
1666 2051 1717 2110 ter
1739 2046 1828 2111 brevi

634 2149 805 2216 intervallo
823 2154 941 2236 posito,
961 2153 996 2214 in
1016 2172 1062 2215 vs.
1084 2149 1170 2214 1125
1192 2153 1334 2215 conicere
1354 2153 1456 2235 possit
1478 2151 1582 2221 Ξοῦθοι
1602 2152 1676 2227 μὲι
1700 2145 1827 2229 ἦλθεν,

637 2256 691 2322 sed
714 2256 796 2321 nihil
820 2264 946 2321 mutare
969 2256 1068 2321 luerit
1091 2257 1204 2321 satius.

681 2504 734 2570 Vs.
761 2504 858 2572 1250.
883 2504 1023 2573 Creusa:

862 2612 1042 2690 πρόσπολοι,
1068 2609 1257 2686 διωκόμεσθα
1279 2610 1466 2686 θανασίμους
1490 2610 1540 2674 ἐπὶ
1565 2613 1738 2689 σφαγὰς

862 2716 960 2799 Πυθία
983 2717 1097 2795 ψήφῳ·
1124 2715 1296 2794 κραπιρθεῖσ’
1323 2713 1441 2787 ἔκδοτος
1467 2716 1498 2780 δὲ
1522 2719 1686 2794 γίγνομαι.

634 2821 720 2887 Male
744 2824 821 2888 haec
845 2822 941 2887 verba
964 2823 1134 2887 concinunt
1156 2843 1231 2886 oum
1255 2824 1450 2906 praegressis
1474 2843 1522 2886 vs.
1548 2821 1637 2887 1220
1651 2844 1700 2909 sq.

863 2935 995 3006 Δελφῶν
1019 2928 1045 2993 θ’
1070 2926 1206 2999 ἄνακτες
1230 2924 1338 3005 ὥρισαν
1363 2935 1612 3009 πετρορριφῆ

860 3035 994 3100 θανεῖν
1019 3036 1093 3109 ἐμὴν
1118 3034 1276 3097 δέσποιναν
1301 3035 1333 3098 οὐ
1356 3036 1454 3113 ψήφῳ
1478 3040 1537 3117 μιᾷ

633 3147 665 3205 61
695 3162 742 3204 vs.
772 3139 857 3206 1237
884 3143 1077 3214 λεύσιμοι
1104 3140 1135 3203 δὲ
1161 3139 1422 3218 καταφθοραὶ
1446 3145 1479 3205 61
1503 3161 1551 3205 vs.
1579 3139 1828 3205 12401αιοιιι

634 3247 831 3321 λεύσιμον
857 3246 973 3311 ἄταν.

677 3351 765 3416 Num
787 3352 870 3417 forte
893 3352 1119 3438 corrigendum

1273 3459 1458 3532 θανασίμους
1484 3459 1534 3522 ἐπὶ
1558 3458 1735 3536 φθορθς1

631 3561 741 3627 Solent
765 3566 850 3627 enim
874 3564 970 3628 verba
994 3562 1125 3642 σφάζειν
1150 3569 1182 3627 61
1205 3565 1318 3641 σφαγή
1344 3563 1382 3627 de
1404 3564 1569 3645 ιἰιριιὶοιιθο
1591 3568 1753 3650 usurpari.
1780 3591 1787 3596 ·

678 3809 730 3874 Vs.
759 3809 855 3876 1357.
880 3810 1010 3897 Pythia.
1316 3816 1369 3875 τοῦ
1395 3813 1460 3876 θεοῦ
1485 3811 1511 3875 δ’
1536 3809 1627 3877 ἕκατί
1650 3836 1685 3876 σε

858 3915 972 3994 ἔθρεψα
996 3918 1037 3995 τ’,
1061 3913 1082 3981 ὦ
1108 3925 1185 3995 παῖ,
1211 3917 1261 3980 καὶ
1286 3918 1358 3981 πάθ’
1384 3918 1559 3993 οὶσοθΙδοιροί
1583 3941 1647 3996 σοι,

857 4020 878 4087 ἃ
903 4031 998 4095 κεῖνος
1022 4022 1279 4087 οὶκθλενσσθν
1302 4023 1338 4099 μ’
1363 4025 1515 4100 ἕβοολθθκ
1540 4024 1654 4101 λαβεῖν

858 4130 957 4193 σῶσαθ
980 4131 1024 4192 θ’·
1050 4125 1118 4192 ὅσον
1145 4128 1178 4192 δέ
1201 4129 1234 4205 γ’
1259 4128 1358 4208 εἵνεκ’,
1382 4131 1435 4194 οὐκ
1460 4129 1523 4211 ἔχοι
1548 4131 1664 4206 λέγειν.

632 4237 853 4312 ’Λιιέλευοτις,
874 4235 960 4320 qnod
980 4235 1213 4301 Radermacher
1233 4239 1414 4323 proposuit,
1433 4238 1542 4301 minus
1553 4236 1711 4323 intellego
1724 4260 1821 4324 quam

632 4342 783 4407 traditam
804 4340 993 4418 lectionem,
1007 4363 1088 4426 quae
1109 4342 1191 4406 mihi
1211 4342 1340 4428 quidem
1359 4345 1527 4429 aptissima
1539 4343 1678 4408 videtur.
1700 4344 1825 4431 Pythia

632 4446 716 4531 quod
735 4467 828 4511 nemo
848 4467 918 4511 eam
938 4449 1040 4512 facero
1058 4450 1210 4525 iusserat,
1231 4449 1348 4512 tribuit
1367 4447 1529 4513 voluntati
1541 4448 1678 4514 divinae.
1703 4447 1825 4516 Gontra

632 4553 819 4624 ἀκέλευστος
853 4552 976 4617 dictum
1006 4552 1045 4617 do
1075 4552 1224 4637 Apolline
1255 4554 1353 4616 οιιιιιιό
1382 4574 1440 4618 sua
1470 4562 1582 4639 sponte
1611 4554 1743 4620 facienti
1776 4560 1823 4621 in-

631 4664 743 4742 eptum
768 4664 825 4721 est.
