4525 5950
965 724 1107 772 rannus.
1560 706 1624 773 391

438 889 494 954 sed
519 889 659 967 libertae,
683 909 763 974 quaa
787 892 946 955 sociorum
969 889 1087 976 Populi
1107 888 1245 954 Romani
1264 896 1312 955 est
1330 895 1363 955 et
1381 890 1534 954 auridum
1553 911 1628 976 gen·

438 996 499 1071 tis,
533 1015 612 1079 quae
646 995 772 1059 Parthis
797 1016 829 1059 se
852 996 1011 1082 adiungit.
1038 995 1122 1060 Bene
1145 1016 1213 1061 rem
1237 998 1399 1080 perspexit
1422 998 1477 1081 qni
1500 995 1553 1060 bic
1576 996 1628 1060 ad·

439 1103 570 1185 scripsit
588 1102 630 1163 ed
646 1101 814 1178 sevitium,
834 1101 888 1166 sed
907 1103 1141 1166 annotationem
1162 1104 1231 1166 eius
1250 1105 1282 1165 in
1303 1107 1429 1166 textum
1449 1103 1547 1186 recipi
1566 1123 1627 1166 non

437 1206 614 1291 oportebat.

487 1313 525 1375 A.
543 1309 632 1388 XIII,
647 1310 700 1375 40.
721 1311 772 1376 Ad
785 1312 1021 1399 confligendum
1033 1334 1105 1377 cum
1119 1314 1278 1377 Armeniis
1290 1312 1464 1398 procedunt
1475 1312 1626 1378 Romani:

488 1417 546 1494 „ln
574 1418 721 1482 cornibus
745 1417 839 1502 pedes
863 1421 1049 1504 sagittarius
1072 1424 1105 1482 et
1127 1423 1231 1482 cetera
1254 1438 1369 1483 manus
1393 1421 1538 1504 equitum
1561 1419 1629 1484 ibat

434 1523 632 1606 productiore
655 1526 817 1587 curuata
840 1524 997 1605 deutra?

488 1630 553 1694 Pro
590 1632 704 1695 vitiosa
737 1629 875 1696 Medicei
907 1630 1042 1696 lectione
1072 1630 1244 1697 deteriores
1274 1631 1425 1697 exhibent
1454 1626 1651 1712 productior.

438 1758 533 1799 cornu
567 1737 600 1799 ia
630 1737 773 1813 siniam,
806 1736 957 1822 Agricola
977 1737 1172 1819 productiore
1201 1759 1292 1800 cornu
1322 1737 1446 1800 sinistro
1477 1739 1628 1816 coniecit,

440 1843 586 1928 Lipsius:
612 1843 806 1925 productiore
837 1865 975 1907 cornuum
1005 1844 1147 1922 sinistro,
1171 1843 1383 1929 Nipperdeius
1408 1864 1483 1909 vero
1500 1846 1630 1926 produc—

438 1949 534 2012 tiores
553 1949 585 2012 iu
606 1948 740 2026 sinistro,
759 1970 838 2034 quae
857 1952 1002 2014 omnium
1023 1954 1071 2014 est
1090 1953 1230 2034 pessima
1242 1952 1432 2015 coniectura.
1454 1949 1515 2014 Sed
1528 1971 1630 2036 neque

436 2063 562 2120 ceteras
592 2057 781 2140 qnisquam,
813 2062 850 2120 ut
882 2059 1003 2141 opinor,
1035 2056 1190 2141 probabit.
1224 2055 1323 2121 Unice
1354 2077 1469 2121 verum
1501 2056 1630 2121 videtur
1658 2090 1660 2093 ·

437 2162 526 2248 qnod
551 2160 604 2226 dat
628 2160 796 2227 Halmius:
815 2163 1010 2245 productiore
1032 2162 1174 2240 eiuutro,
1199 2183 1261 2248 qua
1283 2161 1419 2229 lectione
1438 2162 1537 2227 simul
1557 2183 1630 2249 quo

438 2267 538 2334 modo
570 2274 645 2332 nata
676 2271 719 2332 sit
749 2267 886 2333 Medicei
916 2267 1011 2334 lectio
1042 2268 1171 2355 patefit:
1204 2268 1396 2334 vocabulum
1426 2272 1458 2333 in
1482 2271 1630 2355 margine

437 2374 641 2459 adscriptum
670 2376 717 2439 ita
746 2377 778 2438 in
811 2380 937 2439 textum
961 2380 1010 2440 est
1032 2381 1197 2460 receptum
1221 2383 1258 2440 ut
1281 2375 1500 2461 dittographia
1523 2375 1629 2441 fieret:

439 2502 535 2545 cornu
554 2481 601 2544 ein
621 2481 755 2558 eiuistro,
776 2481 859 2546 unde
878 2489 1035 2548 corrector
1054 2482 1184 2566 quidam
1204 2481 1316 2548 infelix
1335 2504 1441 2546 coruus
1459 2482 1492 2545 iu
1507 2482 1630 2546 durabo

441 2587 547 2652 finxit.

487 2694 532 2759 ib.
565 2691 704 2760 Corbulo
736 2715 842 2759 secum
874 2693 912 2759 de
944 2695 1020 2760 urbe
1052 2696 1217 2760 Artaxatis
1249 2694 1385 2781 petenda
1414 2697 1519 2781 agitet
1542 2701 1630 2760 ratus

438 2800 523 2866 illuc
545 2799 709 2865 Tiridaten
732 2803 938 2866 concessisse:

491 2906 595 2985 „Dein
615 2913 784 2993 postquam
804 2906 1016 2994 exploratores
1037 2905 1396 2993 attulerelonginquum
1408 2909 1493 2994 regis
1505 2909 1585 2972 iter.

438 3014 551 3080 lucem
571 3017 749 3099 opperitur;
771 3017 1006 3101 praemissaque
1017 3014 1083 3079 levi
1094 3022 1271 3091 armatura,
1284 3036 1364 3100 quae
1376 3036 1487 3080 muros
1499 3018 1629 3081 interim

441 3121 585 3186 ambiret
608 3124 943 3207 oppugnationemque
967 3123 1092 3186 eminus
1114 3121 1303 3206 inciperet.'’
1397 3110 1400 3115 ’

408 3277 417 3294 .
490 3225 678 3294 Claudicare
710 3230 885 3292 orationem
917 3211 1024 3312 quiris
1051 3227 1153 3305 videt,
1178 3228 1233 3292 sed
1257 3248 1318 3292 non
1341 3230 1517 3293 restituunt
1541 3249 1629 3305 eam,

440 3338 501 3420 qui
531 3356 588 3420 pro
620 3334 680 3398 leui
712 3335 856 3399 scribunt
888 3335 962 3398 leuis
990 3342 1023 3399 et
1046 3334 1306 3419 apreemueaque
1328 3355 1450 3399 novurn
1472 3337 1632 3420 incipiunt

440 3440 564 3507 colum.
587 3440 711 3520 Quanto
729 3444 847 3505 rectius
866 3440 1019 3506 Heinsius
1033 3441 1092 3504 leui
1103 3443 1219 3505 retinet
1232 3440 1285 3505 sed
1297 3463 1353 3525 que
1365 3443 1461 3519 eiicit,
1475 3447 1512 3505 ut
1525 3444 1632 3506 omnia

440 3551 490 3613 sic
509 3546 694 3611 decurrant:
717 3546 843 3624 „lucam
863 3551 1037 3634 opperitur,
1057 3550 1231 3633 praemissa
1249 3545 1314 3613 levi
1326 3553 1526 3612 armaturae.
1540 3570 1569 3633 q.
1583 3549 1630 3612 s.'’

491 3655 530 3718 A.
551 3652 640 3731 Xlll,
662 3652 715 3717 54.
735 3651 848 3731 Frisii,
869 3658 930 3719 rati
950 3655 1045 3720 duces
1064 3654 1223 3720 Romanos
1244 3657 1362 3720 vetitos
1374 3662 1630 3734 castramorere,

441 3761 606 3826 Romanas
638 3759 770 3824 dicionis
800 3781 894 3846 agros
924 3759 1079 3845 quosdam
1111 3781 1228 3826 vacuos
1260 3767 1416 3847 occupant
1443 3767 1475 3826 et
1499 3768 1536 3826 ut
1558 3782 1633 3826 suos

442 3874 592 3933 exercent
616 3867 798 3931 auctoribus
820 3866 944 3931 Verrito
967 3874 999 3931 et
1022 3866 1190 3954 Malorige.
1214 3865 1315 3931 Tum:

495 3972 641 4049 „Dubius
666 3975 799 4050 Avitus,
823 3980 950 4057 accepta
973 3994 991 4037 a
1013 3972 1150 4038 Paulino
1169 3975 1348 4058 provincia,
1369 3972 1547 4037 minitando
1563 3974 1631 4036 vim

445 4080 643 4156 Romanam,
673 4082 735 4144 nisi
766 4078 967 4145 abscederent
997 4078 1093 4144 Frisii
1125 4086 1247 4144 veteres
1271 4082 1304 4144 in
1326 4077 1413 4143 locos
1436 4084 1493 4142 aut
1516 4099 1631 4143 novam

443 4186 555 4252 sedem
579 4206 598 4250 a
618 4183 750 4251 Caesare
768 4188 988 4270 impetrarent,
1008 4184 1150 4271 perpulit
1169 4183 1331 4249 Verritum
1352 4192 1383 4249 at
1404 4183 1632 4271 Malorigem.”

491 4291 577 4371 Quid
607 4292 725 4355 certius
752 4311 848 4375 quam
873 4290 994 4375 puerile
1016 4290 1103 4355 istud
1125 4291 1222 4355 Frisii
1244 4312 1261 4356 e
1283 4293 1429 4375 margine
1452 4287 1633 4375 irrepsisse?

491 4402 530 4463 A.
555 4396 640 4475 xlv,
661 4395 714 4461 20.
740 4397 874 4482 Antiqui
893 4400 994 4461 moris
1013 4397 1157 4462 homines
1178 4418 1277 4461 novos
1297 4417 1315 4460 a
1334 4395 1633 4461 Neroneinstitutos

444 4504 541 4571 ludos
562 4523 656 4590 aegre
676 4502 835 4580 ferebant,
856 4503 1210 4587 commemorabantque
1230 4524 1363 4567 avorum
1378 4501 1634 4587 indignationem

442 4616 478 4677 in
503 4611 714 4694 Pompeium:
1699 4592 1704 4603 .

496 4716 601 4802 „quod
625 4735 811 4781 mansuram
835 4715 950 4781 theatri
976 4714 1081 4779 sedem
1106 4717 1273 4800 posuisset.
1297 4714 1380 4779 Nam
1404 4719 1496 4779 antea
1519 4700 1635 4778 subita-

443 4828 505 4890 riis
527 4823 682 4910 gradibus
705 4830 737 4888 et
761 4843 871 4889 scaeua
894 4824 927 4886 in
952 4830 1079 4907 tempus
1102 4828 1224 4887 structa
1246 4821 1340 4886 ludos
1359 4821 1410 4886 edi
1430 4821 1560 4899 solitos3
1583 4820 1635 4886 vel
