4525 5950
641 672 708 739 212
1078 690 1401 739 ousaavarruuouunu

637 858 763 922 Puohta
787 856 826 937 ¹):
862 860 931 942 ipsa
966 859 1109 943 pignoris
1141 878 1237 922 eausa
1271 860 1444 942 possessio,
1480 856 1607 941 planius
1638 862 1675 921 nt
1706 857 1829 922 diuam:

638 984 718 1049 quae
741 962 792 1028 lex
818 964 944 1047 quodve
967 963 1108 1027 edictum
1132 984 1255 1048 quaeve
1274 963 1469 1028 consuetudo
1488 963 1642 1042 effecerit,
1663 970 1701 1028 ut
1720 967 1832 1049 pigno

638 1071 682 1133 ris
706 1072 936 1154 possessionem
960 1071 1096 1134 retinere
1119 1067 1215 1133 lioeat
1229 1066 1264 1147 ²),
1293 1070 1385 1133 nobis
1408 1071 1520 1153 utique
1544 1089 1607 1133 una
1631 1072 1722 1155 origo
1746 1069 1832 1133 suffi-

639 1177 711 1239 oiet.
743 1175 884 1258 Apparet
915 1181 1022 1237 autem
1048 1172 1100 1237 rel
1122 1174 1193 1238 ideo
1216 1177 1373 1240 actionem
1396 1175 1584 1239 Seruianam
1607 1196 1664 1259 pro
1687 1177 1832 1260 pignoris

639 1282 762 1364 origine
786 1279 896 1345 haberi
918 1301 980 1344 non
1002 1300 1112 1364 posse,
1138 1282 1213 1363 quia
1236 1300 1272 1343 ea
1296 1282 1379 1344 aetio
1403 1303 1439 1342 ee
1457 1281 1555 1362 ἱρείη
1567 1280 1722 1362 praetoria
1741 1280 1833 1343 iuria-

639 1386 770 1448 de'etioue
799 1387 995 1449 substantiam
1026 1393 1108 1466 eaput
1132 1382 1194 1468 ((7
1220 1385 1297 1449 [nst.
1321 1384 1365 1450 IV
1389 1384 1433 1464 6),
1458 1406 1559 1470 quum
1583 1392 1690 1450 tamen
1714 1407 1831 1450 verum

639 1494 681 1556 sit
703 1494 821 1577 pignus
844 1491 897 1555 vel
920 1492 1062 1556 moribus
1084 1491 1307 1556 introductum
1329 1512 1397 1557 esse
1421 1490 1475 1558 vel
1494 1491 1639 1579 legibus,
1659 1498 1834 1577 antequam

639 1600 720 1661 iuris
743 1597 903 1661 honorarii
928 1600 1105 1682 vestigium
1128 1605 1212 1662 esset
1234 1596 1358 1676 ullum;
1383 1601 1534 1662 novimus
1558 1600 1644 1662 enim
1667 1600 1738 1683 ipsa
1761 1597 1834 1685 lege

641 1702 702 1768 XII
726 1701 909 1768 tabularum
934 1706 1052 1789 pignus
1076 1702 1202 1768 silentio
1223 1706 1447 1768 transmissum
1466 1725 1528 1769 non
1547 1705 1646 1769 tuisse
1659 1702 1695 1785 ³).
1720 1704 1833 1770 Paetio

639 1809 678 1874 de
709 1808 872 1874 vendendo
903 1829 942 1873 an
973 1811 1117 1894 pignoris
1150 1811 1240 1896 origo
1265 1809 1379 1885 fuerit,
1404 1809 1583 1875 videamus.
1607 1809 1670 1875 Sed
1692 1831 1733 1874 ne
1757 1810 1834 1875 huic

638 1914 770 2000 quidem
789 1916 964 1978 sententiae
983 1913 1196 1979 aeoedendum
1217 1913 1354 1991 videtur,
1374 1917 1449 1999 quia
1468 1917 1571 1999 pactio
1591 1914 1629 1980 de
1647 1913 1831 1992 vendendo,

638 2041 719 2105 quae
750 2026 895 2104 tempore
926 2018 1092 2085 absolutae
1122 2020 1393 2105 iurisprudentiae
1417 2020 1495 2085 adeo
1518 2021 1680 2102 ostova-a)
1693 2018 1721 2099 ⁴)
1745 2026 1832 2099 erat,

637 2132 675 2190 ut
694 2125 875 2190 eraderetur
895 2128 989 2190 taeite
1009 2124 1047 2189 de
1068 2128 1201 2211 pignore
1220 2126 1385 2191 vendendo
1405 2129 1588 2192 convenisse
1600 2125 1637 2206 5),
1650 2129 1684 2190 ni
1696 2133 1833 2191 oautum

638 2237 736 2307 esset,
762 2252 800 2295 ne
823 2232 941 2315 pignus
961 2233 1084 2295 veniret
1097 2228 1134 2310 ⁰),
1160 2236 1267 2296 tamen
1292 2252 1354 2295 non
1378 2233 1544 2296 invenitur
1566 2250 1602 2295 ea
1625 2233 1658 2294 in
1678 2234 1835 2316 antiquis·

638 2338 728 2400 simis
758 2338 1062 2421 oppignerationum
1092 2334 1260 2414 formulis,
1285 2357 1364 2422 quas
1389 2333 1518 2402 Catonis
1541 2335 1719 2400 industriae
1742 2336 1834 2401 debe·

639 2461 711 2505 mue
725 2440 761 2519 ἲ),
796 2461 873 2505 nam
906 2440 975 2506 illio
1008 2440 1091 2506 nihil
1122 2441 1211 2507 aliud
1241 2442 1323 2508 solet
1351 2462 1419 2507 esse
1449 2449 1576 2528 praeter
1605 2443 1832 2506 enuntiatum:

633 2547 762 2631 plynori
792 2555 897 2624 eunte,
931 2550 983 2612 oui
1013 2547 1113 2613 semel
1144 2548 1290 2613 additur:
1322 2549 1350 2612 ai
1378 2549 1453 2633 quid
1473 2547 1692 2629 deportaverit,
1718 2547 1835 2611 domiai

640 2660 710 2717 ceto.
755 2652 967 2731 Quamobrem
1010 2653 1169 2737 probanda
1217 2660 1265 2718 est
1304 2656 1462 2718 sententia
1503 2652 1656 2718 Johannis
1698 2652 1836 2718 Aemilii

639 2757 765 2822 Kuntno
778 2758 814 2838 ⁸),
839 2760 891 2823 oui
915 2757 1044 2823 videtur
1067 2780 1105 2823 ex
1129 2765 1221 2844 paeto
1240 2759 1383 2825 venditio
1402 2762 1483 2824 iuris
1503 2759 1727 2846 hypothecarii
1747 2760 1836 2824 lasti-

638 2867 733 2949 gium
763 2867 868 2949 magis
901 2886 968 2930 esse
991 2885 1088 2950 quam
1112 2865 1407 2946 fundamentuml).
1432 2865 1543 2931 Restat
1565 2868 1713 2952 pignoris
1736 2887 1833 2932 eausa

674 3168 700 3232 1)
721 3168 806 3217 Osraua
823 3169 900 3230 (248,
923 3168 1030 3233 Simplex
1052 3168 1139 3233 pignus
1156 3169 1227 3229 (udae
1244 3168 1355 3233 eiasaeta
1371 3168 1484 3233 pigend')
1500 3168 1607 3234 intellegi
1624 3185 1672 3221 nou
1690 3173 1768 3235 potem
1786 3171 1834 3221 uiai

637 3249 787 3314 primarium.

671 3333 699 3396 2)
718 3333 836 3382 Adversus
854 3332 1013 3382 vindicantem
1032 3332 1163 3383 domiuum.

672 3415 699 3476 8)
719 3415 770 3463 Gai.
789 3414 823 3463 1v
840 3415 901 3477 (28.
919 3414 1003 3477 Itaque
1020 3415 1113 3474 neseio,
1128 3399 1175 3479 quo
1189 3416 1258 3465 modo
1273 3416 1303 3464 ait
1319 3415 1378 3464 mihi
1393 3414 1562 3479 intelligendus
1576 3415 1706 3476 Hotmanu,
1717 3418 1835 3483 Boitn’qa

636 3497 723 3559 (1870)
740 3512 763 3561 p.
782 3497 826 3546 0οε
848 3497 1025 3546 meamet
1041 3513 1092 3547 war
1108 3499 1153 3546 dae
1246 3496 1401 3562 Pfaadreett
1417 3500 1463 3548 deu
1479 3498 1581 3547 lidum
1597 3514 1641 3547 m
1656 3499 1710 3549 uit
1727 3502 1770 3550 der
1789 3503 1834 3552 De·

637 3578 912 3644 aemoiratqeaetzqetunq
929 3579 988 3629 noct
1005 3579 1075 3643 odltiq
1094 3579 1253 3629 unbekannt?

672 3661 906 3721 uaedam

673 3744 700 3806 t)
724 3741 739 3790 l.
764 3745 780 3790 4
805 3741 834 3791 D.
860 3741 932 3792 117.
958 3768 992 3782 -
1018 3743 1098 3805 Exigit
1122 3744 1166 3792 hoo
1188 3759 1243 3793 oaau
1267 3743 1356 3792 trinam
1379 3743 1583 3792 denuntiationem
1602 3743 1691 3793 Paulm
1708 3744 1736 3793 11
1754 3748 1768 3794 e
1787 3748 1833 3808 (1,

637 3839 711 3886 quum
734 3822 792 3871 aliea
814 3823 963 3872 denuntiasse
986 3825 1100 3873 sufficiat:
1124 3841 1144 3873 a.
1166 3826 1194 3872 18
1214 3826 1283 3882 (1.5,
1304 3823 1348 3881 au
1367 3824 1397 3872 ol.
1415 3841 1435 3873 e.
1455 3825 1486 3873 10
1504 3826 1530 3873 u.
1548 3826 1572 3881 8.
1591 3823 1622 3873 18
1639 3827 1698 3885 (14).
1718 3829 1832 3878 Attamen

637 3908 742 3970 potestas
758 3906 873 3953 vendendi
890 3906 952 3954 eitra
966 3906 1100 3971 pactionem
1115 3906 1229 3954 creditori
1245 3906 1342 3955 omnino
1357 3906 1468 3969 denegari
1482 3907 1589 3955 videtur:
1604 3906 1646 3955 18
1660 3909 1696 3969 (4
1713 3910 1741 3957 l).
1752 3910 1832 3969 111,

637 3985 654 4035 l.
673 3987 705 4035 12
722 3988 775 4048 §10
795 3988 821 4035 1).
840 3988 916 4044 20.4;
944 3987 959 4035 l.
977 3986 1010 4038 74
1028 3988 1084 4051 (70)
1103 3988 1132 4036 D.
1151 3986 1191 4038 47.
1201 3988 1225 4045 2,
1249 3991 1320 4051 atque
1337 3986 1352 4036 1.
1372 3989 1433 4036 31).
1453 3988 1635 4047 2021111111
1653 3988 1673 4037 ei
1691 3988 1832 4044 ineluaeria:

638 4084 685 4118 non
698 4084 744 4133 por
759 4068 901 4127 oblivionem,
918 4070 961 4118 aed
975 4084 1027 4118 oum
1045 4070 1088 4118 too
1105 4075 1225 4134 auraretur,
1242 4085 1272 4119 ne
1284 4074 1367 4133 poseat
1384 4071 1487 4119 vendere.

672 4151 700 4212 0)
725 4150 777 4198 Hoe
797 4166 852 4199 eaeu
875 4166 929 4199 oum
953 4152 1067 4199 vendente
1090 4151 1151 4201 furti
1176 4151 1237 4200 aetio
1262 4159 1310 4201 eet:
1333 4151 1386 4201 14
1409 4153 1438 4201 D.
1459 4152 1521 4205 lat
1539 4150 1587 4212 (Gt.
1606 4151 1728 4202 Windaoh.
1746 4155 1833 4217 (1801)

637 4231 705 4294 (207
730 4235 779 4280 not.
804 4233 844 4295 e);
868 4230 884 4279 l.
904 4234 918 4281 t
942 4232 992 4280 eod.
1018 4231 1124 4296 (Paling.
1143 4232 1228 4296 Pomp.
1247 4232 1321 4297 ddt);
1346 4232 1363 4281 l.
1382 4232 1414 4285 74
1432 4231 1484 4295 (73)
1504 4234 1531 4282 l).
1548 4233 1589 4286 47.
1599 4233 1622 4282 2.
1646 4235 1681 4282 De
1698 4235 1785 4284 dduoia
1802 4237 1833 4288 et.

638 4312 706 4362 Paul.
724 4310 750 4360 II
769 4311 800 4359 la
817 4313 860 4373 §a

671 4395 699 4453 7)
720 4396 753 4442 De
770 4409 796 4441 re
814 4398 874 4443 ruet.
891 4410 941 4459 eap.
961 4395 1018 4452 140,
1037 4394 1091 4452 140,
1113 4396 1168 4443 110.

672 4478 700 4541 8)
716 4494 737 4526 a.
757 4475 839 4525 ouer.
856 4476 897 4525 du
914 4479 970 4525 νόνι.
988 4476 1061 4540 Psdr.
1080 4477 1092 4524 Ι
1111 4477 1196 4537 (1820)
1213 4492 1237 4541 p.
1256 4479 1278 4525 1.

672 4561 699 4617 0)
725 4574 787 4608 naoaa
808 4558 843 4607 tei
865 4559 911 4606 dea
934 4559 1034 4606 Itdmera
1052 4574 1098 4605 aur
1114 4562 1169 4620 aptit
1187 4560 1238 4606 und
1253 4558 1385 4608 aasentias
1403 4576 1456 4608 auae
1473 4560 1557 4608 [elau
1572 4560 1615 4608 der
1632 4560 1763 4624 ametor
1780 4564 1834 4613 ete-

636 4642 797 4705 auqekoamea
822 4657 870 4689 soar
894 4666 926 4675 -
947 4639 987 4688 dte
1009 4639 1275 4702 Verdmaerueqanaaott
1297 4667 1329 4677 -
1354 4642 1398 4689 das
1420 4642 1453 4689 iat
1475 4640 1513 4689 tea'
1535 4657 1579 4690 m
1594 4659 1648 4691 aura
1665 4643 1765 4706 Haupt·
1783 4647 1835 4695 aad

636 4722 800 4784 Mittetpuntt
825 4724 867 4771 der
893 4721 1021 4784 Hypottek
1043 4719 1191 4785 qeroordea.''
1216 4722 1252 4770 Cf.
1275 4737 1369 4786 qaoque
1393 4722 1500 4781 Heraea,
1526 4723 1591 4787 On'q.
1612 4725 1642 4774 de
1663 4724 1782 4789 t'typotk.
1807 4744 1831 4793 p.

638 4803 777 4852 los-leo.
