4525 5950
643 678 711 744 280
1182 697 1297 748 inme.

688 862 724 927 In
755 863 805 926 his
836 862 941 925 verbis
972 883 1002 924 v.
1024 861 1053 924 d.
1084 861 1126 925 H.
1154 861 1202 926 W.
1229 883 1291 926 van
1314 861 1370 926 der
1392 862 1470 948 May
1494 861 1652 947 putidum
1677 862 1840 928 emblema

643 991 746 1034 unum
769 970 835 1033 iam
860 966 1012 1043 sustulit,
1038 986 1095 1031 sa:
1119 968 1192 1030 utili
1211 969 1341 1050 exemplo
1361 971 1408 1047 (in
1428 968 1665 1054 Mnemosynen
1686 967 1761 1035 Vol.
1782 967 1841 1032 XX

642 1097 673 1160 p.
699 1073 790 1151 224),
821 1076 924 1137 risum
957 1093 1085 1137 movere
1116 1073 1287 1138 observans
1314 1073 1438 1160 legatos
1463 1073 1547 1138 ultro
1572 1073 1845 1159 philosophantes

642 1178 918 1263 Hannibalemque
938 1178 1084 1242 docentes
1105 1178 1231 1243 felicem
1252 1200 1319 1244 esse
1339 1201 1434 1264 quem
1448 1180 1566 1243 faciant
1579 1178 1691 1244 aliena
1704 1179 1845 1265 pericula

643 1292 785 1350 eentum.
818 1283 977 1367 Equidem
1008 1282 1146 1348 alterum
1171 1304 1297 1368 qnoque
1321 1287 1585 1369 quamprimum
1609 1283 1688 1349 tolli
1713 1285 1842 1362 malim,

643 1390 729 1475 quod
759 1397 808 1454 est
824 1390 944 1473 fraude
968 1396 996 1452 et
1018 1389 1153 1453 insidiis.
1179 1388 1282 1454 Verba
1306 1412 1364 1453 non
1388 1391 1464 1454 bello
1488 1397 1595 1472 aperto
1618 1393 1706 1456 satis
1730 1391 1845 1456 diserte

642 1496 800 1570 indicant,
836 1494 947 1578 quales
982 1501 1066 1559 artes
1103 1495 1223 1559 fuerint
1257 1517 1335 1580 quas
1370 1503 1533 1580 praeterea
1567 1499 1602 1559 in
1637 1496 1744 1562 huius
1776 1496 1846 1562 libri

643 1604 746 1686 eapite
769 1599 812 1663 IV
836 1598 886 1684 §9
912 1600 981 1664 fuse
1005 1602 1143 1684 scriptor
1166 1603 1326 1684 exposuit.
1348 1600 1478 1666 Accedit
1497 1599 1581 1686 quod
1603 1601 1719 1667 XXII.
1748 1601 1844 1667 les:

642 1730 696 1770 nee
719 1705 920 1769 Hannibodon
943 1704 1074 1790 fefellit
1095 1707 1160 1768 auia
1183 1728 1214 1769 ee
1237 1706 1352 1769 ortibus
1369 1706 1438 1788 peti
1461 1710 1529 1771 sine
1551 1709 1846 1793 interpretamento

643 1812 702 1876 illo
725 1813 882 1897 seriptum
907 1818 965 1876 est.

690 1991 779 2056 XXI.
813 1991 865 2057 53.
880 1991 918 2056 2:
950 1991 1102 2055 restitutos
1134 2014 1169 2054 oe
1199 1993 1330 2078 resectos
1352 1993 1499 2056 militibus
1521 1993 1650 2073 animoa,
1676 2019 1734 2059 nee
1758 2019 1847 2082 que*

644 2122 731 2184 quom
763 2120 825 2161 eaeo
846 2105 967 2180 praeter
989 2098 1146 2176 conlegam,
1172 2098 1225 2181 qui
1248 2099 1375 2161 dilatam
1399 2098 1622 2162 dimicationem
1651 2104 1767 2178 vellen
1790 2126 1846 2166 eru

644 2207 741 2270 naimo
772 2205 866 2284 magia
888 2227 974 2289 quom
997 2225 1118 2285 corpore
1141 2226 1260 2282 aegrum
1283 2206 1422 2267 memorio
1446 2205 1580 2267 vulneris
1603 2208 1706 2270 aciei»
1730 2232 1769 2270 ac
1792 2209 1846 2272 aa

648 2313 777 2375 horrere.

689 2415 883 2495 Quauiooius
907 2412 1062 2479 voeabula
1085 2415 1225 2476 memorio
1248 2413 1383 2476 vulneris
1404 2413 1609 2489 inducantur,
1642 2420 1791 2503 ascripta
1812 2419 1846 2483 ab

644 2519 768 2605 aliquo,
794 2522 850 2604 qui
874 2540 948 2583 oum
972 2516 1111 2584 Cornelii
1135 2518 1303 2602 aegritudo
1324 2518 1385 2582 sibi
1406 2541 1467 2583 non
1486 2522 1563 2583 satis
1582 2527 1737 2604 spectata
1758 2533 1845 2598 esset,

644 2626 770 2691 tandem
796 2627 865 2689 eius
888 2644 1017 2688 eausam
1041 2623 1199 2687 detexisse
1218 2625 1279 2688 sibi
1300 2626 1389 2688 risus
1408 2631 1455 2689 est
1473 2631 1506 2688 et
1525 2625 1654 2709 puerile
1675 2630 1845 2694 inventum

644 2733 750 2796 neseio
772 2750 812 2793 an
836 2750 910 2793 oum
935 2727 1126 2814 gloriatione
1147 2727 1255 2813 aliqua
1272 2731 1305 2791 in
1326 2731 1473 2815 margine
1493 2733 1673 2797 memoriae
1695 2734 1844 2817 prodidit

644 2834 692 2903 Of.
717 2836 786 2900 XL.
808 2834 860 2899 56.
876 2833 913 2898 9;
935 2835 987 2897 aed
1005 2834 1102 2897 animo
1122 2841 1219 2897 tomen
1239 2857 1358 2914 oeprum
1377 2835 1471 2916 magia
1484 2835 1592 2921 suinae
1610 2859 1707 2919 quom
1731 2862 1845 2922 corpore

645 2948 770 3007 comem.

689 3109 809 3173 XXIII.
841 3109 924 3172 4.1:
956 3110 1010 3171 loe
1041 3110 1122 3171 modo
1155 3109 1304 3171 Pacuvius
1328 3132 1392 3171 mim
1415 3110 1569 3172 obnoxiam
1594 3112 1682 3175 ritae
1706 3116 1844 3199 beneficio

643 3223 775 3279 renatum
810 3215 900 3277 multo
934 3214 992 3276 eibi
1023 3215 1118 3294 inopie
1152 3237 1239 3298 quam
1267 3213 1354 3295 plebi
1382 3215 1520 3297 secaret,
1553 3216 1620 3278 eine
1654 3220 1767 3296 armis,
1792 3221 1843 3283 iun

644 3323 775 3385 omnibus
799 3320 1039 3396 concedentibus,
1063 3320 1279 3383 dominabatur.

689 3428 724 3491 Si
755 3448 816 3491 nou
848 3424 936 3489 illico
967 3428 1070 3490 ouiris
1100 3432 1224 3510 pateret
1253 3426 1350 3490 verba
1374 3426 1455 3489 vitoe
1476 3426 1616 3508 beneficio
1643 3450 1784 3513 prorsus
1806 3434 1845 3495 in·

643 3533 776 3608 utilem,
796 3536 898 3595 immo
919 3530 1200 3609 molestissimam,
1223 3533 1393 3596 verborum
1414 3532 1677 3598 antecedentium
1696 3537 1845 3600 iocunde

642 3643 938 3724 interpretationem
971 3657 1054 3712 esse,
1086 3640 1155 3722 ipse
1179 3637 1267 3702 loeus
1291 3658 1354 3721 quo
1376 3658 1460 3701 nuno
1482 3639 1586 3721 poelta
1608 3640 1746 3705 iustum
1772 3652 1851 3708 oete·

642 3767 752 3810 rorum
778 3745 947 3809 verborum
973 3742 1117 3807 ordinem
1136 3745 1392 3826 interrumpunt,
1412 3745 1476 3806 iam
1498 3742 1684 3809 ostenderet
1703 3749 1844 3813 insiticia

644 3872 681 3916 ea
704 3870 772 3915 esse
796 3870 956 3934 quamque
981 3850 1123 3933 primum
1148 3848 1290 3912 eieienda
1313 3869 1330 3913 s
1353 3854 1501 3913 contexte
1524 3851 1680 3915 oratione.

690 4036 812 4101 XXIII.
846 4035 929 4101 5.8;
962 4043 1150 4119 coeptamque
1176 4044 1303 4118 propter
1334 4059 1383 4099 voe
1413 4060 1476 4099 eum
1510 4038 1698 4103 Sannitibus
1738 4045 1841 4107 della·

639 4167 697 4226 per
721 4149 833 4206 eentum
851 4164 946 4222 prope
969 4163 1063 4204 annea
1087 4140 1226 4203 variante
1241 4142 1376 4224 fortuna
1399 4150 1530 4205 eventum
1553 4143 1728 4211 tulerimus.

690 4250 760 4313 Hoc
793 4249 861 4312 loeo
892 4250 1020 4333 cognito
1050 4247 1285 4311 assentiendum
1319 4268 1380 4312 non
1411 4248 1540 4313 videtur
1563 4248 1769 4332 editoribus,
1792 4258 1840 4339 qni

541 4434 543 4439 λ
646 4357 684 4420 ad
710 4354 820 4419 XXIII
847 4354 898 4419 13.
913 4353 951 4416 4:
976 4355 1056 4437 qaod
1077 4352 1122 4427 ei,
1147 4354 1181 4413 id
1203 4355 1281 4437 quod
1304 4355 1337 4416 di
1360 4376 1441 4417 omen
1460 4362 1606 4431 avertent,
1628 4380 1713 4420 necne
1733 4383 1841 4445 quoqne
1887 4435 1889 4444 Ι

638 4463 773 4545 soriano
794 4459 914 4543 aliquid
934 4458 1098 4521 oamaoerit
1118 4457 1285 4534 adnotant,
1305 4458 1499 4524 vocabulum
1519 4459 1643 4544 aliquid
1653 4466 1840 4551 exemplum
1887 4465 1889 4488 '

645 4589 711 4633 esse
746 4568 919 4631 accusativi
951 4566 1148 4649 pronominis
1180 4568 1326 4629 neutrius
1356 4568 1501 4651 generis,
1536 4566 1774 4636 adverbialiter
1806 4571 1841 4637 ad

646 4674 780 4738 verbnm
812 4673 1053 4734 intransitivum
1078 4669 1131 4734 rel
1156 4673 1322 4755 passivum
1346 4674 1452 4755 positi.
1477 4668 1578 4736 Cuius
1601 4677 1650 4737 rei
1674 4696 1753 4740 eum
1780 4699 1841 4761 per·

648 4777 750 4842 multa
772 4776 854 4861 apud
876 4775 1008 4840 Livium
1028 4780 1153 4839 exstent
1173 4774 1337 4860 exempla,
1359 4785 1429 4841 tum
1450 4778 1547 4842 verba
1558 4777 1700 4859 fortuna
1723 4782 1841 4866 aliquid
