4525 5950
643 661 709 727 342
1003 680 1045 727 66
1067 680 1184 728 nmmo
1207 680 1312 727 66666
1332 680 1470 728 annuns

641 851 752 909 nostra
785 848 894 908 autem
928 844 1134 929 inscriptione
1169 844 1322 930 quicquid
1356 865 1403 910 66.
1436 844 1478 909 66
1511 845 1677 931 scriptum
1711 845 1777 911 fuit
1802 845 1835 910 ad

641 951 751 1016 ambas
773 970 866 1015 voces
889 950 1014 1030 xperior
1038 955 1071 1016 61
1094 951 1274 1028 ἀκρωτήριον
1296 951 1491 1036 recipiendas
1516 954 1668 1037 spatium
1695 974 1760 1017 non
1782 952 1837 1017 sui-

639 1055 716 1121 ficit.
751 1055 909 1141 Equidem
940 1077 1016 1120 cum
1039 1054 1194 1121 l'oncarto
1219 1057 1337 1123 iaciens
1360 1057 1416 1122 ubi
1440 1058 1566 1138 χρυσίον
1592 1057 1688 1124 dedet
1714 1059 1838 1123 1616166

639 1163 833 1246 interpretor
855 1162 890 1226 61
914 1162 1046 1225 extrem
1070 1161 1171 1240 μέρος.

685 1372 739 1438 Vs.
764 1371 898 1438 68-83
929 1378 1131 1437 recensentur
1154 1371 1282 1438 donaria
1305 1392 1401 1438 aurea
1423 1375 1506 1452 (sive
1529 1376 1644 1458 potius
1670 1377 1839 1452 inaurata),

639 1479 761 1556 infusa,
794 1499 846 1544 ees
874 1481 963 1542 intus
994 1478 1145 1543 habentia
1176 1477 1267 1543 nullo
1297 1479 1435 1564 pondere
1458 1479 1580 1544 addito.
1606 1480 1704 1560 Quae
1727 1483 1840 1566 partim

638 1590 766 1649 tentum
789 1587 823 1648 iu
847 1583 919 1650 aliis
941 1585 1204 1669 inscriptionibus
1226 1592 1404 1650 recurrunt.
1428 1584 1480 1650 Sic
1504 1606 1536 1650 6.
1557 1607 1586 1650 6.
1612 1593 1737 1666 crater,
1758 1590 1840 1652 cuius

638 1693 761 1756 mentio
791 1689 829 1754 fit
860 1712 907 1756 66.
938 1687 991 1769 70,
1023 1697 1292 1756 commemoretur
1321 1694 1420 1756 etiam
1450 1694 1485 1756 in
1515 1693 1750 1777 inscriptionis
1783 1692 1840 1759 652

638 1796 702 1876 (01.
727 1796 780 1861 95.
795 1795 829 1875 3)
860 1803 949 1881 parte
980 1796 1111 1863 adversa
1142 1817 1238 1862 versu
1270 1795 1322 1875 44,
1355 1798 1411 1863 nbi
1442 1796 1586 1862 fulcrum
1618 1801 1697 1864 eius
1732 1799 1841 1864 dicitur

638 1922 783 1967 aureum.
815 1902 933 1966 Itidem
957 1901 1033 1979 660,
1047 1900 1101 1978 20,
1128 1899 1204 1984 667,
1218 1901 1272 1967 26.
1304 1902 1341 1967 16
1365 1907 1455 1987 parte
1479 1922 1595 1968 aversa
1618 1906 1840 1989 inscriptionis

639 2006 705 2072 652
736 2010 849 2072 statim
879 2007 918 2072 ab
948 2009 1042 2072 initio
1072 2028 1274 2093 gorgoneum
1305 2009 1425 2072 citatur
1455 2008 1518 2071 dri
1541 2017 1600 2079 τῆς
1625 2010 1765 2079 detrec<
1789 2015 1838 2079 τῆς

639 2114 701 2178 oiri
725 2117 777 2176 τοῦ
798 2110 896 2189 ἕδους,
917 2113 1002 2198 quod
1022 2111 1098 2189 660,
1114 2111 1156 2177 53
1176 2119 1209 2179 61
1229 2112 1305 2191 661,
1319 2112 1362 2178 26
1381 2115 1528 2178 recurrit.
1553 2112 1773 2200 Quamquam
1791 2135 1839 2180 vo

638 2216 790 2284 cabnlnm
810 2215 893 2290 ἕδους
912 2216 1049 2283 editores
1067 2217 1150 2282 unde
1160 2217 1300 2283 habeant
1311 2220 1415 2283 nescio
1424 2239 1432 2296 ;
1446 2239 1538 2295 nam,
1552 2227 1726 2302 qnantum
1739 2220 1836 2295 video,

638 2324 757 2408 ubique
780 2345 837 2408 per
860 2325 1076 2389 coniecturam
1095 2325 1129 2387 in
1150 2330 1276 2389 textum
1295 2323 1515 2389 introductum
1534 2332 1597 2389 661.
1622 2322 1837 2412 Gorgoneum

636 2435 783 2494 nostrum
807 2429 869 2492 ciri
893 2437 948 2502 τῆς
974 2428 1102 2496 cleriter
1127 2436 1182 2501 τῆς
1203 2429 1265 2492 ἀπὸ
1286 2433 1339 2492 τοῦ
1360 2429 1413 2494 aab
1433 2449 1500 2494 esse
1521 2429 1647 2495 dicitur
1668 2452 1770 2497 versu
1790 2431 1835 2496 74.

682 2535 772 2600 Η666
801 2537 906 2620 igitur
936 2537 1059 2600 incerta
1089 2540 1182 2612 6661,
1215 2534 1270 2600 sed
1300 2537 1334 2599 in
1365 2537 1573 2620 inscriptione
1598 2534 1671 2602 677
1698 2537 1731 2603 11
1757 2537 1786 2616 1,
1799 2536 1835 2601 35

637 2640 778 2706 fulcrum
807 2643 937 2706 crateris
966 2640 1060 2725 quale
1088 2646 1196 2705 nostro
1226 2639 1295 2705 loco
1324 2646 1597 2706 commemoratur
1619 2650 1705 2727 post
1727 2646 1835 2709 seriem

637 2768 847 2824 coronarum,
876 2745 915 2810 de
945 2767 1009 2831 qna
1038 2746 1131 2811 infra.
1162 2745 1312 2831 Spatium
1336 2752 1443 2811 tamen
1466 2744 1535 2811 illic
1559 2769 1625 2812 non
1653 2749 1779 2815 sufficit
1800 2747 1835 2813 ad

637 2852 830 2938 supplendas
849 2873 899 2917 res
918 2873 999 2936 quae
1018 2852 1104 2936 apud
1122 2872 1181 2916 nos
1193 2853 1339 2916 versibus
1353 2849 1486 2917 72-83
1499 2859 1701 2936 sequnntur.
1727 2854 1833 2920 Denuo

637 2961 741 3046 igitur
764 2978 930 3024 versamur
952 2960 987 3022 in
1011 2956 1151 3022 tenebris
1174 2978 1277 3042 neque
1299 2959 1419 3024 scimus
1442 2956 1526 3023 nude
1547 2958 1610 3024 hae
1634 2981 1692 3025 ree
1715 2963 1751 3026 in
1774 2957 1835 3027 cel-

636 3064 704 3129 lam
727 3063 1004 3149 centumpedalem
1026 3063 1227 3129 introductae
1251 3085 1354 3148 quove
1377 3070 1486 3151 postea
1509 3063 1639 3130 ablatae
1666 3070 1746 3131 sint

680 3283 756 3349 Inde
787 3305 806 3348 6
830 3304 927 3349 66666
950 3282 994 3347 86
1018 3287 1223 3347 recensentur
1245 3303 1296 3347 res
1319 3303 1358 3347 ex
1382 3282 1491 3348 eadem
1517 3286 1660 3349 materie
1686 3286 1744 3350 sed
1768 3306 1833 3369 pon·

635 3389 708 3454 dere
731 3389 848 3453 addito.
882 3387 928 3452 De
951 3390 1097 3452 canistris
1121 3390 1242 3452 ornatis
1265 3388 1352 3452 16616
1374 3392 1407 3452 61
1430 3386 1591 3474 Apollinis
1614 3390 1832 3475 imaginibus,

526 3559 529 3565 ,
635 3495 674 3560 (16
706 3500 815 3578 patera
845 3492 972 3559 Cleonis
996 3499 1090 3577 (qnae
1113 3513 1196 3557 nunc
1221 3493 1354 3557 demum
1377 3500 1462 3558 recte
1484 3492 1636 3578 legitur),
1665 3494 1706 3560 de
1730 3503 1834 3581 patera

633 3599 806 3685 glandibus
837 3604 948 3663 ornata
977 3599 1144 3675 (hactenus
1173 3597 1259 3663 male
1290 3600 1447 3682 scriptum
1479 3597 1585 3663 fuerat
1608 3606 1759 3674 66666666
1783 3621 1833 3686 pro

634 3707 796 3781 66666661,
821 3704 962 3789 quodni
986 3702 1081 3767 fallor
1104 3700 1195 3780 ἅπαξ
1218 3703 1370 3781 εἰρημένον
1393 3709 1465 3784 est),
1489 3702 1527 3769 de
1550 3705 1713 3772 turibulis
1737 3706 1834 3772 literis

636 3812 663 3874 A
694 3817 727 3876 et
757 3810 783 3873 B
814 3812 951 3895 signatis
983 3830 1064 3892 opus
1095 3830 1157 3873 non
1189 3814 1237 3873 est
1268 3808 1381 3874 dicere.
1414 3808 1565 3893 Reliqua,
1595 3814 1673 3875 auri
1698 3812 1834 3897 pondera

634 3916 776 3994 (xperior)
799 3914 934 3979 oriunda
957 3935 976 3977 6
998 3913 1119 3998 templo
1143 3913 1319 3992 Victoriae,
1344 3936 1363 3979 6
1385 3920 1476 3979 66616
1496 3914 1631 4000 templi,
1656 3919 1698 3983 ab
1720 3931 1832 3983 666616

634 4024 691 4085 riis
725 4027 758 4084 et
788 4019 936 4105 sigillum
966 4041 1040 4084 cum
1071 4019 1186 4095 66616,
1220 4022 1337 4085 misere
1368 4025 1518 4104 corrupta
1548 4031 1728 4089 recurrunt
1761 4022 1832 4097 679,

633 4124 649 4189 1
673 4124 824 4201 26-34;
851 4123 927 4201 677,
951 4124 982 4188 Il
1009 4122 1151 4189 18-23.
1176 4124 1243 4189 Has
1267 4145 1316 4189 res
1339 4145 1378 4189 ex
1398 4124 1632 4208 Opisthodomo
1653 4130 1690 4191 in
1710 4127 1833 4195 Oellnm

633 4229 911 4315 centumpedalem
932 4250 999 4294 esse
1023 4235 1252 4315 transportatas
1276 4232 1412 4316 agnovit
1434 4230 1600 4295 Lehnerus
1625 4231 1691 4311 (1.1.
1716 4257 1750 4320 p.
1773 4231 1832 4311 17).

634 4334 765 4399 Etenim
788 4333 830 4397 IV
855 4334 886 4410 2,
901 4332 995 4397 6456
1020 4334 1068 4396 ἐπ’
1093 4334 1357 4422 ’61666661ρῶ66
1383 4333 1544 4422 ἄρχοντος]
1569 4338 1642 4401 sive
1668 4338 1720 4402 Ol.
1748 4337 1831 4415 95,2

634 4446 799 4524 tamqnam
824 4441 857 4502 ἐκ
883 4443 935 4502 τοῦ
960 4439 1184 4516 ’0661611666
1207 4439 1306 4505 611616
1328 4447 1560 4505 enumerantur
1581 4489 1686 4509 .....
1708 4446 1756 4509 τὸ
1775 4446 1833 4508 ἕλε

632 4544 769 4625 perrara
896 4545 1088 4621 θυμιατήριον
1117 4548 1208 4609 varia
1236 4545 1376 4629 pondera
1406 4544 1569 4611 mutilata.
1602 4546 1749 4614 Eosdem
1782 4571 1832 4613 nu·

633 4671 737 4714 meros
769 4648 1035 4735 deprehendimus
1066 4649 1108 4713 IV
1141 4650 1172 4727 2,
1187 4648 1252 4713 663
1285 4650 1334 4716 Ol.
1359 4649 1448 4726 95‚3
1479 4671 1543 4714 una
1574 4672 1653 4716 cum
1686 4653 1830 4739 reliqniis

633 4776 749 4819 vocum
773 4757 975 4830 θυμιατήριον,
995 4754 1147 4832 οἰνοχόαι,
1171 4760 1270 4833 racd,
1291 4753 1340 4819 iva
1361 4757 1375 4819 l
1396 4755 1613 4820 ’1161666661
1635 4755 1686 4821 iva
1709 4761 1724 4823 b
1747 4759 1829 4827 Ζεύς.
