4525 5950
1081 701 1212 751 aaaron
1446 760 1451 771 ³
1699 682 1741 750 37

589 865 628 930 In
660 865 763 932 altera
786 868 964 932 sententiae
987 873 1077 953 parte
1099 888 1164 933 non
1187 869 1254 933 sine
1277 887 1373 932 cauea
1394 867 1565 933 haeserunt
1588 867 1743 935 Baehren-

540 974 613 1038 eius
649 979 682 1039 et
718 973 907 1052 Buecheler,
943 994 1081 1059 quorum
1112 972 1194 1039 alter
1223 995 1280 1061 pro
1313 974 1358 1038 sic
1387 981 1421 1038 ut
1444 977 1551 1061 potina
1574 975 1661 1053 ticet,
1687 975 1742 1041 ille

541 1084 655 1144 antem
689 1102 753 1143 cum
782 1078 851 1166 legi
883 1081 984 1146 iubet.
1015 1079 1175 1147 Neutrum
1208 1087 1318 1146 tamen
1345 1082 1428 1146 mihi
1459 1080 1581 1167 plaeet;
1614 1085 1742 1147 namsi

541 1184 664 1250 Seneca
696 1207 808 1251 revera
839 1184 923 1252 clare
953 1185 1167 1252 intellexisset
1197 1186 1355 1271 quomodo
1379 1207 1429 1251 ree
1452 1207 1485 1251 se
1510 1187 1656 1265 haberet,
1682 1188 1742 1253 hoc

542 1288 602 1356 alii
625 1311 753 1377 quoque
776 1291 935 1378 explicare
959 1294 1127 1378 potuisset.
1153 1291 1368 1372 Quamobrem
1391 1293 1472 1357 mihi
1496 1294 1543 1357 ita
1566 1291 1740 1378 legendum

543 1396 693 1462 videtur:
718 1420 770 1461 nec
795 1434 838 1447 -
856 1399 974 1481 prosit,
999 1399 1061 1476 sic,
1085 1406 1120 1462 at
1142 1398 1225 1462 ittud
1246 1398 1406 1480 inteltepas
1422 1398 1592 1483 profuisse.

588 1648 648 1734 Ep.
675 1648 729 1726 95,
745 1649 796 1714 16.
821 1648 900 1712 Inde
920 1649 1048 1734 mffuaia
1068 1649 1189 1712 luridae
1208 1647 1279 1712 bilis
1299 1658 1328 1712 et
1347 1649 1465 1713 decotm
1485 1648 1586 1711 nultus
1604 1650 1741 1733 tabesque

539 1754 575 1816 in
599 1777 631 1817 se
646 1754 884 1837 putrescentium
907 1761 936 1818 et
958 1754 1103 1819 retorridi
1126 1753 1220 1835 dipiti
1243 1753 1385 1817 articulis
1405 1754 1653 1836 obripescentibus
1674 1778 1739 1818 ner-

541 1883 700 1945 vorumque
720 1860 786 1925 sine
807 1883 896 1925 senaa
919 1860 1081 1925 iacentium
1106 1867 1209 1942 torpor
1231 1867 1286 1923 aut
1302 1859 1474 1942 palpitatio
1498 1882 1652 1942 corporum
1673 1861 1740 1925 sine

539 1965 760 2029 intermissione
780 1965 973 2030 vibrantium.

585 2070 662 2137 Voc.
695 2094 865 2155 carporum,
898 2071 982 2157 quod
1012 2074 1078 2137 iam
1108 2070 1260 2136 Muretus
1291 2069 1429 2150 delevit,
1462 2093 1501 2136 ne
1524 2092 1584 2158 ege
1607 2072 1737 2157 quidem

537 2176 707 2243 ferendum
731 2177 829 2256 duco;
849 2176 907 2243 alii
926 2183 1037 2243 autern
1057 2180 1177 2241 cordum
1196 2176 1400 2257 (Windhaus)
1421 2183 1478 2242 aut
1492 2179 1739 2260 praecordiorum

537 2283 742 2365 (Buecheler)
765 2286 979 2349 coniecerunt.
1009 2283 1100 2364 Quod
1123 2284 1164 2349 ad
1188 2286 1364 2349 sententiae
1387 2286 1524 2369 priorem
1549 2291 1673 2369 partem
1694 2291 1739 2350 at

538 2393 639 2467 tinet,
672 2410 737 2454 non
769 2388 860 2454 facile
890 2391 961 2474 quie
994 2393 1162 2476 negaverit
1192 2389 1232 2455 ad
1265 2410 1333 2456 voc.
1353 2389 1591 2472 putrescentium
1615 2390 1738 2476 aliquid

537 2494 721 2560 addendum
741 2515 823 2572 eeee;
844 2494 881 2559 P.
903 2493 1042 2561 Thomas
1062 2496 1200 2580 tuberque
1218 2495 1361 2559 aiecerrnn
1375 2495 1625 2577 putrescentium,
1644 2495 1736 2561 Koch

534 2601 769 2684 putrescentium
800 2600 935 2665 dentium
964 2607 1215 2687 temptaverunt.
1247 2601 1365 2681 Quidni
1389 2604 1509 2666 vitium
1534 2623 1637 2666 unum
1660 2623 1735 2667 eum

535 2707 638 2772 altero
669 2706 822 2772 tollamus
856 2709 1047 2792 transposito
1079 2728 1147 2772 voc.
1178 2729 1332 2789 corporum
1354 2713 1426 2792 poet
1451 2707 1604 2792 tabesque,
1628 2711 1675 2773 ita
1698 2715 1736 2773 ut

536 2813 615 2877 haec
646 2815 804 2877 sententia
835 2811 969 2877 evadat:
1001 2812 1139 2875 inde-
1164 2814 1302 2898 tabesque
1337 2835 1489 2895 carporum
1519 2811 1553 2875 in
1582 2835 1614 2875 se
1629 2820 1734 2895 patre-

534 2917 681 2983 scentium
705 2925 735 2982 et
756 2953 798 2966 -
818 2939 1029 3004 nervorumque
1051 2917 1118 2982 anre
1140 2941 1228 2984 sermu
1251 2920 1412 2984 iacentium
1434 2925 1537 3001 torpor
1559 2925 1613 2983 aut
1629 2919 1735 3003 patpi·

535 3026 613 3090 tatia
635 3025 701 3090 sine
724 3024 944 3090 intemnissione
966 3026 1157 3093 vibrantium.

582 3260 644 3347 Ep.
670 3260 746 3338 101,
759 3259 791 3327 8.
829 3261 888 3342 Qui
919 3261 1028 3324 cotidie
1058 3260 1140 3323 uitae
1169 3283 1242 3323 suae
1271 3282 1409 3323 mmmam
1434 3283 1551 3324 manum
1574 3261 1732 3342 imposuit,

534 3389 597 3430 nou
627 3367 744 3448 indipet
774 3374 910 3449 tempore.
948 3389 984 3430 ec
1013 3368 1070 3429 bac
1100 3373 1197 3430 ante'm
1227 3367 1396 3448 indipentia
1430 3367 1518 3431 timor
1547 3368 1682 3430 nascitur
1705 3374 1734 3430 ct

533 3472 691 3554 cupiditas
716 3473 829 3558 futuri
864 3474 989 3536 caedens
1023 3473 1163 3538 animum.
1195 3473 1277 3536 nibil
1307 3480 1351 3535 est
1381 3473 1518 3537 miserius
1547 3473 1733 3537 dubitatione

532 3579 719 3642 venantium
741 3601 865 3664 quorsus
889 3580 1018 3642 evadant
1041 3584 1095 3642 stc.

581 3683 667 3763 Quid
702 3685 754 3750 hic
788 3686 850 3750 eibi
884 3683 980 3750 velit:
1017 3686 1198 3749 uenientium
1232 3688 1278 3750 eic
1313 3684 1398 3749 nude
1433 3687 1576 3769 positum
1612 3685 1732 3750 frustra

530 3810 670 3877 quaero;
703 3811 800 3875 quare
831 3790 1005 3878 legendum
1037 3812 1163 3857 censeo:
1198 3792 1361 3855 verentium
1381 3791 1413 3868 ¹),
1439 3792 1522 3875 quod
1547 3812 1623 3856 cum
1646 3798 1732 3856 ante·

530 3898 735 3964 cedentibus:
768 3920 805 3961 en
835 3900 892 3961 bac
922 3905 1018 3964 autem
1047 3899 1218 3981 indipentia
1247 3899 1335 3962 timor
1358 3898 1494 3962 necatur
1517 3920 1544 3964 e.
1558 3921 1587 3985 q.
1601 3921 1625 3965 e.
1652 3900 1729 3965 bene

530 4004 702 4069 cohaerere
726 4003 864 4069 videtur.

576 4220 638 4307 Ep.
665 4220 739 4298 102,
753 4219 807 4286 27.
833 4221 949 4287 Mortis
968 4227 1094 4287 metum
1113 4224 1241 4287 inanem
1262 4243 1328 4288 eaeo
1348 4222 1461 4288 decena
1481 4224 1514 4289 S.
1535 4225 1613 4289 haec
1635 4225 1727 4290 dicit:

530 4330 635 4412 Aequa
659 4329 757 4391 animo
780 4329 906 4391 membra
929 4328 989 4392 iarn
1011 4350 1196 4411 superuacua
1220 4329 1337 4392 dimitte
1361 4337 1389 4392 et
1412 4331 1490 4393 istuc
1513 4353 1617 4414 corpus
1641 4332 1728 4395 inba-

529 4433 660 4497 bitatum
682 4433 736 4497 din
753 4456 853 4516 pene:
874 4433 1036 4512 scindetur,
1058 4436 1206 4511 obruetur,
1226 4434 1399 4502 abolebitur.
1419 4437 1494 4522 qnid
1512 4438 1728 4502 commutaris?

521 4546 657 4624 pneunt
678 4562 766 4623 saepe
787 4540 952 4605 uelamenta
976 4541 1169 4605 nascentium.

562 4816 590 4878 1)
608 4814 648 4865 (tt.
663 4815 717 4865 Ter.
734 4816 796 4865 And.
815 4814 878 4869 17⁶2
899 4814 966 4866 theri
983 4830 1076 4882 semper
1094 4814 1181 4864 lenitas
1195 4812 1200 4881 Ι
1215 4813 1314 4864 verebar
1331 4830 1446 4879 quorsum
1463 4814 1598 4867 πώποθ’.
