4525 5950
532 690 599 756 260
655 742 661 755 .
1023 709 1065 755 oa
1089 708 1233 757 osanam.

530 879 676 961 poteraut
691 871 725 952 ¹).
757 873 877 946 'Aribae
908 872 1074 951 ἀμείλιχος
1099 871 1144 947 ἠδ’
1171 871 1396 952 adduceres&
1418 873 1464 936 ibi
1488 870 1639 936 audiebat
1665 870 1728 935 Ad-

531 988 653 1058 metus;
678 979 788 1043 Brimo
812 979 893 1043 forte
918 979 1074 1052 Ἀδμήτου
1099 980 1175 1057 Κόρη
1191 975 1226 1059 ³).

577 1085 742 1150 Habemus
764 1088 797 1148 in
821 1083 934 1149 nucleo
955 1106 1018 1148 non
1039 1083 1132 1148 modo
1154 1082 1325 1149 Alcestidis
1344 1081 1488 1148 fabulam
1508 1082 1726 1168 euripideum,

531 1190 585 1256 sed
616 1191 649 1255 id
680 1212 806 1275 quoque
837 1193 1068 1275 perspicimus:
1092 1210 1150 1275 par
1171 1189 1252 1253 illud
1276 1189 1427 1266 deorum,
1454 1188 1563 1253 Brimo
1587 1194 1621 1253 et
1644 1188 1728 1253 Mer·

532 1298 658 1362 curium
667 1345 675 1372 ,
698 1305 806 1375 Φεροῑο
830 1298 859 1359 ἓν
879 1297 1067 1373 πολυρρὴνοος
1083 1333 1124 1342 -
1139 1296 1195 1359 ubi
1216 1297 1372 1381 regnabat
1390 1316 1447 1359 rex
1472 1295 1629 1369 Ἐὔμηλος
1645 1290 1672 1373 ⁴)
1687 1330 1727 1341 -

532 1403 745 1480 honoratum,
776 1423 885 1467 revera
909 1423 975 1467 esse
1000 1403 1050 1465 τὸν
1076 1403 1236 1481 Κροοφοροο
1262 1399 1324 1464 tso'v
1349 1407 1381 1466 et
1401 1405 1550 1480 Ἄρτεμιν
1576 1400 1727 1480 κερασφό-

532 1532 588 1586 ρον,
620 1507 673 1573 rel
696 1510 803 1593 potius
826 1507 931 1573 Deum
955 1505 1170 1593 Cornigerum
1195 1514 1227 1571 et
1251 1506 1352 1572 Deam
1376 1505 1572 1584 Oomutam,
1594 1509 1727 1571 numina

531 1616 636 1700 igitur
666 1614 809 1692 Κάρνεια.
841 1614 909 1694 Qua
940 1621 1049 1679 autem
1072 1616 1277 1678 veneratione
1301 1616 1434 1677 numina
1457 1611 1515 1677 illa
1539 1612 1729 1677 fruebantur

532 1723 617 1785 inter
639 1734 781 1806 pastores
805 1721 1104 1806 Peloponnesiacos,
1129 1719 1240 1784 eadem
1264 1722 1298 1782 in
1322 1717 1487 1783 Thessalia
1510 1717 1730 1783 afficiebantur

534 1847 552 1890 a
576 1826 728 1892 Pheraeis
742 1824 778 1903 5).

577 1930 662 1998 (lum
695 1954 770 1997 vero
794 1937 944 2017 appareat
968 1928 1109 1995 Alcestin
1135 1931 1174 1994 ab
1199 1929 1293 1994 heroe
1319 1929 1456 2015 quodam
1482 1928 1618 2006 Θανάτῳ
1643 1950 1729 2013 erep

534 2044 600 2102 tam
628 2044 660 2102 et
687 2038 798 2102 Brimo
826 2058 845 2102 a
871 2037 1025 2101 daemone
1053 2058 1091 2100 ex
1119 2035 1229 2100 inferis
1255 2037 1288 2099 in
1309 2035 1416 2099 lucem
1439 2035 1607 2099 reductam
1629 2055 1728 2100 unam

533 2143 728 2227 eandemque
752 2164 819 2208 esse
843 2143 952 2220 deam,
977 2163 1080 2228 neque
1102 2163 1120 2206 a
1145 2142 1236 2206 Luna
1259 2141 1316 2206 dea
1340 2140 1516 2219 diversam,
1543 2140 1669 2206 clarum
1693 2141 1729 2205 iit

533 2270 617 2313 nexu
636 2250 787 2314 interiore
808 2248 948 2313 Alcestin
969 2270 1043 2313 cum
1068 2246 1197 2314 (lemeis
1221 2269 1288 2312 esse
1311 2250 1531 2324 coniunctam,
1556 2246 1729 2312 Alcestidis

533 2353 643 2419 laudes
667 2353 864 2420 Oarneorum
888 2355 986 2418 luisse
1009 2358 1134 2438 partem
1160 2373 1291 2418 sacram.

578 2460 736 2525 Admetus
767 2466 893 2537 autem,
922 2463 976 2545 qui
1000 2463 1032 2523 in
1056 2458 1175 2545 Mytho
1200 2460 1422 2543 antiquissimo
1445 2461 1536 2523 iuxta
1560 2458 1674 2524 Brimo
1697 2467 1727 2523 et

534 2566 734 2632 Mercurium
758 2574 863 2651 partes
886 2566 1002 2652 agebat
1024 2569 1136 2651 exigui
1160 2567 1333 2641 momenti,
1356 2567 1474 2649 quique
1494 2565 1534 2629 ab
1553 2564 1727 2651 Euripide,

536 2679 573 2739 ut
604 2676 651 2738 ita
681 2674 804 2759 dicam,
836 2676 935 2737 creari
967 2672 1095 2748 debuit,
1120 2674 1154 2735 in
1179 2669 1308 2737 Carneie
1332 2673 1423 2734 exuit
1447 2676 1513 2734 tam
1538 2670 1729 2737 daemonem

536 2800 632 2864 quam
652 2799 761 2864 regem
781 2769 947 2862 iactusque
968 2784 1016 2842 est
1035 2779 1188 2853 sacerdos,
1212 2777 1362 2855 ὑπηρέτης
1379 2783 1436 2840 τῶν
1449 2778 1529 2842 θεῶν.
1543 2775 1727 2843 Miserrima

536 2885 675 2970 profecto
707 2906 785 2949 usus
817 2892 865 2949 est
896 2890 980 2948 sorte
1009 2882 1145 2957 ἄδμητος
1176 2882 1249 2959 ille,
1282 2885 1374 2947 cuius
1398 2882 1580 2947 divinitatis
1605 2904 1730 2949 memor

532 2997 600 3056 erat
619 3013 728 3068 nemo,
750 2994 841 3056 cuius
862 2993 1029 3077 potestatis
1049 2993 1157 3076 regiae
1176 2991 1205 3052 ἐν
1226 2990 1386 3068 seposuisse
1407 2989 1501 3054 modo
1513 2993 1729 3056 meminerant

534 3095 698 3162 homiues!

577 3202 726 3288 Euripidi
747 3208 854 3266 autem
874 3201 1050 3266 Admetum
1072 3200 1243 3266 Alcestidis
1261 3201 1401 3265 scaritum
1421 3203 1540 3266 creanti
1559 3200 1645 3266 male
1666 3223 1729 3266 ces

533 3312 611 3374 sisse
631 3329 715 3386 rem,
737 3313 808 3393 quis
827 3305 978 3393 negabit?
999 3307 1061 3373 Sed
1080 3309 1136 3391 qui
1157 3310 1290 3392 propius
1308 3307 1554 3372 consideraverit
1573 3308 1730 3394 mythum

534 3414 616 3479 unde
646 3417 793 3500 provenit
824 3411 949 3491 fabula,
974 3417 1018 3490 is,
1044 3416 1165 3499 opinor,
1190 3412 1339 3478 concedet
1363 3433 1401 3477 ex
1426 3413 1583 3489 Admeto,
1609 3413 1726 3478 infero·

534 3542 608 3585 rum
632 3541 707 3606 rege
732 3518 815 3584 nulli
838 3542 900 3584 non
924 3523 1048 3597 inviso,
1073 3522 1107 3583 in
1131 3518 1261 3583 Brimus
1284 3525 1392 3583 autem
1417 3525 1449 3583 et
1468 3518 1624 3584 Mercurii
1644 3540 1732 3585 amo·

532 3626 621 3690 ribus
654 3624 766 3703 ἕφέδρῳ
799 3625 1046 3703 molestissimo,
1080 3647 1143 3690 non
1175 3623 1266 3689 facilc
1300 3628 1443 3710 potuisse
1473 3623 1542 3688 fieri
1573 3628 1730 3688 maritum

533 3737 694 3796 amantem
720 3737 814 3816 atque
839 3739 993 3797 amatum.

568 3975 591 4035 l)
609 3972 703 4022 Gallim.
722 3972 750 4020 ir.
770 3971 825 4022 lli.
846 3971 916 4036 Prop.
935 3969 968 4029 Il,
987 3972 1010 4030 2,
1031 3973 1069 4020 ll.
1086 3971 1135 4021 Cic.
1158 3975 1184 4020 D.
1203 3971 1233 4021 D.
1253 3973 1284 4020 N.
1304 3971 1342 4020 lII
1361 3973 1401 4023 22.
1420 3973 1518 4037 Grupps
1537 3973 1567 4019 G.
1588 3973 1624 4020 M.
1644 3974 1702 4021 llS.

568 4056 592 4116 2)
612 4055 683 4103 Hom.
705 4055 716 4101 1
738 4055 792 4103 158.
1011 4056 1035 4114 3)
1055 4054 1157 4117 Hesych.
1175 4054 1224 4103 ir.
1443 4057 1470 4114 4)
1490 4054 1561 4102 Hom.
1582 4050 1665 4104 eree.

569 4141 593 4194 Β)
611 4136 703 4184 Usener
720 4137 796 4198 (llus.
815 4134 891 4184 Rhen.
910 4134 962 4184 Vol.
982 4138 1013 4184 5³
1030 4151 1054 4199 p.
1072 4135 1213 4193 359-363,
1232 4134 1303 4195 atti:
1324 4137 1388 4183 ‚Ans
1403 4136 1445 4184 der
1462 4135 1558 4184 Wnrsel
1574 4137 1620 4183 lar
1633 4138 1731 4194 mussd)

534 4220 577 4267 wis
594 4219 642 4267 ind.
660 4220 775 4274 karanus,
792 4218 833 4265 (ias
850 4218 884 4266 im
898 4218 1005 4280 Rigvcde
1019 4216 1138 4277 eiumsl(l)
1154 4218 1290 4266 vorlmmmt
1306 4218 1353 4265 und
1367 4217 1515 4281 kasstfsrtiq
1530 4217 1657 4275 bedentet,
1673 4219 1732 4277 wlf)

533 4301 615 4365 griseis
645 4302 739 4349 Karnos
763 4299 890 4363 obgeleitet
914 4300 964 4348 sein
983 4314 1022 4347 um
1040 4299 1108 4347 einen
1127 4300 1168 4347 des
1186 4299 1299 4348 Getreide
1316 4315 1359 4348 zur
1376 4299 1444 4348 Reiie
1461 4299 1607 4363 bringenden
1625 4301 1687 4347 eost
1704 4315 1731 4347 su

533 4382 699 4432 bezeichnen''.
728 4409 757 4418 -
789 4382 893 4444 ingenue
918 4382 995 4429 fateor
1017 4396 1054 4429 me
1079 4381 1158 4429 virum
1181 4381 1316 4445 egregium,
1339 4382 1377 4430 oui
1400 4382 1479 4431 mults
1504 4380 1615 4431 debemus
1633 4397 1730 4440 omues,

534 4466 598 4514 hisce
624 4466 649 4515 in
675 4465 826 4528 etymologiis
848 4464 914 4528 sequi
938 4480 1012 4527 neque
1034 4478 1100 4528 posse
1124 4478 1201 4527 neque
1224 4464 1292 4513 selle.
1318 4467 1390 4523 Mox,
1409 4465 1503 4529 opinor,
1520 4481 1573 4514 curn
1592 4464 1731 4512 Stesichoro

534 4546 639 4596 cantabit
657 4548 720 4611 ipss:
739 4544 783 4595 oin
800 4544 858 4594 ’ἐστ’
875 4543 970 4606 ’ἔτυμος
988 4546 1064 4606 λόγος
1081 4537 1166 4602 virosi
1186 4548 1240 4610 Qua
1257 4546 1377 4610 palinodia
1394 4547 1500 4612 priorem
1514 4546 1640 4596 oculorum
1655 4546 1731 4595 sciam

536 4627 694 4693 recuperabit.
