4525 5950
538 703 582 767 52
1051 719 1220 767 romanon.

536 887 632 949 rium.
674 883 721 946 Ex
755 883 880 946 duobus
909 883 1119 967 heredipetis,
1160 887 1216 967 qui
1247 885 1424 961 ἐθεράπευον
1458 886 1614 955 ἀλλήλους
1649 886 1734 962 ὑπερ

536 989 727 1067 βαλλθμενοι
759 999 795 1066 τῇ
821 988 985 1069 κολακεία,
1010 986 1148 1052 alterum
1172 987 1265 1053 alteri
1290 991 1435 1053 intonare
1459 988 1593 1053 solitum
1618 990 1732 1054 fuisse:

536 1096 604 1159 Ant
625 1100 660 1158 tu
680 1115 733 1158 me
753 1093 791 1157 de
813 1092 917 1157 madio
937 1092 1014 1157 tolle
1035 1099 1091 1157 aut
1112 1114 1173 1179 ego
1194 1091 1241 1157 te!
1267 1094 1397 1158 Novum
1418 1095 1635 1159 otautehunc
1648 1096 1732 1159 diem

534 1199 719 1264 inauditum
739 1219 842 1283 genua
861 1198 920 1262 boc
940 1196 1151 1276 adulationis,
1173 1205 1309 1263 mortem
1331 1198 1427 1263 alicui
1448 1197 1582 1263 minari!
1605 1200 1734 1264 Accedit

535 1304 620 1391 quod
651 1302 741 1369 nulla
763 1324 857 1368 causa
881 1303 1024 1367 redditur
1048 1325 1105 1368 cur
1129 1306 1287 1381 Aristeas,
1311 1308 1366 1390 qui
1390 1305 1542 1370 secundas
1567 1309 1601 1369 in
1625 1305 1732 1370 fabula

535 1414 621 1497 agit,
659 1409 736 1474 talia
771 1411 803 1473 in
841 1409 1044 1473 Moerichum
1081 1412 1231 1485 iactaret,
1267 1431 1331 1475 non
1366 1413 1445 1475 item
1480 1410 1670 1476 Moerichue
1700 1414 1732 1475 in

536 1519 706 1580 Aristeam.
739 1515 808 1579 Non
840 1535 959 1599 magna
990 1518 1171 1579 mutatione
1202 1537 1282 1599 opus
1315 1523 1380 1591 est,
1405 1524 1440 1580 ut
1464 1538 1503 1582 ex
1527 1517 1666 1581 absurdo
1690 1521 1733 1580 in·

536 1629 634 1687 vento
666 1642 781 1685 verum
812 1622 982 1704 proveniat
1013 1628 1046 1684 et
1077 1623 1122 1684 roi
1155 1641 1234 1705 quae
1266 1630 1413 1686 narratur
1436 1625 1654 1706 aptissimum.
1680 1623 1733 1688 bc·

535 1726 695 1814 gendum:
728 1720 783 1800 οἰς
809 1727 842 1788 τὸ
867 1727 1032 1799 Ὀμνιρικδν
1058 1725 1151 1790 ἐκεῖνο
1175 1727 1329 1789 εἰώθειν
1364 1728 1531 1803 ἐπιλέγειν.
1556 1727 1730 1806 'Quotiens'

535 1837 581 1898 ait
600 1832 711 1900 Grates
730 1832 819 1896 ‘duna
836 1830 927 1908 illos,
949 1835 1005 1916 qui
1025 1831 1179 1897 simulata
1199 1835 1342 1897 amicitia
1362 1833 1443 1898 altor
1463 1833 1597 1898 alterius
1617 1834 1730 1918 opibue

534 1940 717 2014 inhiabant,
749 1937 952 2021 conspicabar
983 1937 1037 2002 vel
1061 1938 1099 2002 de
1122 1941 1162 2002 iis
1187 1939 1388 2024 cogitabam,
1412 1938 1624 2004 Homericum
1648 1939 1730 2004 illud

534 2046 616 2110 mihi
639 2044 844 2109 succurrebat
866 2052 898 2107 et
917 2046 950 2106 in
970 2064 1022 2108 eoa
1043 2044 1213 2107 transferre
1233 2044 1266 2108 id
1285 2043 1450 2108 solebam’.
1475 2044 1608 2128 Propria
1628 2049 1731 2109 utitur

535 2151 631 2215 verbo
656 2148 889 2224 ἐπιλέγειν,
915 2148 999 2233 quod
1025 2147 1133 2212 locum
1157 2148 1253 2213 habet
1272 2150 1329 2213 ubi
1349 2153 1468 2213 citatur
1488 2155 1599 2234 podtae
1620 2171 1728 2215 versus

535 2255 588 2321 vel
624 2254 828 2339 proverbium
864 2251 915 2317 vel
952 2252 1117 2317 sollemnis
1152 2254 1260 2339 aliqua
1290 2253 1485 2320 acclamatio.
1518 2253 1620 2321 Cuius
1656 2277 1728 2320 usna

535 2360 682 2445 exempla
717 2358 839 2443 aliquot
874 2379 891 2422 e
927 2357 1092 2422 Plutarchi
1126 2359 1305 2424 Moralibua
1335 2359 1444 2424 afferre
1474 2358 1587 2425 liceat:
1620 2363 1676 2425 ἐὰν
1701 2365 1727 2425 ἐν

535 2467 696 2546 οἰποδημίᾳ
722 2489 767 2535 τις
793 2464 948 2542 οἰποθοίνιι,
974 2467 1126 2527 στένουσιν
1152 2465 1443 2541 ἐπιλέγοντες·

673 2571 840 2647 δύσμορος,
865 2570 925 2633 οὐδ’
950 2568 1011 2645 οἰροι
1035 2573 1075 2649 τῷ
1099 2594 1140 2646 γε
1165 2573 1268 2647 πατὴρ
1293 2572 1345 2635 καί
1369 2572 1480 2634 πθτνιοο
1503 2575 1604 2649 μήτηρ
1636 2596 1639 2601 ·

670 2676 741 2740 θσσε
768 2676 998 2751 καθαιρήσουσιν
1022 2673 1168 2755 (117Β);
1449 2658 1455 2671 ’

534 2783 779 2858 ἐπιλέγουσι
808 2781 836 2843 δὲ
864 2783 914 2843 καί
939 2782 965 2843 οἰ
991 2780 1281 2861 παροιμιαζόμενοι·

670 2890 728 2950 τοίν
752 2894 845 2965 χοῖροι
871 2885 1079 2964 ποτιφέροντα
1105 2889 1163 2950 τοίν
1188 2889 1291 2967 τύχαν
1314 2896 1420 2951 καλεῖν
1443 2886 1523 2967 (239
1533 2889 1576 2967 A)
1585 2909 1593 2967 ;
1696 2931 1698 2935 ·

533 3000 589 3066 τῆς
614 3002 736 3073 φωνῆς,
762 2988 796 3065 ἣν
820 2994 1065 3068 ἐπιλέγουσι
1090 2997 1131 3071 τῷ
1157 2992 1340 3071 διωκομένῳ·

667 3098 722 3174 ἔξω
747 3100 803 3173 μὲν
828 3097 986 3174 βούλιμον,
1012 3097 1068 3162 ἔσαν
1093 3099 1122 3162 δὲ
1148 3101 1365 3175 πλουθυγίειαν
1388 3098 1468 3177 (694
1478 3100 1519 3178 Α)
1528 3120 1536 3177 ;

532 3203 610 3270 ούποι
639 3206 690 3268 καί
719 3204 821 3274 ’θείατ’
850 3206 901 3267 καί
930 3204 1136 3282 'tarvennicae'
1164 3207 1215 3268 καί
1240 3205 1428 3284 ‘inpariter’
1454 3205 1726 3282 ἐπιλέγοντες

531 3309 649 3390 (45F);
675 3312 807 3381 ταύταις
832 3311 939 3385 μθναις
964 3318 1036 3381 ταῖς
1062 3311 1178 3383 ἡδοναῖς
1204 3312 1237 3373 τὸ
1262 3308 1386 3380 ’καλῶς’
1407 3312 1696 3387 ἐπιλέγεσθαι.

577 3535 656 3600 lbid.
684 3535 786 3599 125:
814 3537 865 3598 καί
890 3534 953 3597 ἰνοο
977 3559 1021 3597 σοι
1046 3538 1089 3607 μίι
1114 3534 1156 3597 τὰ
1183 3536 1212 3597 ἕν
1238 3535 1326 3613 Τύρῳ
1348 3535 1425 3608 μηδὲ
1446 3537 1488 3599 τοὶ
1509 3536 1538 3598 ἐν
1560 3535 1725 3610 Ἀρβήλοις

532 3642 746 3717 διηγήσωμαι,
779 3641 891 3703 οἰλλιί
926 3641 977 3702 καὶ
1011 3640 1103 3717 μέχρι
1137 3640 1233 3702 Ἰνδῶν
1266 3637 1361 3712 ἦλθον.
1395 3641 1465 3706 Non
1497 3649 1545 3705 est
1567 3641 1665 3715 haec,
1690 3646 1725 3703 ut

531 3747 722 3832 quibusdam
747 3745 823 3810 talia
847 3745 1008 3822 videntur,
1029 3751 1122 3830 grata
1143 3746 1360 3832 negligentia,
1380 3747 1435 3811 aad
1455 3767 1527 3830 para
1548 3748 1724 3811 sententiae

530 3853 694 3917 intercidit
718 3854 751 3915 in
774 3852 858 3916 hunc
882 3852 947 3915 lere
973 3852 1106 3915 modurn
1130 3853 1343 3917 restituenda:
1369 3855 1408 3916 οὔ
1435 3859 1592 3929 Περσῶν
1619 3853 1726 3931 θκριί-

533 3982 636 4032 τησα
661 3959 798 4033 μόνον,
825 3959 912 4019 οἰλλοὶ
938 3957 989 4019 καί
1016 3982 1051 4030 μ.
1079 3958 1114 4022 Ἰ.
1142 3954 1238 4028 ἦλθον.
1264 3957 1355 4037 Quod
1378 3965 1570 4043 postpauca
1591 3956 1728 4043 legitur:

532 4066 577 4133 οἰς
611 4064 673 4139 γοίρ
705 4063 738 4135 δίι
772 4062 922 4139 ἕκροίτνισε
955 4068 1012 4124 τῶν
1045 4064 1184 4137 Ἰταλῶν,
1218 4064 1262 4125 ἐῶ
1293 4064 1435 4137 λέγειν
1459 4059 1519 4127 ὅτι
1543 4063 1599 4126 οιίκ
1623 4064 1729 4141 ἰσχύι,

532 4170 619 4231 ιίλλοί
650 4171 776 4249 πονηρίᾳ
809 4169 859 4229 καί
894 4167 1028 4246 οἰπιστίρ
1060 4168 1110 4228 axi
1137 4167 1252 4244 δθλοιι,
1277 4168 1311 4231 id
1333 4168 1466 4233 fortasse
1491 4167 1728 4253 quodammodo

532 4274 657 4338 delendi
680 4279 803 4358 potest,
828 4273 881 4336 aed
906 4277 1025 4355 quanto
1049 4271 1167 4335 melius
1190 4274 1364 4338 scribetur:
1391 4276 1404 4335 ε’
1413 4281 1434 4336 ὦ
1459 4276 1600 4348 λέγειν
1625 4277 1730 4346 πλὴν

533 4377 578 4443 dre
603 4383 656 4444 οὐκ
680 4381 778 4458 ἰσχύι.

579 4581 657 4647 ibid.
686 4580 737 4644 15.
753 4580 791 4643 41
816 4580 860 4654 μίρ
880 4581 931 4641 καί
953 4580 1079 4654 γε’λυτα
1101 4579 1246 4657 ὄφλωμεν
1267 4580 1365 4659 ὥσπερ
1389 4582 1455 4645 καί
1481 4582 1526 4646 σὺ
1551 4589 1732 4648 τοιαῦτα

533 4688 745 4766 εὐχόμενοι.
759 4683 969 4751 Commendo:
984 4686 1371 4764 εύχόμενυς(γὲλοιτα
1391 4689 1732 4768 tollanturque).
