4525 5950
643 688 712 754 214
1161 705 1318 755 nostrus.

642 874 681 939 ad
701 894 839 938 carceres
856 877 1136 961 appropinquasset
1158 886 1190 938 et
1210 895 1247 939 sa
1270 894 1350 959 quae
1373 875 1407 937 in
1429 873 1607 938 editionum
1634 870 1836 957 marginibus

641 990 769 1067 praesto
793 992 883 1046 erant
906 981 945 1053 ad
969 981 1064 1046 tinem
1088 1002 1188 1066 usque
1213 980 1389 1046 describere
1411 979 1563 1045 noluisse.

690 1086 774 1151 Hinc
797 1091 941 1172 sequitur
963 1088 1040 1172 quid
1064 1092 1232 1152 aestimem
1255 1087 1293 1151 de
1316 1085 1513 1171 reliquarum
1537 1084 1728 1150 fabularum
1753 1084 1840 1149 echo

642 1192 705 1258 liis.
739 1193 803 1257 Hic
830 1215 956 1279 quoque
970 1195 1105 1278 credere
1129 1215 1249 1279 nequeo
1271 1194 1351 1257 duos
1373 1206 1570 1277 excerptores
1593 1213 1635 1256 ex
1659 1194 1839 1277 composito

644 1320 773 1385 operam
797 1303 842 1364 sic
865 1300 1028 1376 divisisse,
1053 1310 1089 1365 ut
1110 1308 1243 1385 uterque
1261 1322 1279 1365 s
1298 1310 1477 1365 commento
1495 1304 1528 1362 in
1547 1320 1641 1362 snam
1663 1297 1840 1363 editionem

643 1410 766 1491 optima
785 1410 940 1491 pessima,
960 1407 1015 1471 sed
1034 1429 1210 1492 numquam
1231 1407 1340 1471 eadem
1360 1401 1619 1491 transportarent.
1644 1405 1713 1470 Nec
1735 1412 1842 1470 tamen

643 1514 683 1577 ab
705 1511 805 1577 altera
829 1521 918 1598 parto
940 1513 1095 1579 contendo
1118 1536 1219 1578 uuum
1237 1513 1333 1578 illum
1353 1526 1586 1599 excerptorem,
1606 1533 1711 1597 quem
1733 1515 1842 1596 posui,

642 1619 682 1683 ab
710 1617 829 1683 Andria
859 1619 898 1682 ad
929 1619 1154 1685 Phormionem
1185 1623 1220 1684 in
1249 1619 1388 1706 singulis
1410 1618 1525 1683 fabulis
1549 1622 1641 1704 prius
1666 1621 1843 1683 temeraria

642 1724 845 1810 adscripsisse
878 1736 1027 1811 excerpta
1059 1730 1158 1812 primi
1193 1726 1331 1801 ordinis,
1367 1725 1439 1791 dein
1474 1724 1655 1789 identidem
1690 1722 1844 1788 intulisse

643 1830 881 1917 supplementa;
912 1831 945 1895 id
975 1835 1073 1896 nimis
1103 1837 1251 1918 ineptum
1282 1841 1363 1897 esset
1388 1832 1523 1897 credere.
1548 1829 1672 1895 Utres
1699 1853 1793 1896 nunc
1816 1852 1845 1895 se

644 1937 758 2013 habet,
778 1940 882 2001 tutius
902 1938 1032 2003 videtur
1050 1960 1090 2003 ex
1108 1939 1311 2003 Phormionis
1327 1937 1519 2003 scholiorum
1538 1937 1643 2001 forma
1655 1936 1738 2002 inde
1752 1936 1845 2002 2113

644 2041 727 2108 nihil
752 2042 855 2107 adhuc
877 2051 1016 2110 statuere
1040 2044 1078 2109 de
1099 2048 1274 2110 commenti
1295 2048 1419 2131 origine
1441 2048 1474 2108 in
1497 2043 1628 2128 reliquis
1655 2044 1844 2110 comoediis

690 2147 842 2216 Ceterum
872 2171 1073 2236 nequaquam
1104 2171 1215 2216 omnes
1244 2151 1462 2216 adnotationes
1492 2169 1573 2235 quae
1595 2151 1632 2212 iu
1656 2158 1845 2215 commenta

645 2254 685 2321 ad
727 2256 924 2321 Andriam
965 2256 1155 2342 philosopho
1196 2257 1421 2322 adiudicandae
1456 2256 1655 2323 videbuntur
1691 2258 1843 2333 exhibni;
1886 2238 1889 2275 ²

647 2361 763 2426 harum
794 2364 880 2427 enim
912 2383 1030 2449 magna
1052 2383 1125 2449 pars
1148 2366 1246 2429 etiam
1268 2363 1347 2428 latet
1369 2366 1402 2427 in
1426 2366 1466 2427 iis
1489 2361 1637 2439 scholiis,
1665 2367 1701 2427 in
1730 2365 1844 2450 quibus
1886 2288 1889 2437 l

648 2467 778 2533 eaedem
801 2489 850 2532 rss
873 2470 979 2533 verbis
1002 2469 1067 2533 sere
1090 2468 1251 2534 similibus
1271 2470 1319 2534 his
1338 2476 1387 2533 ter
1405 2477 1517 2555 quater
1535 2476 1736 2534 tractantur.
1764 2470 1844 2535 Haec
1887 2480 1889 2553 i

647 2571 767 2638 scholia
798 2573 955 2659 duplicia,
981 2574 1137 2660 triplicia,
1161 2573 1382 2660 quadruplicia
1404 2595 1668 2659 nonnumquam,
1695 2577 1788 2661 quod
1810 2575 1843 2640 ad
1887 2560 1889 2571 ¹

645 2681 804 2765 originem
837 2685 869 2744 st
899 2670 1045 2745 auctores
1074 2684 1205 2757 attinet,
1236 2683 1382 2746 omnium
1412 2680 1508 2767 longe
1530 2679 1732 2746 difficillima
1757 2696 1843 2757 sunt,

647 2788 793 2871 quocirca
823 2807 935 2851 eorum
963 2785 1127 2872 indagatio
1150 2794 1221 2872 post
1243 2786 1480 2872 simpliciorum
1504 2794 1654 2851 naturam
1681 2797 1718 2853 et
1745 2800 1844 2854 aucto

647 2894 777 2957 ritatem
801 2895 879 2957 satis
903 2893 981 2958 bene
1004 2900 1203 2980 perspectam
1227 2892 1359 2958 meliors
1380 2901 1499 2958 eventu
1520 2895 1734 2960 instituetur.

919 3078 938 3160 ᾗ
959 3075 988 3142 1.
1020 3076 1307 3142 Differentiae
1331 3077 1564 3141 verborum.

692 3242 777 3309 Prol.
801 3243 831 3308 4.
858 3242 977 3308 Verum
1000 3243 1094 3309 aliter
1117 3246 1243 3309 evenire
1267 3242 1371 3308 multo
1394 3241 1561 3328 intelligit.

693 3349 805 3436 Inepte
827 3350 959 3414 adnotat
982 3349 1203 3435 philosophus:
1225 3350 1310 3435 quod
1330 3349 1490 3415 credimus
1510 3347 1707 3433 plerumque
1730 3351 1842 3415 salsum

647 3464 712 3533 est,
744 3455 829 3542 quod
859 3454 1076 3542 intelligimus
1100 3463 1224 3521 certum
1247 3464 1304 3520 est.
1328 3455 1411 3535 (Iam
1436 3454 1621 3519 Wessuerus
1647 3455 1733 3521 haec
1758 3455 1841 3521 incli-

645 3565 729 3627 natis
752 3561 872 3628 litteris
895 3565 1076 3648 expressit.)

691 3705 772 3770 lbid.
799 3706 830 3771 8.
856 3704 1051 3785 Quamnam
1075 3709 1157 3770 vitio
1181 3706 1266 3770 dent.

691 3810 1073 3898 Donatusz'vituperent,
1094 3812 1234 3897 culpent.
1259 3810 1451 3897 Philosopho
1463 3819 1587 3895 praeter
1604 3817 1744 3877 textum
1758 3813 1840 3878 acho

647 3918 713 3984 lion
733 3919 848 3984 Donati
869 3920 948 3983 hanc
969 3918 1151 3984 mirabilem
1171 3918 1381 3983 differentiam
1398 3917 1636 4003 suppeditavit:
1657 3921 1842 4006 vituperare

649 4032 696 4089 est
720 4024 822 4103 mala,
848 4028 928 4089 vitio
952 4025 1025 4090 dare
1048 4028 1147 4089 etiam
1170 4026 1260 4089 bona.
1283 4024 1453 4101 (Wessner.
1478 4031 1514 4087 nt
1538 4031 1663 4107 supra.)

692 4174 812 4241 Scholii
836 4175 1052 4261 quadruplicis
1075 4176 1260 4260 exemplum
1283 4177 1450 4261 praebent,
1475 4195 1555 4260 quae
1577 4171 1748 4260 leguntur

695 4281 773 4346 lbid.
801 4281 851 4345 12.
876 4281 1035 4346 Dissimili
1059 4285 1181 4346 ratione
1204 4289 1279 4346 suut
1303 4283 1403 4347 factm
1427 4291 1459 4346 et
1481 4280 1576 4346 stilo:

694 4387 904 4452 Proferuntur
928 4397 1079 4473 quattuor
1102 4386 1314 4453 differentiae:

694 4491 804 4558 Oratio
826 4496 860 4557 in
883 4514 977 4557 sensu
1003 4501 1068 4570 est,
1093 4492 1188 4558 stilus
1211 4496 1244 4557 in
1267 4493 1384 4557 verbis.

693 4598 801 4664 Oratio
825 4599 864 4664 ad
888 4621 937 4664 res
961 4600 1107 4677 refertur,
1132 4599 1228 4664 stilus
1252 4599 1291 4665 ad
1315 4600 1419 4664 verba.

693 4705 795 4770 Stilus
814 4727 874 4770 non
894 4714 942 4770 ost
961 4708 994 4769 in
1015 4713 1139 4789 pectore
1160 4706 1265 4771 sedin
1285 4705 1408 4791 prolata
1427 4707 1586 4785 oratione,
1609 4712 1720 4777 oratio
1741 4718 1848 4778 autam

649 4820 682 4877 et
702 4815 733 4876 in
758 4815 951 4897 cogitatione
974 4819 1006 4877 et
1028 4815 1061 4877 in
1085 4812 1222 4899 prolatu.
