4525 5950
911 717 1151 767 naucsrnruss.
1562 699 1626 766 317

481 882 588 966 §312
613 904 643 968 p.
670 883 754 947 441:
787 884 812 947 εί
844 886 888 958 μη
918 887 976 953 τοὶς
1003 885 1116 961 οὶρετας
1142 886 1217 960 ὑπὲρ
1242 886 1342 948 αὐτῶν
1368 885 1482 952 ἐκείνας
1510 885 1536 946 οἱ
1560 891 1629 947 Μα-

432 994 540 1068 ραθῶνι
565 991 616 1053 καί
644 998 802 1063 Σαλαμῖνι
828 988 1022 1068 παρέσχοντο
1047 991 1094 1070 [σί
1120 991 1310 1066 ἡμέτεροι
1334 991 1548 1071 πρίγονοι].
1572 987 1631 1052 Est

433 1094 597 1161 emblema
618 1096 652 1159 in
677 1099 787 1180 paucis
809 1096 1027 1160 manifestum.

480 1298 500 1381 ξ
521 1295 587 1360 313
610 1318 641 1382 p.
668 1296 751 1361 442:
777 1292 815 1361 ὧν
839 1298 991 1375 ιίποτερῶν
1016 1298 1143 1368 ἐκείνους
1168 1294 1253 1367 οὗτος
1277 1299 1369 1367 αὐτὸς
1394 1296 1432 1361 ἂν
1455 1303 1509 1369 τηρ
1536 1298 1630 1360 ἐπιτι-

431 1406 515 1478 μίας
548 1402 671 1474 δικαίως
704 1407 754 1467 νῦν
786 1404 921 1480 ςερηίείη
952 1403 1004 1467 καί
1037 1406 1154 1479 ταύτην
1187 1405 1259 1482 ὑπὲρ
1286 1410 1343 1467 τῶν
1368 1404 1518 1482 προγόνων
1543 1405 1628 1480 ὑμεῖς

432 1508 471 1572 δί
481 1533 552 1580 κην
571 1507 702 1584 λάβοιτε
724 1511 796 1586 παρ’
815 1512 922 1574 αὑτοῦ.
946 1509 1085 1595 Supplc:
1106 1508 1187 1590 (αἰξί
1195 1535 1216 1574 α
1227 1517 1253 1590 ν)
1273 1510 1368 1586 δίκην,
1388 1509 1427 1574 cf.
1446 1508 1541 1594 §Sp
1555 1507 1631 1573 343.

480 1709 587 1794 §320
611 1733 642 1796 p.
668 1711 751 1777 444:
777 1719 838 1783 πῶς
865 1709 913 1776 οὖν
938 1712 1027 1775 ποίνί”
1052 1706 1073 1777 lc
1096 1713 1254 1787 βούλομαι
1275 1711 1507 1790 &andbeitan
1534 1719 1629 1788 πῶε;

433 1815 559 1887 οὕτως
593 1817 630 1882 ἂν
655 1818 833 1890 Ἀθηναίους
857 1821 944 1890 τινας
971 1817 1042 1896 εὕροι
1067 1817 1137 1886 τοὺς
1164 1818 1339 1890 Ἀθηναίους
1363 1818 1631 1895 ἐξαπατήσοντας.

433 1924 543 2010 Lege:
568 1920 688 2001 ὅπαρ;

481 2124 587 2209 §325
620 2147 651 2211 p.
677 2125 759 2189 445:
790 2125 832 2188 τὰ
864 2132 922 2189 τῶν
952 2127 1132 2204 συμμοίχαν
1164 2128 1222 2188 τῶν
1254 2126 1404 2203 ὑμετέραν
1437 2128 1627 2209 [Φωκίων]

433 2236 530 2310 τείχη
552 2232 803 2295 κατεσκάπτετο.
830 2230 929 2296 Item:
955 2231 1046 2315 §Ill
1071 2254 1101 2316 p.
1123 2231 1207 2296 384:
1228 2239 1286 2294 τῶν
1307 2232 1418 2311 ἐχθρῶν
1439 2232 1628 2314 [Φωκίων]

434 2336 528 2414 ι’ίρδην
559 2337 686 2412 ίλείροι.
722 2336 825 2415 Quam
858 2344 906 2402 881
936 2341 1057 2402 mirum
1088 2358 1127 2401 ne
1158 2338 1210 2402 hic
1239 2337 1369 2422 quidem
1393 2336 1554 2402 Blassium
1580 2339 1631 2402 cb-

435 2444 671 2527 temperarisse
695 2439 814 2508 chatc
838 2445 894 2527 qui
917 2445 1084 2530 proprium
1107 2465 1223 2508 nomen
1246 2442 1429 2507 eliminavit
1456 2445 1525 2507 Ver.
1547 2446 1630 2508 Lect.

436 2545 719 2632 pmuffi

481 2751 499 2833 ἓ
521 2747 588 2814 337
611 2772 642 2835 p.
664 2748 748 2814 449:
773 2751 814 2813 τίι
837 2751 953 2819 Θνίςου
974 2750 1024 2812 καί
1048 2757 1121 2814 τῶν
1143 2751 1192 2813 ἐπὶ
1214 2753 1311 2833 Τροία
1330 2751 1424 2816 κακοί.
1445 2749 1630 2816 Articulum

434 2860 594 2921 inseram:
635 2859 712 2935 (τὰ)
745 2862 818 2932 τῶν,
854 2877 893 2921 ne
928 2855 1104 2942 Thyestem
1137 2855 1265 2922 Troiam
1302 2856 1472 2942 aliquando
1507 2859 1631 2922 venisse

431 2961 612 3028 credamus.

481 3164 584 3249 §341
618 3187 649 3249 p.
674 3164 758 3229 450:
793 3169 825 3230 οὐ
857 3166 944 3240 μίνον
978 3166 1061 3229 κατὰ
1093 3165 1201 3230 τᾶλλα
1234 3168 1321 3230 ἀλλὰ
1353 3167 1405 3229 καί
1438 3167 1560 3245 (πρὸς)
1584 3166 1625 3228 τοὶ

431 3272 508 3347 πρὸς
542 3272 635 3334 αὑτὸν
665 3273 717 3334 τὸν
750 3270 902 3334 Φίλιππον
934 3272 1114 3350 πράγματα
1148 3274 1321 3350 πανταχῶς
1347 3275 1496 3351 συμφέρει
1522 3276 1627 3334 τοῦτον

432 3375 615 3440 ἑαλωκέναι.
640 3375 809 3441 Inserenda
831 3379 1025 3461 praepositio
1049 3379 1141 3442 cuius
1164 3377 1421 3462 compendiclum
1445 3379 1630 3463 saepissima

431 3482 609 3546 intercidit.

887 3573 1184 3652 (Continuabuntuc).

890 3829 933 3873 ΔΙ)
956 3827 1182 3875 lucillianum.

481 3960 563 4026 Sull.
589 3960 632 4024 34
655 3960 773 4041 (Sint).
797 3960 905 4025 Sullae
928 3960 1113 4045 triumphus
1133 3971 1171 4040 τῇ
1191 3962 1376 4043 πολυτελείᾳ
1398 3963 1450 4025 καὶ
1470 3962 1625 4037 καινότητι

431 4056 494 4116 τῶν
529 4052 700 4128 βασιλικῶν
731 4055 877 4128 λαφύρων
908 4051 1038 4127 σοβαρὸς
1070 4053 1231 4126 γενόμενος
1261 4054 1386 4131 μείζονα
1412 4054 1523 4126 κίσμσν
1547 4054 1623 4134 ἔσχε

431 4144 488 4205 καὶ
513 4144 609 4207 καλὸν
631 4143 734 4215 θέαμα
759 4142 827 4211 τοὺς
853 4142 1014 4219 cayster.
1039 4142 1087 4206 Ne
1109 4145 1217 4228 inepte
1241 4142 1398 4209 balbutiat
1422 4143 1624 4220 Plutarchus,

429 4254 492 4319 pro
518 4233 612 4296 καλίν
634 4232 763 4318 legetur
784 4231 921 4296 κοίλλιον.

483 4381 599 4449 Cimon
626 4383 666 4448 16
691 4382 810 4460 (Sint).
844 4381 976 4448 Helctcs
1005 4386 1039 4447 in
1060 4387 1198 4449 inermes
1221 4387 1306 4450 cives
1330 4408 1363 4451 se
1386 4391 1545 4473 impeturn
1568 4390 1628 4454 fac·

432 4482 527 4539 turos
556 4476 636 4549 rati,
668 4495 742 4538 cum
769 4472 844 4538 illos
867 4478 1005 4537 armatos
1029 4474 1068 4538 ad
1091 4496 1298 4561 pugnamque
1323 4484 1448 4562 paratos
1472 4479 1627 4556 viderent,

432 4565 636 4642 α’νεχιίρησαν
662 4566 710 4626 ἐπί
735 4566 793 4633 τὰς
818 4564 933 4633 πόλεις.
959 4563 1045 4642 Quae
1068 4564 1143 4628 illae
1162 4569 1226 4630 81111
1246 4570 1350 4635 πόλεις
1370 4572 1404 4633 in
1426 4569 1530 4633 11811818
1549 4569 1628 4635 latet

432 4656 587 4721 tenebris.
611 4653 770 4718 Venerant
793 4659 920 4729 autem,
944 4661 982 4717 ut
1002 4654 1097 4719 modo
1117 4654 1257 4735 dictum,
1279 4660 1312 4720 ίκ
1332 4667 1389 4723 τῶν
1410 4662 1521 4736 ἀγρῶν.
1542 4660 1628 4747 Ergo

432 4768 495 4833 pro
520 4746 622 4815 πόλεις
647 4743 885 4810 rescribendum
910 4744 1151 4816 8111ἕπαύλεις.
1429 4749 1458 4815 J.
1482 4750 1511 4815 ί.
1537 4751 1579 4816 Η.
