4525 5950
540 663 605 728 154
874 682 916 729 nr
938 681 1084 733 moesos
1107 684 1192 732 aruo
1215 685 1382 734 normann.

534 849 580 913 sic
614 848 761 913 universe
794 851 934 913 armandi
968 851 1128 916 oriebatur
1160 854 1264 928 notio,
1302 874 1363 918 uon
1399 849 1493 917 aliter
1525 872 1627 937 quam
1664 874 1725 918 usu

536 955 681 1018 venitin
705 955 810 1020 verbis
835 953 974 1035 ζωννύνοοι
999 962 1032 1020 et
1055 959 1217 1036 κορύσσειν.

582 1058 734 1145 Sequitur
764 1068 802 1126 ut
832 1063 979 1138 ύορνιιτής
1011 1062 1123 1129 Μ317
1157 1062 1276 1142 0689,
1302 1061 1366 1129 739
1400 1062 1517 1142 Φ277,
1541 1063 1610 1129 429
1642 1065 1728 1130 nihil

536 1165 623 1232 aliud
655 1169 697 1231 sit
728 1169 790 1232 nisi
821 1175 968 1247 ονοιοιιιι,
1000 1175 1291 1256 nequeopusest‚
1316 1173 1503 1255 praesertim
1528 1175 1670 1237 sirecte
1694 1194 1727 1238 se

534 1273 652 1338 habent
682 1294 719 1338 ea
750 1295 829 1360 quae
854 1278 1059 1360 exposuimus
1083 1277 1121 1341 de
1145 1279 1263 1342 tunicis
1286 1276 1415 1342 laminis
1439 1281 1543 1343 aeneis
1565 1282 1728 1357 munitis,

534 1386 571 1444 ut
600 1381 629 1444 is
661 1382 717 1464 qui
748 1380 866 1446 dicitur
899 1382 984 1446 τύκιι
1016 1384 1166 1463 tepescis
1199 1393 1232 1448 Μ
1251 1383 1315 1450 317
1350 1382 1467 1462 0689,
1492 1383 1559 1450 739
1594 1387 1728 1451 thorace

535 1491 630 1552 aeneo
653 1494 795 1552 armatus
817 1487 967 1574 fingatur.

1091 1693 1162 1779 qe.

533 1896 689 1949 rnoraeem
715 1901 832 1949 aeneum
850 1911 908 1948 ³01¹
926 1912 1026 1949 conve·
1108 1898 1239 1964 Praeter
1257 1897 1342 1964 locos
1361 1901 1395 1963 in
1414 1899 1638 1984 superioribus
1658 1921 1726 1985 per-

569 1987 629 2035 nire
644 1999 708 2036 curn
724 1990 804 2036 scuto
816 1985 907 2035 talari.
923 1984 1027 2036 Recen-
1064 2011 1232 2082 tractatos,
1265 2005 1382 2090 quibus
1410 2003 1502 2081 θώρηξ
1526 2009 1724 2071 nominatim

569 2077 665 2122 sentus
699 2072 754 2122 loci
782 2071 830 2122 ubi
857 2071 955 2135 clipeis
982 2072 1027 2122 vel
1513 2115 1519 2127 ,
1684 2115 1704 2128 ..

570 2160 657 2209 „cupis
682 2158 839 2209 minonem
864 2171 923 2208 nen
940 2160 1027 2209 mm
1062 2117 1343 2188 commemoratur,
1369 2110 1523 2196 permulti
1546 2118 1626 2177 sunt
1650 2112 1723 2190 alu,

569 2245 706 2296 talartbm
722 2247 1027 2310 armauproponuntur
1063 2219 1181 2303 quibus
1215 2238 1304 2282 arma
1339 2220 1463 2302 virique
1496 2226 1725 2303 proponuntur

568 2333 680 2383 milites.
1062 2327 1126 2403 ita,
1158 2331 1197 2389 ut
1227 2323 1316 2389 nulla
1346 2324 1484 2389 thoracis
1506 2328 1635 2391 mentio
1659 2324 1722 2391 fiat.

534 2428 618 2509 Quos
649 2436 820 2515 antequam
852 2450 1080 2516 persequamur
1109 2430 1272 2518 singulos,
1301 2452 1363 2515 quo
1386 2433 1587 2496 sciscitemur
1611 2440 1722 2498 utrum

532 2544 676 2603 auctores
708 2539 845 2603 thoracis
876 2541 964 2602 a‘e'nei
988 2541 1142 2604 rationem
1165 2539 1336 2604 habuerint
1358 2558 1473 2614 necue,
1496 2541 1593 2604 iuvat
1617 2541 1723 2624 exqui-

531 2664 600 2708 rere
632 2643 743 2728 ecquid
776 2646 923 2709 uuiverse
953 2665 970 2709 e
998 2650 1176 2711 ceterorum
1199 2665 1374 2720 armorum,
1397 2663 1477 2727 quae
1500 2664 1520 2708 a
1543 2647 1652 2730 poetis
1676 2644 1720 2709 de

532 2749 723 2829 scribuntur,
744 2755 858 2815 natura
876 2750 935 2814 hac
948 2750 985 2815 de
998 2771 1031 2815 re
1043 2749 1162 2816 discere
1174 2748 1278 2814 liceat.
1300 2748 1539 2815 Demonstravit
1552 2749 1687 2817 Reichel
1700 2750 1721 2829 ι)

532 2862 622 2920 scuta
653 2875 770 2942 magna
801 2854 954 2941 oblonga,
986 2856 1115 2934 talaria,
1148 2877 1285 2940 quorum
1317 2857 1442 2941 propria
1473 2853 1653 2940 appellatio
1675 2866 1719 2922 est

533 2963 629 3035 σ’στὶς
662 2961 842 3040 sedavisse,
878 2961 1079 3042 ύμφιβρύτν,
1115 2961 1319 3042 τερμιόεσσα,
1354 2961 1446 3033 celsos
1479 2961 1552 3036 sitire
1585 2965 1719 3044 πύργος,

532 3068 657 3154 depicta
687 3072 720 3133 in
753 3071 968 3135 monumentis
999 3072 1077 3134 artis
1108 3091 1125 3134 e
1156 3068 1222 3134 solo
1245 3068 1380 3143 effossis,
1405 3068 1601 3155 Mycenaeae
1626 3092 1719 3156 quam

533 3176 644 3241 dicunt
672 3178 787 3240 aetatis
817 3178 1056 3261 antiquissimae
1070 3173 1105 3255 ²),
1130 3197 1267 3261 quorum
1292 3175 1459 3260 descriptio
1482 3177 1516 3238 in
1540 3174 1645 3242 Iliada
1668 3178 1721 3242 fre

533 3304 632 3369 quens
666 3290 715 3348 est
749 3304 806 3347 nee
837 3282 1035 3347 desideratur
1064 3285 1097 3347 in
1129 3282 1272 3369 Odyssea
1286 3279 1321 3362 ³),
1351 3284 1482 3347 iuventa
1510 3288 1544 3346 et
1575 3283 1721 3349 adhibite

530 3512 565 3562 l.l.
584 3529 606 3576 p.
626 3514 657 3560 34
674 3511 843 3561 animadvertit
861 3512 890 3560 sd
907 3517 932 3559 Π
947 3512 1008 3560 let:
1033 3512 1129 3559 mles
1148 3510 1212 3559 steht
1229 3510 1365 3559 susserdem
1384 3509 1443 3558 noch
1462 3509 1504 3557 der
1522 3510 1720 3574 ungebeuerliebe

533 3595 658 3644 Ausdruclr
676 3593 776 3659 ύοιρῆξοιι
795 3595 839 3641 σύν
856 3592 984 3655 τεύχεσιν,
1004 3593 1053 3642 slso
1071 3590 1116 3640 σύν
1133 3597 1182 3642 met
1198 3593 1251 3641 dem
1270 3592 1339 3640 Datis
1358 3595 1416 3640 ststt
1434 3592 1474 3639 des
1490 3592 1562 3640 Detir
1577 3592 1720 3643 instrumen-

531 3676 595 3726 talis.
615 3676 691 3725 Schon
708 3677 758 3724 dies
775 3678 806 3725 ist
823 3676 861 3724 ein
880 3676 979 3724 Zeioheu
993 3676 1035 3724 der
1050 3674 1267 3737 Ueberarbeitung‚
1282 3675 1343 3722 denn
1358 3675 1400 3722 der
1413 3673 1577 3739 Interpolstor
1592 3675 1637 3725 het
1651 3678 1720 3725 ullen-

531 3758 574 3808 bsr
595 3759 670 3807 fellere
690 3758 830 3807 Ilissstellen
848 3758 923 3808 falech
941 3759 1079 3822 sulgefesst,
1103 3774 1138 3805 we
1155 3757 1199 3804 σύν
1216 3755 1337 3819 τεύχεσιν
1355 3757 1434 3815 nicht,
1452 3756 1499 3805 wie
1517 3772 1545 3805 er
1561 3758 1668 3818 meinis,
1685 3751 1719 3808 bei

532 3838 697 3903 θωρηχθέντες
719 3840 819 3889 sonderu
843 3856 897 3890 zum
920 3841 1018 3889 verbum
1041 3841 1136 3889 finitum
1159 3839 1282 3903 gehbrte'’,
1300 3839 1343 3887 bse
1360 3839 1385 3887 in
1403 3854 1428 3887 rs
1445 3838 1505 3888 mibi
1523 3838 1623 3889 ridetur
1640 3858 1718 3891 errare

531 3922 568 3971 vir
591 3923 687 3980 doetus,
710 3938 764 3971 narn
788 3938 871 3971 msera
894 3923 938 3970 ebs
955 3938 1008 3971 eum
1027 3922 1107 3970 dativo
1124 3922 1153 3970 de
1170 3922 1330 3970 instrumento
1346 3920 1393 3969 diei
1410 3920 1573 3984 compluribus
1591 3925 1656 3987 apud
1674 3923 1720 3972 Hc

532 4019 624 4052 merum
652 4003 709 4052 locis
733 4004 841 4063 efficitur,
864 4008 891 4053 ut
914 4011 934 4051 Δ
952 4005 1010 4052 lbl:
1038 4002 1083 4051 σύν
1104 4001 1401 4064 stercoratissimo
1420 4002 1464 4049 σύν
1483 4005 1575 4065 σφῇσιν
1594 4011 1718 4069 κεφαλῇσι

531 4086 634 4149 γυναιξί
648 4101 678 4134 τε
693 4084 736 4134 sal
750 4084 873 4134 τσιιύεσσι.
890 4088 910 4135 N
914 4102 944 4135 on
953 4086 1024 4134 aliter
1034 4092 1051 4133 E
1061 4086 1109 4135 220
1125 4085 1170 4132 σύν
1182 4082 1264 4134 ’ἔντεσι
1280 4083 1416 4145 τειριρύιῑνοιι
1426 4089 1450 4131 A
1460 4085 1516 4144 885,
1526 4091 1550 4132 N
1560 4084 1620 4147 tlt,
1631 4088 1718 4139 [1279.

568 4170 591 4228 l)
610 4169 644 4216 H.
662 4169 714 4219 W.¹
735 4186 756 4234 p.
777 4170 816 4217 63.

564 4251 591 4313 2)
609 4251 730 4300 Eiusmodi
748 4254 868 4300 scutorum
887 4251 933 4300 dno
951 4265 1037 4313 genera
1054 4249 1125 4298 luisse
1143 4249 1270 4298 osmndunt
1288 4252 1440 4316 monumenta
1459 4250 1589 4312 Myeeuses
1605 4251 1720 4316 antiquis·

530 4332 590 4381 sime
606 4333 713 4394 (Reiehel
728 4333 753 4381 ll.
768 4349 791 4397 p.
807 4334 855 4393 14),
874 4333 913 4382 sed
931 4349 984 4382 eum
1003 4332 1060 4381 haee
1077 4333 1139 4396 apud
1158 4332 1290 4381 Homerum
1307 4347 1354 4380 nor
1372 4331 1558 4395 distinguantur,
1575 4334 1607 4381 sd
1626 4350 1669 4383 nos
1684 4349 1720 4383 res

531 4431 579 4464 non
597 4415 707 4479 pertinet.

566 4497 593 4560 3)
617 4498 694 4546 Aliter
718 4497 845 4561 Ridgeway
867 4496 893 4545 ll.
918 4514 941 4562 p.
960 4498 1021 4545 tle:
1047 4496 1102 4545 ,tte
1126 4497 1241 4546 Homeris
1264 4495 1340 4545 shisld
1364 4496 1384 4544 is
1400 4495 1536 4560 oonsmtly
1555 4497 1679 4548 described
1696 4516 1720 4547 ss

531 4578 658 4636 circulsr”,
673 4595 744 4643 quem
754 4580 914 4642 redarguunt,
928 4595 958 4627 ne
975 4578 1022 4627 slis
1040 4580 1144 4637 efferam,
1162 4584 1186 4628 et
1204 4579 1282 4643 ipsum
1299 4593 1385 4627 nomeu
1403 4575 1535 4635 sedavisse
1553 4583 1577 4628 st
1596 4580 1664 4630 loeus
1681 4599 1720 4631 no·

531 4663 637 4712 tissimus
654 4662 742 4713 le‘l:
761 4660 827 4723 ἀμφὶ
847 4658 873 4709 δέ
891 4678 932 4721 μιν
952 4660 1034 4722 σφύρσ
1049 4659 1132 4709 τύπτε
1149 4660 1190 4710 καὶ
1205 4659 1303 4723 οιύχύνσ
1321 4658 1399 4721 lippa
1416 4658 1527 4708 κέλσινον
1545 4660 1626 4728 bere}
1643 4662 1658 4718 ti
1675 4681 1721 4711 τν-

530 4743 600 4805 uben
624 4742 673 4791 θέεν
697 4742 803 4801 ἀσπίδος
826 4742 1011 4805 ὀμφαλοέσσης.
1040 4745 1137 4810 Clipeos
1159 4744 1239 4794 nullus
1263 4759 1366 4808 unqusm
1390 4744 1500 4793 iuventus
1517 4750 1553 4792 est
1568 4746 1639 4794 euius
1657 4746 1720 4795 orbis

530 4829 591 4875 esset
609 4826 676 4876 radio
697 4826 787 4875 maiore
803 4841 873 4889 quem
888 4826 1052 4891 sesquipedali.
