4525 5950
895 699 930 746 ue
952 699 1034 747 enee
1056 698 1207 747 mvnnrc.
1581 680 1644 744 431

451 866 518 931 fere
541 864 720 942 hehnerus,
745 871 845 941 recte,
865 866 899 927 ui
919 863 1028 942 fallor;
1055 885 1117 948 qua
1137 885 1171 929 re
1191 867 1289 929 etiem
1309 866 1415 950 magis
1435 863 1525 929 doleo
1540 867 1647 929 virum

451 972 677 1037 doctissimum
702 973 921 1055 quaestionem
945 969 983 1033 de
1007 971 1135 1035 Postico
1159 991 1221 1035 nou
1246 992 1313 1036 esse
1338 991 1538 1056 aggressum.
1564 968 1648 1037 Oum

452 1083 563 1142 tamen
593 1097 633 1141 ex
663 1077 869 1160 inscriptione
900 1080 1008 1140 nostra
1032 1083 1183 1160 appareat
1207 1075 1481 1160 Hecatompedum
1506 1079 1574 1141 sive
1598 1075 1649 1139 rte

452 1183 588 1262 ἀρχαῖον
620 1182 689 1244 νεὼν
722 1183 820 1245 etiam
851 1187 923 1265 post
952 1201 1072 1245 annum
1097 1179 1163 1244 366
1187 1184 1350 1257 extitisse,
1381 1187 1459 1265 puto
1483 1179 1650 1266 Dbrpseldi

450 1288 577 1353 thesin:
611 1286 879 1372 Opisthodomum
911 1307 1022 1351 revera
1053 1286 1284 1373 Hecatompedi
1312 1287 1475 1351 Posticum
1502 1287 1650 1352 denotare

457 1391 541 1478 apud
565 1391 674 1478 plures
697 1392 791 1457 tidem
815 1395 1022 1458 inventuram
1047 1413 1124 1457 esso.

501 1497 612 1563 Unum
636 1506 684 1562 est
707 1499 791 1583 quod
814 1498 949 1576 addam,
969 1520 1021 1563 me
1041 1518 1243 1583 nequaquem
1262 1498 1363 1563 facere
1383 1519 1458 1562 oum
1477 1497 1650 1583 Dbrpfeldo

452 1604 575 1669 dicenti
603 1604 788 1669 incendium
813 1605 932 1670 Postici
957 1626 975 1669 a
999 1603 1217 1669 Demosthene
1240 1603 1298 1684 (24
1322 1604 1434 1688 §136)
1457 1625 1650 1669 commemo

452 1717 563 1775 ratum
593 1709 680 1774 idem
711 1731 778 1776 esse
811 1718 908 1796 atque
939 1713 1049 1796 iguem
1083 1732 1145 1796 quo
1169 1709 1330 1795 templum
1355 1710 1455 1775 Vetus
1477 1732 1558 1775 anno
1583 1709 1649 1774 406

452 1818 534 1879 arsit
564 1820 645 1879 teste
676 1815 903 1900 Xenophonte;
936 1836 1011 1879 nam
1043 1815 1176 1881 voculae
1199 1818 1285 1879 ἀλλὰ
1311 1817 1383 1890 μετ’
1407 1816 1575 1888 Εὐκλείδην
1599 1813 1650 1893 ἄρ·

453 1943 557 1999 χνντι
588 1922 620 2005 (ξ
643 1919 720 2000 134)
752 1923 881 1985 omnino
915 1921 955 1986 ad
985 1921 1088 2006 §136
1121 1929 1197 1986 suut
1221 1921 1401 1986 trahendae.
1426 1923 1595 1987 Praeterea
1616 1922 1650 1986 id

450 2026 637 2091 incendium
658 2033 730 2111 post
749 2046 869 2091 annum
891 2025 956 2092 385
978 2048 1045 2091 6666
1066 2027 1188 2091 factum
1208 2036 1355 2112 apparet,
1375 2049 1450 2092 cum
1469 2027 1507 2093 de
1525 2027 1650 2092 duobus

452 2131 599 2218 collegiis
617 2131 768 2218 loquatur
789 2132 1030 2198 Demosthenes.
1051 2131 1183 2211 Quando
1204 2141 1312 2197 autem
1333 2133 1453 2198 factum
1474 2135 1533 2210 sit,
1554 2136 1651 2197 uesci·

452 2244 519 2316 tur,
551 2239 605 2304 sed
637 2239 769 2304 fortasse
799 2260 860 2303 non
893 2245 1013 2303 temere
1044 2241 1191 2322 suspicor
1216 2238 1422 2303 Androtionis
1445 2245 1649 2324 quaesturam

453 2367 530 2411 cum
561 2346 620 2411 hoc
651 2345 796 2410 incendio
821 2367 888 2411 esse
911 2345 1119 2431 iungendam.
1145 2343 1292 2409 Vidimus
1316 2348 1403 2410 enim
1427 2346 1596 2411 donarium
1621 2347 1651 2409 ἕν

454 2455 498 2532 τῷ
531 2453 654 2533 ἀρχαίῳ
687 2451 740 2532 νεῲ
765 2473 833 2517 6666
856 2455 1011 2528 στέφανον
1036 2455 1167 2532 χρυσοῦν
1191 2448 1222 2514 ἓν
1247 2452 1372 2533 liddon]
1396 2451 1548 2529 ἀνέθηκεν,
1572 2460 1651 2516 tem·

454 2559 542 2644 poris
565 2564 673 2623 autem
697 2559 818 2623 ratione
841 2558 952 2622 habita
975 2579 1039 2621 non
1062 2563 1111 2621 666
1134 2557 1219 2641 quod
1242 2556 1428 2621 dubitemus
1450 2556 1540 2622 illam
1564 2580 1651 2623 coro·

453 2685 530 2730 nam
561 2684 632 2728 eam
663 2684 730 2728 esse
761 2684 858 2748 quam
883 2666 1148 2729 commemoravit
1171 2663 1402 2728 Demosthenes
1427 2662 1470 2727 24
1494 2663 1591 2748 §180
1608 2664 1631 2744 ¹)
1639 2685 1648 2743 ;

451 2773 562 2855 itaque
594 2769 777 2854 sequitur²J
809 2776 847 2832 ut
878 2770 1057 2834 Androtion
1089 2775 1161 2854 post
1192 2790 1312 2833 annum
1345 2768 1421 2846 368,
1453 2790 1489 2834 ac
1524 2772 1553 2834 si
1587 2791 1650 2854 qna

452 2876 532 2940 fides
551 2874 694 2960 reliquiis
714 2877 841 2960 exiguis
860 2877 1079 2960 inscriptionis
1100 2874 1176 2951 677,
1196 2883 1268 2961 post
1288 2896 1406 2940 annum
1422 2875 1487 2941 367
1500 2882 1651 2961 quaestor

452 2983 563 3048 suerit.
588 2981 741 3047 Dubitare
761 2984 866 3067 igitur
885 2981 960 3046 licet
980 3004 1019 3046 an
1039 2981 1290 3060 Demosthenes,
1310 3003 1479 3047 causarum
1498 2989 1649 3067 patronus

452 3090 540 3154 iuter
572 3108 687 3172 paucos
723 3086 875 3163 callidus,
912 3088 1019 3153 studio
1055 3088 1261 3153 Androtionis
1296 3090 1486 3154 restituendi
1521 3090 1650 3156 donaria

452 3194 554 3258 fracta
575 3192 722 3257 incendio
747 3198 835 3273 (nam
859 3192 978 3258 Postici
1002 3194 1148 3259 inccndio
1172 3199 1203 3259 et
1221 3197 1325 3280 ipsam
1344 3194 1459 3260 cellam
1479 3195 1649 3262 detrimen·

453 3306 526 3364 tum
550 3302 707 3384 accepisse
732 3297 908 3364 verisimile
932 3305 995 3379 est)
1018 3301 1136 3365 abusus
1160 3303 1203 3365 sit
1226 3299 1265 3364 ad
1288 3303 1431 3365 convicia
1455 3322 1473 3365 a
1493 3322 1526 3366 re
1545 3302 1649 3368 aliena

453 3405 610 3471 facienda.

972 3594 1143 3602 -κ

944 3766 1162 3833 ADDENDA.

499 3957 550 4023 lta
581 3960 750 4044 expositis,
783 3977 864 4043 quae
895 3956 999 4021 dicere
1030 3955 1205 4032 habebam,
1238 3957 1347 4039 paucis
1372 3959 1498 4018 tantum
1522 3953 1562 4018 ad
1584 3954 1648 4018 Mi-

454 4063 575 4129 chaelis
598 4065 901 4128 commentationem
926 4082 1021 4145 snpra
1041 4060 1205 4126 laudatam
1224 4060 1327 4124 redeo.
1353 4059 1462 4124 Meam
1480 4080 1649 4146 argumen-

454 4170 612 4233 tationem
644 4168 898 4253 qualemcunque
930 4166 1043 4232 multis
1074 4164 1154 4230 locis
1185 4163 1385 4229 aMichaele
1407 4164 1514 4229 allatis
1537 4185 1648 4230 ornare

454 4276 566 4359 potui,
598 4273 653 4339 sed
682 4273 790 4351 nolui;
825 4293 938 4358 operae
970 4274 1111 4357 pretium
1137 4278 1246 4335 autem
1270 4276 1319 4334 est
1342 4269 1466 4347 videre,
1490 4270 1647 4356 numquid

459 4410 655 4419 ψ...-

488 4472 516 4530 1)
539 4470 575 4519 Cf.
601 4468 727 4518 Michailis
750 4468 775 4517 in
802 4469 1012 4525 hrccd.d.142‚
1037 4465 1075 4515 ubi
1092 4466 1172 4515 minue
1188 4469 1283 4514 tentum
1302 4463 1415 4528 intellego
1432 4465 1494 4513 unde
1511 4464 1549 4513 vir
1565 4464 1648 4514 doctus

453 4551 526 4601 verba
547 4550 586 4599 ·in
605 4548 773 4599 Parthenone''
790 4549 925 4614 sumpserit.

485 4634 514 4698 6)
532 4631 609 4681 Versu
631 4632 676 4681 606
693 4635 747 4697 poet
762 4629 789 4679 tie
806 4631 907 4694 vestigia
927 4630 1010 4679 literae
1028 4636 1049 4677 Χ
1066 4628 1201 4693 conspicere
1219 4627 1278 4676 mihi
1298 4627 1362 4675 visne
1378 4642 1443 4684 eum,
1461 4627 1502 4675 sed
1520 4626 1648 4675 incertiora

451 4720 536 4774 eraut,
559 4729 630 4778 quam
655 4717 682 4762 nt
704 4713 807 4763 scribere
830 4714 942 4762 auderem
961 4710 1084 4772 Χαβρίας,
1101 4710 1170 4759 cuine
1185 4725 1274 4758 corona
1291 4725 1305 4756 6
1322 4708 1483 4758 Damoetheue
1500 4708 1583 4757 itidem
1600 4723 1647 4757 me·

453 4801 574 4847 moratur.
