4525 5950
1058 687 1233 736 nomos.

685 855 762 918 κᾶτ’
786 851 898 917 ἔντοσθ’
924 852 1076 932 loevam
1103 851 1277 928 κυκωμένη,
1302 851 1390 932 ἀμφὶ
1411 851 1441 916 δὲ
1466 851 1560 932 τέτρη

681 956 786 1023 διεινὸν
812 957 1002 1037 ἐβεβρύχει,
1027 957 1166 1037 ύτέυερθε
1192 957 1222 1021 δέ
1247 956 1318 1034 γαῖ’
1343 957 1497 1038 έφύνεσκε

681 1064 836 1141 ψάμμῳ
862 1062 1028 1138 κυανέη·
1054 1064 1149 1134 τοὺς
1174 1062 1213 1127 δέ
1236 1062 1395 1143 χλυρθν
1420 1063 1527 1135 θσέος
1552 1062 1647 1140 ι’ἷρει.

541 1168 691 1235 Ultimus
714 1190 844 1247 versus,
869 1172 962 1235 cuius
985 1168 1123 1234 alterum
1149 1169 1393 1233 hemistichium
1427 1189 1466 1233 ex
1490 1177 1515 1232 Η
1537 1166 1603 1234 479
1627 1170 1741 1254 repeti·

541 1283 618 1340 tum
640 1282 704 1354 est,
729 1275 851 1361 duplici
874 1275 913 1340 de
936 1295 1031 1340 causa
1051 1275 1135 1339 mihi
1153 1280 1337 1359 suspectus3
1359 1294 1433 1339 nam
1453 1276 1558 1359 primo
1577 1274 1740 1340 Homerus

542 1384 659 1446 ceteris
696 1382 847 1447 omnibus
880 1380 958 1446 locis
993 1381 1263 1466 frequentissimis
1298 1382 1402 1445 utitur
1435 1379 1539 1445 forma
1571 1381 1737 1463 ψύααθυς,

542 1486 659 1552 deinde
682 1508 776 1565 vero,
801 1486 886 1572 quod
910 1489 1009 1552 etiam
1032 1488 1184 1572 gravius,
1209 1507 1302 1548 arena
1325 1507 1387 1551 non
1410 1486 1498 1567 αθρσο
1521 1493 1586 1565 est,
1608 1487 1663 1552 sed
1682 1493 1739 1553 aut

531 1594 625 1676 flaua
654 1598 712 1657 aut
742 1593 894 1670 condida,
923 1613 1024 1678 neque
1040 1594 1152 1678 igitur
1175 1598 1294 1656 terram
1318 1593 1447 1677 nigram
1470 1592 1598 1658 reddare
1623 1598 1736 1677 potest.

540 1698 591 1763 Ita
612 1699 673 1763 ἰλύι
693 1698 863 1764 dicandum
882 1698 997 1763 fuerat.
1017 1698 1183 1763 Omissum
1205 1718 1279 1763 vero
1299 1697 1399 1763 vilem
1419 1697 1616 1764 versiculum
1632 1719 1736 1774 neme,

539 1806 665 1890 opinor,
688 1803 891 1870 desiderabit.
916 1802 994 1869 Sive
1018 1810 1128 1871 antam
1148 1825 1224 1869 cum
1245 1805 1429 1869 Aristarcho
1450 1803 1559 1878 κυανέη
1578 1803 1736 1890 legimus,

539 1912 613 1976 sive
635 1931 712 1975 cum
735 1908 809 1976 aliis
832 1910 959 1988 κυανέη,
984 1930 1034 1975 res
1058 1910 1141 1975 redit
1164 1909 1285 1975 eodem.

587 2126 692 2192 ν240.
716 2127 763 2192 De
789 2125 900 2192 Ithaca
922 2126 1058 2192 dicitur:

723 2231 741 2307 ἦ
764 2257 810 2298 τοι
833 2234 890 2309 μέν
913 2242 1045 2312 τρηχεῖα
1073 2232 1124 2296 καὶ
1150 2234 1209 2313 ούχ
1233 2233 1411 2306 έττύλατος
1437 2233 1520 2308 ε’στι,

722 2340 788 2404 οὐδέ
812 2341 880 2413 λέην
903 2340 1051 2416 λυτριὶ,
1076 2339 1158 2416 drabo
1182 2338 1242 2402 οὐδ’
1268 2339 1408 2415 εὐρεῖα
1433 2337 1598 2402 τέτυκται·

721 2443 752 2508 ἓν
775 2444 833 2521 μέν
858 2445 921 2521 γάρ
945 2467 983 2508 τοι
1009 2451 1091 2513 σῖτος
1117 2443 1294 2517 ἀθέσφατος
1321 2444 1383 2508 κτὲ.

536 2549 721 2615 Sententiae
754 2556 861 2635 aperte
892 2549 1050 2614 laboranti
1081 2550 1240 2614 succurrit
1272 2550 1439 2634 ingeniosa
1469 2547 1632 2614 editorum
1664 2570 1735 2615 con-

539 2659 679 2721 iectura:

721 2757 788 2824 οὐδέ
812 2760 881 2832 λθην
904 2759 1038 2838 εὐρεῖ’,
1064 2759 1146 2838 θτιὶρ
1170 2759 1203 2823 ού
1227 2760 1354 2838 λυτρη
1380 2782 1425 2835 γε
1451 2757 1609 2823 τέτυκται.

538 2865 602 2931 Sed
634 2864 719 2930 male
751 2885 802 2930 me
826 2864 922 2929 habet
944 2866 1052 2948 ipsum
1075 2863 1160 2929 illud
1183 2865 1299 2944 λυπρή,
1325 2866 1400 2948 quia
1422 2862 1499 2928 alibi
1522 2885 1680 2951 nusquam
1701 2867 1734 2930 in

538 2971 721 3038 Homericis
744 2970 859 3038 radicis
881 2982 948 3037 W
971 2971 1130 3056 reperitur
1154 2971 1343 3056 vestigium.
1368 2968 1472 3050 Quare
1495 2972 1631 3037 conieci:

721 3077 788 3142 οὐδέ
812 3076 879 3150 λίην
903 3080 1044 3155 λευρη,
1068 3077 1150 3156 ύτίιρ
1175 3077 1235 3141 οὐδ’
1262 3070 1309 3139 αὖ
1334 3084 1478 3155 στεῖρα
1503 3076 1667 3155 τέτυκται,

539 3181 613 3248 coll.
646 3205 662 3253 η
687 3180 750 3246 123
785 3183 879 3262 λευρῷ
912 3180 953 3245 ἑνὶ
986 3180 1088 3263 χῴρῳ,
1122 3187 1156 3246 et
1186 3189 1312 3258 στεῖρα,
1342 3180 1458 3245 sterila
1490 3181 1605 3246 2522.
1637 3183 1732 3250 λ30.

537 3286 648 3366 υ186,
678 3290 734 3354 ubi
764 3289 803 3355 de
827 3290 908 3355 bove
932 3294 1116 3374 usurpatur,
1142 3288 1195 3353 sed
1220 3288 1258 3362 de
1284 3294 1368 3353 terra
1391 3287 1539 3353 adhibuit
1562 3288 1732 3374 Euripides

537 3394 639 3459 Andr.
665 3390 740 3459 712.

585 3593 688 3660 ν274.
714 3594 785 3666 τούς
806 3596 841 3671 μ’
863 3595 1012 3661 ε’κέλευσα
1033 3594 1168 3661 Πύλονδε
1190 3604 1391 3668 καταστῆσαι
1412 3596 1480 3659 καὶ
1502 3595 1680 3675 ἐφέστιοι

719 3700 736 3775 ἣ
762 3700 804 3772 εἷς
825 3699 943 3765 Ἤλιδα
968 3698 1046 3778 δῖαν,
1071 3695 1112 3763 ύθι
1138 3699 1315 3776 κρατέουσιν
1343 3701 1470 3764 Ἐτειοέ.

535 3806 715 3873 Molestum
739 3807 983 3894 prothysterum
1005 3805 1098 3872 facile
1122 3807 1238 3872 evitari
1261 3811 1409 3892 potuerat
1433 3806 1613 3873 scribendo:

1128 3922 1328 3985 serenatione
1352 3913 1598 3992 έφέσαντας.

582 4129 691 4207 ξ295.
724 4132 768 4201 εἷς
793 4129 915 4207 Λιβύην
937 4131 973 4205 ρι’
999 4130 1048 4192 έτθ
1075 4131 1140 4203 νηὸς
1166 4130 1314 4209 ε’φεέσοιτο
1341 4131 1531 4210 τοντοτθροιο

718 4235 874 4313 ψεύδεα
897 4234 1148 4311 βουλεύσας,
1172 4232 1221 4299 ἵνα
1246 4259 1283 4300 τοι
1310 4236 1363 4299 σὺν
1387 4237 1498 4316 φθρτον
1521 4235 1647 4322 ἄγοιμι,

720 4342 794 4405 κεῖθι
819 4341 849 4405 δέ
873 4341 908 4417 μ’
932 4342 970 4410 ὥς
995 4340 1139 4418 τερύσειε
1165 4342 1216 4406 καὶ
1244 4339 1379 4405 ύστετον
1403 4339 1471 4405 ὦνον
1494 4341 1601 4408 ἕλοιτο.

532 4447 643 4515 Sohol.
668 4446 702 4510 τύ
726 4446 814 4525 ἑξῆς,
845 4446 963 4525 ψεύδεσι
986 4445 1162 4522 βουλεύσας
1187 4448 1237 4511 εἰτὶ
1263 4451 1329 4521 νηός
1354 4447 1389 4521 μ’
1414 4448 1541 4513 ε’έσσοιτο
1564 4452 1635 4528 (sic)
1659 4475 1723 4515 τον·

530 4554 669 4629 τστθροιο
700 4551 729 4624 ές
762 4551 895 4629 Λιβύην,
919 4550 967 4616 ἵνα
983 4549 1161 4627 -θγοιμκ
1185 4551 1291 4617 Facile
1315 4552 1491 4630 credimus,
1515 4554 1654 4619 sednon
1678 4563 1727 4621 est

527 4662 565 4723 in
584 4660 820 4723 constructione
841 4656 1025 4734 difficultas,
1044 4671 1161 4724 verum
1173 4660 1207 4722 in
1219 4657 1411 4723 obscuritate
1423 4658 1591 4725 verborum
1605 4660 1725 4735 ψεύδεα

528 4764 719 4844 βουλεύσας.
753 4764 879 4829 Poenus
909 4761 965 4827 ills
995 4769 1201 4848 personatum
1232 4760 1417 4830 Cretensem
1449 4767 1524 4829 navi
1552 4767 1723 4849 imposuit,
