4525 5950
543 682 608 749 172
874 702 915 749 on
938 702 1084 752 cnosson
1108 705 1191 751 aruo
1214 704 1381 753 ιιοιιιιιιιιιι.

535 867 737 933 confirmatur
771 891 806 934 eo
841 869 924 955 quod
958 872 991 934 in
1026 869 1137 936 eadem
1170 868 1276 936 Ulixis
1309 875 1488 937 narratione
1518 875 1629 958 ipsum
1660 895 1721 938 non

535 975 736 1041 thoracatum
769 979 903 1061 proponi
937 997 1010 1041 mox
1046 977 1228 1043 videbimus
1262 978 1358 1058 (infra
1388 977 1506 1062 512),
1542 978 1636 1045 Ιοοιιε
1670 1001 1722 1045 au·

535 1090 601 1147 tem
633 1081 737 1147 9492
767 1084 936 1148 manifesto
967 1084 1111 1149 cohaeret
1141 1106 1215 1149 cnm
1245 1083 1322 1150 locis
1346 1094 1366 1148 Ρ
1388 1083 1463 1163 519,
1491 1083 1557 1150 527
1583 1106 1721 1171 quorum

533 1196 695 1253 auctorem
724 1210 820 1274 supra
850 1193 962 1254 monui
992 1197 1036 1275 (p.
1064 1189 1141 1269 171)
1176 1190 1313 1254 thoracis
1347 1193 1435 1255 aenei
1466 1194 1629 1257 rationem
1660 1212 1722 1256 non

534 1295 665 1372 habere;
696 1316 790 1380 porro
822 1302 850 1359 N
873 1295 938 1361 420
970 1297 1026 1361 nbi
1053 1295 1245 1361 Antilochus
1268 1303 1433 1361 mortuum
1458 1297 1631 1363 defendens
1654 1297 1722 1384 Hy·

447 1398 452 1405 ’
533 1422 717 1488 perenorom
740 1426 778 1467 σοι
802 1398 893 1473 σσίκορ
918 1404 1217 1481 appesiaco&
1243 1411 1264 1465 Ρ
1286 1401 1350 1467 132
1374 1403 1430 1468 ubi
1453 1405 1535 1469 Aiax
1560 1406 1596 1468 in
1620 1403 1721 1469 simili

532 1528 626 1574 causa
645 1508 730 1587 ἀμφὶ
751 1508 1045 1589 Melanchaetes
1066 1511 1134 1588 εὐρὺ
1155 1510 1347 1586 καλύψας
1369 1512 1531 1587 constitit,
1553 1509 1640 1595 quod
1657 1532 1721 1575 rur·

531 1637 586 1680 sus
611 1618 674 1680 nisi
695 1623 785 1681 scuto
807 1615 900 1681 talari
922 1622 995 1701 apte
1018 1615 1086 1681 fieri
1109 1638 1172 1681 non
1195 1636 1285 1701 posse
1307 1617 1433 1681 monuit
1455 1615 1593 1696 Robert;
1618 1637 1720 1703 neque

533 1725 641 1787 minus
670 1725 703 1786 in
735 1728 843 1807 aperto
875 1728 923 1786 est
953 1744 1002 1787 ree
1033 1732 1066 1786 Μ
1091 1722 1154 1786 105
1184 1723 1240 1786 ubi
1264 1721 1404 1808 legimus
1427 1724 1586 1794 ἀλλήλους
1611 1722 1720 1803 ἄραρον

535 1839 661 1910 τυκτῇσι
685 1828 809 1905 βόεσσι,
838 1836 867 1892 Ν
891 1827 955 1892 130
977 1827 1153 1908 Φρίξαντες
1177 1828 1243 1907 Adpo
1267 1829 1361 1908 δουρί,
1386 1828 1478 1897 aanor
1501 1830 1597 1892 σοίκεῖ
1618 1833 1719 1905 προίε-

534 1937 655 2016 λιίμνῳ,
686 1934 799 1999 {1214
830 1931 867 2005 ὦς
898 1931 1004 2014 ίίραρον
1036 1934 1152 2012 adpetis
1183 1959 1218 1998 τε
1247 1935 1298 1998 καί
1324 1934 1453 2006 ἀσπίδες
1476 1935 1720 2019 ὀμφαλόεσσαι,

534 2044 650 2131 quibus
672 2041 750 2107 locis
774 2041 1004 2107 demonstravit
1027 2040 1158 2107 Reichel
1173 2040 1197 2120 ¹)
1217 2041 1255 2107 de
1275 2041 1434 2107 testudine
1454 2062 1638 2107 sermonem
1658 2063 1720 2107 non

533 2172 617 2229 esse,
658 2149 713 2214 sed
754 2146 898 2212 militum
938 2151 970 2212 in
1013 2152 1079 2213 acie
1113 2150 1270 2213 stantium
1304 2150 1447 2233 ingentia
1481 2154 1573 2213 scuta
1608 2146 1722 2213 talaria

532 2257 688 2342 proximis
711 2274 852 2340 quaeque
874 2255 1033 2340 contingi;
1058 2259 1153 2340 atque
1178 2262 1205 2317 N
1222 2253 1286 2318 543
1310 2254 1366 2319 ubi
1391 2253 1528 2338 Apharei
1552 2254 1594 2318 ab
1616 2256 1723 2320 Aenea

532 2360 674 2447 iugulati
705 2360 822 2432 ἕκλίνίιν
857 2359 979 2437 ἑτέρωσε
1011 2360 1105 2437 adpo,
1138 2359 1187 2422 εἰσί
1223 2359 1249 2422 δ’
1274 2359 1368 2429 dorric
1394 2360 1512 2436 ἑοίΦίιι,
1535 2381 1602 2445 quo
1625 2382 1724 2426 versu

534 2467 706 2554 significari
737 2465 819 2530 vidit
850 2465 979 2531 Reichel
992 2463 1027 2546 ²),
1060 2469 1163 2550 capite
1192 2469 1225 2530 in
1249 2471 1360 2551 pectus
1385 2465 1530 2551 prolapso
1555 2469 1644 2531 scuti
1668 2468 1725 2532 fas

533 2576 617 2640 ciam
651 2581 737 2638 trans
770 2581 866 2656 capnt
901 2572 939 2636 de
972 2573 1105 2637 humero
1140 2575 1266 2649 excuti,
1300 2593 1415 2657 eoque
1445 2580 1576 2636 scutum
1613 2594 1723 2650 ruere;

532 2679 653 2764 clipeus
687 2699 760 2743 vero
789 2684 958 2743 scutnmve
988 2681 1096 2743 minus
1126 2679 1368 2744 manubriorum
1399 2699 1457 2763 ope
1483 2684 1723 2756 sustentatum,

532 2788 659 2852 etiamsi
681 2785 776 2850 fascia
797 2787 989 2850 instructum
1013 2789 1073 2863 sit,
1098 2788 1126 2849 si
1150 2786 1226 2850 haec
1246 2784 1284 2850 de
1303 2785 1437 2850 humero
1457 2784 1642 2863 delabatur,
1663 2809 1724 2852 non

533 2897 757 2979 propterea
775 2911 921 2956 casurum
943 2898 1001 2957 est.
1022 2891 1066 2956 Ut
1086 2894 1184 2956 etiam
1205 2890 1315 2968 5419,
1336 2892 1406 2968 ubi,
1428 2890 1578 2956 Hectoris
1594 2902 1725 2979 pectore

532 2999 637 3085 lapide
656 3019 819 3084 percusso,
839 3020 934 3084 quem
953 3000 1000 3064 ibi
1018 3020 1036 3064 a
1056 2999 1185 3064 thorace
1204 3004 1299 3065 atneo
1319 2999 1441 3064 nudum
1458 2997 1537 3085 tingi
1550 3008 1725 3085 propterea

532 3125 657 3170 sumere
688 3111 813 3189 oportet
843 3104 928 3189 quod
950 3104 988 3169 de
1012 3104 1208 3179 adversario,
1234 3107 1328 3169 Aiace
1351 3103 1555 3182 telamonio,
1581 3127 1630 3171 vs.
1659 3108 1724 3173 404

531 3211 617 3276 idem
659 3211 865 3276 statuendum
908 3232 983 3276 mox
1024 3211 1204 3276 videbimus
1245 3212 1342 3290 (infra
1383 3212 1400 3296 ξ
1435 3211 1506 3290 12),
1551 3221 1725 3280 recurrunt

533 3317 643 3382 eadem
675 3318 771 3382 verba
802 3317 850 3379 ἐπὶ
879 3316 903 3380 δ’
927 3318 1023 3389 eoric
1047 3319 1166 3393 ἑοίφίν,
1190 3322 1281 3402 poeta
1304 3315 1442 3382 voluisse
1466 3316 1598 3382 videtur
1621 3324 1725 3386 saucii

533 3429 629 3508 caput
658 3425 692 3486 in
722 3429 832 3508 pectus
862 3422 1002 3508 prolabi,
1034 3433 1200 3508 ceteraque
1231 3423 1500 3508 quemadmodum
1533 3432 1563 3487 N
1588 3426 1659 3492 543
1680 3449 1725 3513 sq.

533 3529 631 3594 Porro
665 3527 774 3593 5380
800 3530 857 3593 ubi
879 3528 1034 3615 Tydides,
1060 3532 1298 3615 Agamemnon,
1325 3528 1435 3594 Ulixes
1458 3527 1607 3595 militnm
1634 3554 1726 3599 arma

531 3638 565 3699 in
589 3638 654 3699 acie
678 3641 862 3720 permutant
884 3638 930 3699 ita
953 3643 991 3700 ut
1013 3638 1134 3721 optima
1157 3638 1302 3720 optimis,
1328 3635 1536 3701 deterioribus
1561 3638 1726 3704 deteriora

531 3743 717 3818 obveniant,
749 3763 787 3806 ne
811 3763 860 3806 res
883 3763 1013 3826 prorsus
1035 3742 1171 3807 absurda
1194 3745 1253 3819 sit,
1280 3742 1317 3806 de
1340 3745 1439 3807 scutis
1461 3763 1522 3805 non
1547 3741 1588 3807 de
1613 3745 1724 3812 thora·

531 3848 620 3913 cibus
649 3850 751 3933 egisse
775 3854 868 3933 potita
890 3847 1125 3934 intellegendus
1150 3856 1214 3925 oet;
1239 3868 1377 3933 quocum
1401 3850 1550 3933 congruit
1575 3853 1667 3934 quod
1691 3856 1723 3916 in

532 3957 675 4038 proxime
707 3955 923 4039 superioribus
954 3975 1001 4018 vs.
1027 3952 1092 4020 370
1113 3975 1179 4040 sqq.
1212 3954 1382 4039 Neptunus
1405 3953 1443 4017 ad
1467 3973 1557 4018 arma
1582 3977 1722 4034 vocans,

532 4063 634 4123 cetera
657 4066 823 4125 enumerat
846 4081 934 4125 arma
956 4060 1029 4124 silet
1053 4060 1090 4125 de
1114 4061 1295 4126 thoracibus
1309 4058 1344 4139 3).
1367 4059 1451 4124 Tum
1472 4060 1589 4138 zela,
1612 4072 1641 4126 Θ
1657 4064 1722 4129 494

532 4164 663 4230 Hectori
694 4172 816 4230 armato
839 4166 930 4231 hasta
953 4166 1124 4252 praelonga
1148 4165 1295 4231 undecim
1320 4167 1519 4242 cubitorum,
1545 4188 1630 4252 qnae
1657 4192 1723 4236 ma-

533 4270 647 4336 nifesto
669 4273 730 4336 nisi
755 4271 876 4337 duabus
900 4272 1047 4337 manibus
1071 4276 1202 4337 tractari
1224 4275 1348 4358 nequit,
1372 4270 1511 4357 clipeum
1535 4273 1622 4338 nulli
1649 4280 1723 4341 usui

566 4509 592 4569 l)
610 4507 643 4557 H.
663 4508 713 4557 W.¹
733 4523 756 4571 p.
775 4509 814 4556 24.

565 4589 645 4652 2)1.l.
664 4606 686 4655 p.
706 4592 781 4654 ttaq.

566 4674 593 4736 8)
617 4673 691 4721 Mitto
714 4672 775 4735 quod
793 4688 826 4721 vs.
846 4671 895 4721 8ίὸ
909 4687 945 4736 aq.
961 4673 1062 4721 totidem
1079 4671 1157 4721 verbis
1173 4672 1230 4721 deus
1249 4679 1373 4721 monuerat
1391 4670 1417 4728 ὃς
1434 4669 1462 4720 δί
1480 4672 1504 4720 κ’
1521 4670 1581 4734 ἀνὴρ
1597 4674 1723 4739 μσνίχαρ·

534 4770 595 4814 μσς,
617 4751 668 4815 ’ἔχιν
690 4751 713 4801 δ’
730 4752 814 4814 ὀλίγαν
838 4752 914 4810 σάκος
931 4751 1004 4814 liupr,
1023 4754 1115 4816 χείρονι
1132 4752 1198 4816 dori
1215 4751 1279 4802 δίσαι
1295 4753 1310 4801 ὅ
1326 4750 1348 4802 δ’
1368 4750 1392 4802 ἦν
1410 4752 1500 4803 ἀσπίδι
1517 4753 1617 4823 μείζονι
1636 4755 1722 4819 δίνη,

532 4851 591 4900 quos
608 4851 688 4884 veram
705 4835 847 4885 soloecismis
865 4835 998 4885 laborantes
1015 4837 1096 4887 omisit
1112 4838 1207 4897 Zenod,
1223 4837 1345 4887 damnarit
1361 4837 1434 4888 Arist.
