4525 5950
644 690 687 754 98
1012 708 1054 754 sn
1078 707 1309 756 smsrorrrsnrs
1332 708 1468 756 aaaron.

642 873 824 954 ὀφθαλμίαν
848 874 901 944 τὴν
922 874 1053 950 πήρωσιν
1074 878 1131 934 τῶν
1153 874 1322 951 ὀφθαλμῶν
1342 880 1438 950 Once·
1459 871 1501 936 tet
1523 872 1574 936 καὶ
1596 873 1626 936 ἒν
1646 874 1689 953 τῷ
1709 873 1834 953 δευτέρῳ

642 980 912 1055 μεταπεποίηται·

822 1093 878 1159 τῆς
903 1088 1068 1160 συμφοραῖς
1092 1084 1211 1155 ταύτης
1237 1108 1270 1147 σε
1297 1083 1426 1149 παύσειν
1450 1081 1481 1159 ἧς
1508 1082 1626 1165 ἔχεις”,

641 1192 697 1256 ubi
728 1193 817 1276 prius
847 1190 880 1254 id
912 1190 1009 1255 fuisse
1033 1190 1119 1274 quod
1143 1197 1245 1253 nostro
1268 1191 1399 1274 praebet
1422 1189 1548 1267 fabula,
1573 1190 1646 1255 dein
1671 1196 1834 1256 mutatum

640 1318 708 1361 esse
739 1317 887 1372 versum,
918 1296 1064 1380 perhibet
1095 1295 1274 1359 scholiasta.
1307 1295 1390 1374 Quid
1421 1302 1530 1360 autem
1561 1297 1622 1360 sibi
1655 1296 1738 1362 velit
1762 1298 1834 1363 haec

640 1409 692 1466 τοῦ
719 1402 854 1475 δευτέρου
879 1404 1001 1466 mentio
1025 1404 1202 1477 incertum,
1227 1401 1281 1464 sed
1305 1403 1367 1465 nisi
1392 1401 1487 1467 fallor
1505 1405 1742 1488 grammaticus
1762 1403 1835 1468 dicit

640 1511 673 1571 αα
694 1509 754 1571 clio
769 1507 903 1594 fabulae
923 1506 1085 1588 exemplari
1104 1509 1244 1571 inveniri
1264 1527 1393 1572 versum
1412 1509 1459 1571 ita
1472 1516 1647 1573 mutatum.
1669 1508 1834 1574 Mutetum

639 1612 791 1698 inquam?
811 1616 912 1677 immo
932 1612 1133 1676 mutilatum.
1153 1611 1265 1697 ltaque
1285 1612 1445 1698 glossema
1465 1612 1615 1690 ἔμμετρον
1635 1613 1716 1679 olim
1731 1615 1834 1680 sedem

640 1720 790 1786 versiculi
810 1722 943 1804 genuini
963 1740 1131 1803 occupasse
1151 1721 1319 1783 statuerim
1339 1722 1446 1804 potius
1466 1739 1564 1803 qnam
1583 1723 1692 1805 ipsum
1710 1728 1834 1806 poetam

641 1835 699 1904 „ut
731 1826 862 1890 auribus
884 1825 1128 1888 Atheniensium
1154 1825 1308 1889 teretibus
1332 1831 1364 1889 et
1388 1824 1561 1890 fastidiosis
1585 1826 1833 1892 obsecundaret”

640 1970 682 1980 —
717 1934 761 1995 sic
792 1930 1028 2016 Hemsterhuys
1062 1967 1104 1978 -
1138 1933 1191 2006 „in
1223 1929 1314 1994 Pluti
1346 1930 1509 2011 διασκευῇ,
1543 1953 1619 1997 voce
1651 1932 1832 2008 ὀφθαλμίας

640 2039 801 2114 „abieota,
836 2057 967 2101 versum
1001 2035 1100 2100 talem
1135 2037 1361 2101 substituisse”
1487 2040 1521 2101 in
1556 2059 1619 2122 quo
1654 2040 1833 2104 miserrime

637 2142 807 2228 langueret
829 2140 912 2206 illud
936 2139 967 2217 alr
993 2140 1087 2220 ἔχεις.
1112 2143 1197 2207 Nam
1222 2144 1349 2206 etiamsi
1372 2140 1520 2227 legamus
1546 2141 1564 2217 ἥ
1588 2146 1616 2206 α’
1637 2141 1726 2224 ἔχει,
1752 2145 1833 2229 quod

638 2252 739 2314 suasit
771 2247 974 2324 Valckenaer,
1007 2250 1193 2313 concinnius
1225 2248 1356 2332 quidem
1388 2252 1450 2313 erit
1480 2249 1620 2326 dietum,
1654 2249 1711 2314 sed
1734 2249 1833 2315 nihilo

638 2358 745 2419 minus
768 2375 1051 2439 supervacaneum.

683 2460 772 2525 Idem
793 2461 998 2524 observatum
1019 2465 1086 2524 esto
1107 2459 1146 2523 de
1165 2460 1272 2524 verbis
1291 2479 1372 2543 quae
1392 2460 1430 2524 ad
1450 2481 1581 2526 vorsum
1602 2463 1749 2526 vicinum
1771 2460 1832 2526 119

638 2566 794 2651 leguntur
818 2566 994 2650 adscripta:
1022 2569 1293 2642 „uaranscos'nrar
1319 2566 1349 2629 δὲ
1373 2565 1425 2641 καὶ
1448 2572 1537 2630 τοῦτο
1558 2568 1588 2630 ἐν
1607 2570 1650 2646 τῷ
1672 2568 1831 2647 δευτέρῳ”.

637 2672 698 2737 Sed
721 2671 877 2757 quidquid
897 2669 1014 2755 duplex
1034 2672 1111 2735 haec
1133 2676 1206 2746 »τοῦ
1227 2669 1387 2748 ravanam
1408 2674 1528 2736 mentio
1548 2673 1608 2736 sibi
1627 2671 1719 2749 vult,
1741 2695 1832 2738 nemo

636 2777 711 2841 inde
742 2776 856 2841 efficiet
887 2783 957 2838 ante
987 2783 1117 2839 coenam
1141 2775 1287 2859 fabulam
1318 2774 1418 2840 alium
1447 2775 1582 2840 Plutum
1606 2797 1625 2841 a
1648 2786 1744 2862 poeta
1766 2799 1831 2843 esse

636 2884 812 2966 scriptum,
840 2883 949 2965 itaque
973 2883 1106 2965 impune
1129 2902 1213 2945 nuno
1237 2918 1279 2929 -
1304 2881 1388 2966 quod
1411 2881 1479 2945 dixi
1504 2918 1546 2929 -
1571 2902 1589 2946 a
1612 2883 1704 2946 nobis
1727 2888 1830 2967 potest

636 2987 778 3074 neglegi.

1144 3119 1268 3291 aa.

682 3419 869 3497 „Priorem”
893 3421 996 3503 igitur
1019 3418 1153 3483 Plutum
1178 3418 1271 3483 illum
1296 3422 1367 3503 quis
1391 3416 1503 3483 novitl
1528 3421 1600 3504 quis
1624 3418 1732 3484 vidit?

679 3527 810 3590 Frustra
828 3528 1029 3609 anquirimus
1050 3528 1249 3600 testimonia,
1271 3545 1352 3609 quae
1372 3525 1501 3609 quidem
1522 3523 1622 3589 ullius
1642 3528 1708 3590 sint
1721 3530 1828 3611 pretii.

635 3631 737 3696 Verba
759 3651 833 3696 sane
858 3629 1027 3705 nonnulla,
1048 3650 1128 3714 quae
1148 3651 1165 3693 a
1184 3632 1406 3714 grammaticis
1424 3653 1462 3694 er
1484 3631 1710 3715 Aristophanis
1729 3631 1828 3697 Pluto

635 3737 819 3812 afferuntur,
850 3757 922 3800 cum
956 3735 1049 3800 hodie
1079 3739 1113 3799 in
1144 3735 1252 3800 fabula
1282 3735 1340 3800 illa
1371 3742 1427 3800 aut
1458 3758 1522 3800 non
1553 3743 1661 3801 extent
1685 3745 1743 3802 aut
1768 3759 1829 3803 ere

635 3844 752 3909 dantur
775 3866 835 3906 nou
859 3851 985 3917 extare,
1009 3843 1048 3906 ad
1073 3846 1211 3926 priorem
1236 3843 1351 3906 referre
1375 3842 1541 3918 iuhemur;
1567 3842 1621 3906 sed
1646 3864 1714 3907 rem
1739 3864 1829 3909 accu-

634 3953 735 4014 ratius
757 3949 1050 4033 pervestigantibus
1075 3970 1149 4011 mox
1169 3954 1299 4032 apparet
1319 3967 1421 4031 nugas
1442 3948 1534 4011 nobis
1552 3946 1721 4011 venditari.
1749 3947 1831 4013 Nam

635 4058 662 4119 si
684 4056 842 4119 demimus
866 4075 968 4118 unum
991 4061 1022 4118 et
1046 4054 1184 4117 alterurn
1208 4053 1396 4129 verbulum,
1421 4052 1504 4138 quod
1519 4054 1611 4135 sabao
1635 4051 1675 4117 ad
1694 4052 1830 4119 Plutum

634 4168 682 4224 est
705 4159 860 4235 relatum,
883 4196 924 4207 -
945 4160 1125 4223 cuiusmodi
1144 4179 1265 4223 errores
1285 4158 1442 4243 plurimos
1463 4161 1696 4223 commiserunt
1708 4171 1832 4225 veteres

635 4286 730 4351 opera
750 4271 916 4350 poetarum
937 4268 1133 4329 scenicorum
1153 4264 1336 4340 laudantes,
1355 4302 1397 4312 —
1418 4286 1454 4330 ea
1476 4272 1601 4329 tantum
1614 4271 1739 4329 restant
1752 4286 1831 4350 qnae

635 4374 668 4436 in
692 4371 800 4436 fabula
822 4379 929 4436 nostra
952 4392 1011 4435 suo
1036 4370 1106 4434 loco
1130 4378 1264 4456 possunt
1286 4370 1430 4435 indicari.

680 4477 717 4541 ln
737 4477 993 4563 fragmentorum
1015 4475 1202 4539 collectione
1221 4475 1403 4552 Kockiana,
1424 4496 1505 4559 quae
1524 4474 1598 4540 aliis
1617 4480 1666 4539 est
1679 4475 1830 4561 amplior,

635 4592 706 4648 octo
725 4583 823 4647 verba
842 4587 874 4646 et
895 4602 958 4645 una
977 4580 1165 4645 sententiola
1179 4579 1297 4657 „Pluto
1309 4580 1428 4665 priori'’
1443 4581 1639 4645 tribuuntur.
1653 4578 1830 4646 Videamus

635 4686 773 4774 singula.
