4525 5950
540 695 584 761 80
1059 713 1200 762 rncrrus.

540 887 640 963 cqerct
662 901 807 943 censorem
829 881 1032 964 civiumque,
1057 879 1111 945 sed
1135 883 1304 965 praecipue
1327 883 1429 966 ipsius
1453 883 1624 967 principis,
1649 882 1734 946 facta

539 991 675 1053 notaret.
710 986 753 1051 ut
788 989 917 1051 omnino
950 985 1032 1050 illud
1062 1009 1206 1050 cernerem
1236 1010 1324 1069 apere
1355 988 1654 1073 frequentissimum
1685 994 1733 1054 est

539 1097 658 1159 crimen
689 1095 722 1157 in
751 1093 895 1157 homines
918 1095 1101 1157 severiores.
1126 1091 1204 1157 Vide
1230 1112 1313 1157 nunc
1336 1113 1432 1178 quam
1455 1092 1599 1180 eleganti
1622 1095 1734 1160 verbo

539 1222 611 1266 rum
633 1199 708 1265 lusu
730 1199 817 1286 idem
838 1197 895 1264 ille
919 1196 1032 1284 Oapito
1055 1201 1100 1264 sic
1119 1221 1256 1287 pergens
1274 1200 1459 1266 inducatur:
1482 1209 1637 1278 „censeret
1656 1202 1732 1287 quid

539 1309 659 1393 corrigi
681 1312 737 1372 eut
760 1308 881 1371 mutari
905 1304 1034 1371 veliet.'’

585 1520 623 1585 A.
647 1518 734 1596 XVI,
758 1516 811 1582 35.
836 1516 883 1582 De
906 1520 976 1603 ipsa
998 1516 1154 1584 Thressae
1178 1524 1283 1584 morte
1307 1518 1478 1585 traduntur
1499 1520 1595 1587 haec:

585 1624 796 1703 „Helvidium
819 1631 851 1688 et
871 1622 1071 1689 Demetrium
1091 1626 1125 1688 in
1145 1623 1329 1690 cubiculum
1349 1625 1489 1702 inducit,
1509 1630 1731 1713 porrectisque

537 1735 706 1817 utriusque
739 1731 859 1796 brachii
893 1734 999 1806 venis,
1035 1738 1205 1816 postquam
1241 1752 1386 1796 cruorem
1421 1732 1551 1810 effudit,
1589 1733 1732 1799 humum

538 1860 633 1924 super
653 1858 814 1924 spargens.
917 1836 1086 1915 bibemus,
1111 1839 1235 1923 inquit,
1259 1838 1330 1903 lori
1352 1837 1549 1904 liberatori.’'

584 1944 634 2010 Ad
646 1943 797 2027 porrectis
814 1942 1026 2030 Nipperdeius
1045 1950 1188 2009 annotat:
1211 1947 1337 2021 „einem
1353 1944 1491 2010 Dieuer''
1506 1951 1605 2031 atque
1616 1947 1731 2014 eodem

536 2050 633 2117 modo
653 2049 761 2116 locum
781 2052 897 2135 accipit
916 2050 1094 2116 Furnesnx.
1119 2051 1163 2116 At
1185 2072 1246 2137 ego
1270 2054 1454 2138 „porrigere
1477 2051 1582 2117 alicui
1600 2055 1732 2120 brachia

537 2156 715 2223 manusre”
740 2156 816 2242 qnid
839 2159 882 2221 sit
904 2159 997 2234 novi,
1022 2177 1138 2222 rerum
1162 2179 1273 2233 „ccccc
1295 2159 1417 2223 brachii
1437 2160 1622 2245 porrigere''
1654 2167 1729 2247 quin

537 2267 579 2329 sit
609 2263 875 2330 absurdissimum
899 2286 960 2329 uon
983 2264 1105 2329 dubito.
1130 2264 1213 2345 Quid
1237 2286 1295 2350 pro
1311 2265 1461 2347 porrectio
1484 2265 1664 2352 legendum
1690 2272 1729 2334 sit

537 2392 599 2436 non
622 2371 754 2448 definio,
779 2370 872 2436 credo
895 2377 1001 2436 tamen
1023 2371 1215 2435 in-rectc‘e
1236 2369 1501 2437 latere—ccctis.
1525 2371 1589 2438 Sed
1613 2378 1728 2460 utique

535 2481 710 2564 requiritur
728 2478 864 2542 verbum
887 2476 1045 2542 eiusmodi
1067 2484 1105 2542 ut
1128 2477 1237 2562 effudit
1260 2498 1328 2542 rem
1351 2478 1509 2565 significet
1532 2481 1671 2544 consulto
1691 2483 1728 2546 ab

535 2586 605 2670 ipso
632 2582 770 2649 Thrasea
793 2590 971 2672 peractam,
996 2583 1081 2669 quod
1104 2605 1166 2648 non
1188 2583 1241 2660 fit,
1265 2587 1292 2648 si
1315 2587 1464 2650 minister
1486 2584 1605 2671 aliquis
1630 2609 1727 2652 venas

438 2767 439 2770 ς
535 2691 697 2777 aperiendi
727 2712 858 2758 munere
888 2692 1017 2756 functus
1049 2712 1116 2756 esse
1147 2689 1273 2756 dicitur.
1308 2690 1371 2757 Sed
1400 2693 1460 2758 hoc
1489 2696 1725 2779 gravissimum

536 2798 620 2885 quod
643 2821 733 2863 νσιιοο
750 2799 907 2881 porricere
928 2796 1021 2863 nihili
1045 2803 1103 2862 est.

984 3351 1027 3398 AD
1050 3349 1275 3399 rauranum.

578 3549 694 3619 Ooriol.
722 3552 772 3618 18.
795 3550 930 3617 Silentio
953 3551 1041 3638 plebs
1064 3554 1267 3640 exspectabat
1290 3575 1352 3639 quo
1373 3552 1466 3618 modo
1485 3574 1518 3619 se
1536 3551 1723 3620 Coriolanus

532 3659 685 3725 adversus
708 3659 911 3723 tribunorum
932 3661 1065 3723 crimina
1085 3666 1167 3723 esset
1187 3659 1391 3725 defensurus:
1412 3662 1450 3732 ὠς
1470 3661 1496 3723 δ’
1516 3658 1631 3739 ἤρξατο
1653 3664 1721 3739 πρὸς

534 3766 616 3849 [τοὺς
648 3772 732 3830 recte
762 3763 844 3829 Sint.
877 3762 974 3847 delet]
998 3766 1166 3842 ἀνθρώπους
1190 3767 1326 3838 δεητικόν
1349 3790 1417 3830 τινα
1442 3767 1534 3843 λόγον
1560 3770 1722 3847 προσδεχο-

533 3873 639 3950 μένους
671 3874 703 3936 οὐ
728 3873 817 3946 μόνον
841 3872 977 3951 ἐπαχθεῖ
998 3874 1153 3954 παρρησία
1175 3875 1306 3951 χρῆσθαι
1332 3872 1382 3936 καί
1409 3875 1524 3937 πλείονι
1548 3876 1721 3957 κατηγορίᾳ

533 3987 587 4051 πῆς
621 3980 808 4063 παρρησίας,
841 3979 927 4042 ἀλλὰ
954 3977 1005 4040 καί
1029 3978 1103 4057 πίνῳ
1127 3987 1228 4057 Φοινης
1253 3979 1305 4043 καί
1331 3962 1460 4043 διαθέσει
1484 3982 1646 4052 προσώπου
1670 3985 1721 4053 την

533 4084 629 4161 ἐγγὺς
667 4085 833 4163 ὑπεροψίας
870 4085 922 4148 καί
959 4083 1120 4162 ὀλιγωρίας
1153 4085 1295 4164 ἀφοβίαν
1327 4085 1586 4164 ἐπιδεικνύμενος,
1618 4087 1633 4150 ὅ
1667 4090 1721 4163 μὲν

533 4191 624 4266 δῆμος
653 4188 859 4271 ἐξετραχύνθη
885 4194 947 4255 eci.
978 4189 1120 4256 Ferenda
1144 4192 1275 4258 fortasse
1299 4214 1378 4279 quae
1401 4196 1435 4258 in
1459 4194 1566 4258 verbis
1588 4198 1720 4272 χρῆσθαι

532 4304 564 4363 et
599 4297 841 4372 ἐπιδεικνύμενος
883 4297 1128 4383 deprehenditur
1161 4300 1406 4376 inconcinnitas,
1450 4320 1511 4363 non
1552 4299 1719 4365 ferendum

532 4413 586 4476 τῆς
620 4407 788 4481 παρρησίας
820 4411 892 4491 post
923 4414 961 4483 τῇ
994 4407 1147 4489 παρρησία
1179 4426 1240 4470 non
1271 4404 1377 4471 solum
1409 4408 1534 4493 ingrate
1565 4406 1621 4471 sed
1645 4428 1718 4472 cum

531 4512 705 4576 sententiae
736 4513 874 4595 pernicie
896 4512 1086 4595 repetitum;
1110 4532 1168 4597 pro
1191 4519 1245 4585 πῆς
1269 4513 1443 4589 ἀπολογίας
1468 4511 1619 4576 librarius
1644 4516 1720 4578 osci·

531 4623 601 4681 tans
622 4616 710 4681 istud
733 4619 870 4702 scripsit.
1520 4616 1549 4682 J.
1575 4618 1605 4684 J.
1631 4618 1676 4684 Η.

1026 4795 1220 4812 -ῴ-
