4525 5950
533 706 576 771 64
1059 724 1202 772 ramnus.

536 896 584 955 est
617 889 701 974 quod
732 892 824 955 unice
854 892 887 954 in
918 890 1002 955 hunc
1033 889 1140 956 locum
1172 893 1355 957 conveniat:
1387 891 1468 957 alter
1489 891 1546 959 illc
1573 915 1636 959 non
1661 901 1734 960 erat

534 995 663 1080 quidem
684 1004 750 1061 tam
774 996 936 1082 eleganter
959 996 1129 1074 educatus,
1154 1018 1213 1061 non
1240 1003 1306 1061 tam
1330 1000 1438 1075 mitis,
1460 997 1562 1078 lenis,
1585 1001 1736 1066 urbanus

535 1109 618 1181 arat;
650 1106 751 1169 immo
782 1124 857 1168 vero
889 1102 1095 1188 simplicitate
1125 1124 1184 1167 sua
1214 1101 1336 1189 plebeia
1365 1105 1541 1171 identidem
1576 1110 1737 1193 peccabat

535 1207 790 1295 offendebatque;
815 1209 869 1274 sed
892 1209 973 1273 illud
999 1212 1117 1274 vitium
1142 1210 1316 1288 industria,
1340 1231 1433 1296 saepe
1455 1212 1610 1296 probata,
1637 1215 1737 1281 facile

413 1356 419 1372 .
534 1317 766 1401 compensabat.
798 1317 890 1381 Nunc
921 1323 1005 1381 recte
1037 1318 1144 1381 omnia
1175 1316 1329 1402 disposita
1358 1323 1391 1382 et
1413 1321 1498 1384 inter
1520 1341 1556 1385 aa
1582 1326 1740 1407 opposita

533 1433 617 1487 sunt.
648 1423 816 1488 Praeterea
846 1444 930 1487 nunc
961 1421 1095 1507 denique
1125 1424 1246 1505 saepiae
1277 1444 1339 1488 non
1370 1423 1475 1489 solum
1498 1424 1580 1490 ferri
1604 1433 1738 1512 potest,

533 1527 588 1593 sed
611 1528 768 1614 quidquid
791 1550 848 1614 pro
871 1549 908 1593 eo
932 1531 1129 1614 reposueris,
1155 1535 1259 1594 totum
1282 1528 1390 1595 locum
1413 1534 1608 1616 corruperis.

579 1751 614 1814 A.
640 1748 693 1826 VI,
720 1747 771 1813 16.
804 1747 1008 1816 Creditorum
1040 1751 1195 1814 avaritiae
1227 1757 1260 1814 et
1284 1749 1466 1816 crudelitati
1490 1753 1663 1836 quomodo
1689 1754 1741 1819 ob

532 1858 619 1922 riam
643 1857 716 1921 ierit
739 1855 885 1921 Tiberius
908 1862 1114 1933 narraturus,
1140 1857 1185 1921 sic
1209 1854 1340 1922 Tacitus
1363 1859 1494 1942 incipit:

580 1962 682 2040 „Sane
713 1968 805 2028 vetus
835 1964 909 2027 urbi
938 1963 1085 2028 faenebre
1117 1961 1239 2027 malum
1271 1970 1303 2027 et
1335 1963 1530 2029 seditionum
1557 1965 1736 2033 discordia·

531 2090 668 2154 rumque
695 2069 885 2134 creberrima
916 2089 1029 2145 causa,
1063 2090 1162 2155 eoque
1193 2069 1400 2135 cohibebatur
1429 2073 1577 2156 antiquis
1603 2095 1734 2160 quoquc

532 2181 565 2240 et
588 2178 695 2240 minus
718 2178 877 2261 corruptis
898 2175 1075 2241 moribus.”

578 2282 622 2347 Ut
652 2282 768 2368 aliquis
798 2283 849 2347 his
879 2284 956 2347 insit
987 2303 1115 2358 sensus,
1140 2282 1336 2359 cohibebatur,
1360 2282 1394 2346 id
1417 2282 1503 2367 quod
1525 2292 1647 2351 vetant
1671 2308 1731 2352 ser·

532 2390 636 2454 monis
658 2388 763 2475 leges,
787 2391 833 2453 ita
855 2395 903 2453 est
926 2388 1145 2474 accipiendum
1169 2396 1206 2453 ut
1228 2409 1285 2474 pro
1308 2389 1494 2453 cohibendam
1519 2399 1591 2455 erat
1615 2396 1662 2457 sit
1682 2415 1729 2479 po

533 2497 651 2572 situm,
676 2501 708 2558 et
731 2515 769 2558 nc
794 2497 839 2558 sic
863 2494 993 2579 quidem
1017 2496 1174 2559 sententia
1195 2496 1336 2559 nascitur
1358 2495 1520 2581 eleganter
1544 2496 1728 2584 disertoque

532 2603 706 2667 enuntiata.
731 2599 822 2666 Hanc
846 2601 992 2678 habebis,
1017 2603 1045 2665 si
1068 2623 1124 2686 pro
1148 2623 1236 2685 coque
1258 2599 1376 2687 legeris
1400 2624 1544 2687 ceyrequc
1565 2603 1621 2669 vel
1641 2605 1726 2671 aliud

532 2707 722 2773 adverbium
752 2709 786 2771 in
810 2707 942 2772 eandem
967 2710 1175 2773 sententiam:
1199 2708 1343 2772 moribus
1365 2729 1490 2794 quoque
1513 2713 1664 2796 antiquis
1687 2734 1727 2777 ar·

532 2813 634 2879 duum
657 2827 725 2879 erat
747 2816 915 2898 nogotium
938 2813 1075 2878 foenoris
1097 2813 1302 2879 incommoda
1326 2835 1484 2891 coercere,
1510 2822 1581 2881 tam
1605 2821 1725 2884 invete-
1769 2845 1770 2861 ¹

531 2928 640 2986 ratum
662 2918 744 2984 illud
766 2919 891 2985 malum
914 2926 992 2985 erat.

578 3128 615 3191 A.
637 3124 689 3202 VI,
712 3124 765 3190 18.
791 3124 922 3202 „Etiam
941 3127 974 3188 in
993 3124 1181 3209 Pompeiam
1203 3124 1379 3190 Macrinam
1400 3124 1537 3191 exilium
1557 3128 1722 3200 statuitur,
1769 3170 1770 3203 ,

530 3235 623 3297 cuius
656 3234 811 3296 maritum
848 3230 1053 3317 Argolicum,
1087 3252 1231 3296 socerum
1266 3231 1440 3307 Laconem,
1475 3253 1493 3296 e
1527 3234 1722 3317 primoribus
1768 3269 1770 3362 p

531 3339 747 3415 Achaeorum,
783 3337 898 3404 Caesar
933 3337 1106 3402 afflixerat:
1143 3344 1232 3422 pater
1268 3358 1410 3422 quoque,
1446 3336 1596 3402 inlustris
1631 3359 1721 3423 eques

532 3444 712 3523 Romanus,
746 3465 780 3508 ac
803 3444 900 3508 frater
923 3446 1120 3528 praetorius,
1145 3464 1219 3507 cum
1242 3444 1404 3509 damnatio
1426 3447 1578 3523 instaret,
1604 3467 1639 3510 se
1662 3446 1721 3530 ipsi

530 3551 723 3633 interfecere.
745 3549 866 3614 Datum
886 3556 954 3614 erat
972 3551 1114 3625 crimini,
1136 3549 1219 3634 quod
1232 3547 1454 3635 Theophanem
1468 3549 1720 3635 Mytilenaeum,

531 3678 686 3744 proavum
710 3677 838 3731 eorum,
864 3654 921 3721 On.
945 3655 1085 3741 Magnus
1108 3658 1192 3720 inter
1214 3658 1345 3720 intimos
1369 3655 1551 3733 habuisset,
1576 3656 1720 3742 quodque

531 3763 679 3829 defuncto
697 3762 882 3848 Theophani
902 3761 1051 3826 caelestes
1072 3762 1208 3826 honores
1228 3760 1348 3828 Graeca
1367 3760 1511 3826 adulatio
1531 3760 1720 3827 tribuerat.’'

576 3870 740 3934 Habaiecet
753 3915 760 3933 .
775 3917 782 3932 .
798 3869 972 3933 ,tribuerat
996 3868 1157 3933 Hanccine
1178 3869 1318 3933 feramus
1336 3869 1508 3933 modorum
1529 3872 1720 3935 varietatem

532 3998 606 4040 cum
637 3976 675 4041 de
707 3976 829 4039 duabus
852 3983 967 4061 agatur
990 3975 1100 4053 rebus,
1125 3995 1205 4059 quae
1228 3995 1327 4059 aeque
1350 3980 1452 4039 certae
1475 3977 1541 4038 sint
1565 3971 1721 4061 utraque?

530 4081 636 4147 Immo
659 4082 801 4145 tribueret
823 4081 911 4166 lege,
933 4084 978 4145 sic
998 4087 1030 4146 et
1049 4084 1203 4145 sermonis
1224 4084 1358 4167 puritati
1377 4088 1409 4145 et
1428 4080 1583 4146 historiae
1595 4082 1721 4147 veritati

532 4189 712 4253 consultum
732 4191 802 4252 erit.
824 4189 872 4251 An
892 4186 1057 4252 credamus
1076 4184 1215 4253 Graecos
1235 4190 1300 4252 iam
1323 4195 1394 4251 tum
1415 4186 1546 4251 desiisse
1558 4190 1593 4251 in
1606 4208 1720 4274 magno

531 4295 646 4360 habere
676 4294 772 4359 illum
795 4293 1022 4379 Theophanem
1047 4294 1183 4369 honore,
1208 4297 1263 4378 qui
1288 4301 1360 4358 ante
1384 4299 1511 4358 centum
1536 4294 1602 4358 fere
1627 4313 1720 4360 annos

531 4404 673 4486 ipsorum
697 4403 908 4486 prospexisset
929 4400 1091 4465 libertatil

577 4623 614 4685 A.
639 4620 692 4698 VI,
717 4620 770 4684 22.
795 4621 879 4685 Satis
902 4620 1032 4706 longam
1058 4620 1096 4685 de
1119 4621 1314 4686 divinatione
1333 4620 1604 4706 disputationem,
1627 4642 1718 4707 quam

530 4730 705 4792 narrationi
737 4726 774 4791 de
805 4726 975 4813 Thrasyllo
1000 4731 1131 4811 eiusque
1156 4730 1316 4792 vaticiniis
1339 4728 1496 4802 annectit,
1521 4729 1569 4791 sio
1592 4726 1718 4793 Tacitus

531 4832 668 4899 claudit:
