4525 5950
956 715 1132 770 susumus.
1573 704 1639 769 285

444 892 536 954 vocis
572 890 747 965 ἀνωφελεῖς
782 891 815 952 in
850 909 898 953 vs.
931 887 1006 965 636,
1037 892 1071 952 in
1101 888 1288 974 corrigendo
1322 888 1506 955 litterarum
1538 892 1642 975 apices

444 1000 520 1059 tuto
554 993 687 1080 neglegi
718 999 861 1083 possunt.
894 993 1013 1059 Eodem
1044 994 1163 1060 mulier
1195 1017 1271 1060 mox
1301 1016 1349 1060 vs.
1380 994 1445 1060 642
1476 992 1642 1076 &utkerca

445 1108 594 1166 vocetur.

493 1304 547 1368 Vs.
574 1303 650 1368 662.
675 1311 729 1377 τῆς
755 1311 809 1378 σῆς
833 1304 864 1368 δὲ
888 1304 1006 1378 τόλμης
1033 1303 1200 1381 εἵσομαι
1225 1306 1428 1382 γεγευμένος.

444 1409 583 1482 Eirmos
621 1430 681 1474 nou
716 1430 807 1493 posse
843 1411 874 1472 h.
898 1407 921 1473 1.
956 1410 1047 1474 sciam
1082 1410 1266 1496 significare
1303 1414 1373 1476 iure
1407 1413 1534 1476 monuit
1563 1410 1642 1476 olim

446 1514 552 1591 Weil,
577 1514 631 1579 sed
655 1515 758 1578 futuri
780 1516 861 1599 epici
885 1511 1135 1591 ricopa1=siur
1159 1515 1290 1580 nullom
1314 1521 1403 1581 extet
1425 1519 1459 1580 in
1479 1516 1644 1601 tragoedia

444 1619 637 1706 exemplum
660 1626 692 1684 et
714 1641 733 1685 s
752 1620 902 1686 diverbiis
922 1620 1036 1686 saltem
1057 1621 1201 1687 alienum
1220 1621 1358 1699 ridetur,
1380 1625 1527 1707 quocirca
1547 1645 1642 1708 quou-

444 1727 522 1791 dsm
550 1728 702 1811 proposui
732 1723 884 1803 ἵξομον.
900 1726 1082 1792 Sententia
1105 1725 1217 1812 procul
1241 1727 1338 1792 dubio
1363 1728 1439 1792 haec
1462 1734 1525 1793 est:
1552 1728 1643 1805 „Tus

444 1832 602 1918 „quidem
626 1831 753 1898 domins
777 1854 840 1917 quo
860 1831 956 1897 vulto
976 1839 1101 1918 putrem
1122 1854 1231 1897 meum
1252 1833 1440 1920 adspectura
1460 1837 1501 1898 sit
1519 1837 1642 1920 ignoro,

444 1938 526 2016 „sed
544 1944 636 2002 tuem
655 1937 821 2002 eudociam
841 1944 991 2023 expertus
1002 1938 1114 2004 novi.”
1135 1939 1243 2004 Possis
1254 1942 1360 2025 igitur
1372 1941 1470 2004 etiem
1483 1943 1641 2005 conicere:

677 2051 730 2115 τῆς
755 2049 809 2115 σῆς
834 2044 865 2108 δὲ
890 2042 1009 2121 ritune
1035 2044 1112 2121 εἰμ’
1136 2043 1233 2117 ἄδην
1253 2051 1291 2126 (s.
1313 2044 1398 2126 ἅλις)
1416 2049 1616 2124 γεγευμένος.

491 2260 546 2327 Vs.
573 2260 650 2326 925.
674 2265 755 2340 φεῦ,
779 2269 856 2343 χρῆν
880 2261 1013 2342 βροτοῖσι
1038 2268 1096 2326 τῶν
1122 2263 1223 2342 φίλων
1245 2263 1405 2342 τεκμήριον

674 2367 776 2443 σαφές
801 2391 831 2431 το
856 2369 974 2432 κεῖσθον
999 2367 1050 2431 καὶ
1076 2367 1239 2445 διάγνωσιν
1264 2374 1389 2447 Φρενῶν,

674 2469 755 2544 ὅστις
781 2473 812 2537 τ’
836 2473 951 2546 ἀληθής
976 2474 1057 2538 ἐστον
1081 2471 1112 2545 ὅς
1138 2497 1173 2537 τε
1197 2475 1241 2550 μὴ
1266 2474 1378 2553 Φίλος,

674 2579 788 2650 δισσάς
806 2603 841 2644 τε
865 2581 972 2659 φωνὰς
996 2579 1118 2652 πάντας
1144 2579 1312 2658 ἀνθρώπους
1337 2578 1431 2660 ἔχειν,

673 2686 740 2759 τὴν
765 2687 836 2763 μὲν
859 2687 1041 2763 δοκοῖσιν,
1068 2687 1137 2758 τὴν
1162 2685 1188 2749 δ’
1211 2681 1312 2758 ὅπως
1338 2686 1589 2771 ἐτύγχανον,

672 2793 710 2862 ὥς
737 2792 754 2865 ἡ
779 2795 929 2870 Φρονοῢσοο
954 2789 1056 2855 τᾶδικ’
1082 2788 1276 2871 ἐξηλέγχετο

672 2896 745 2974 πρὸς
769 2903 823 2969 τῆς
848 2896 989 2974 δικαίοις,
1014 2897 1087 2960 κούκ
1110 2895 1149 2959 ἂν
1174 2897 1375 2971 ἦτοτώμοθοο.

439 3002 537 3067 Nihil
557 3003 592 3065 iu
615 3001 675 3066 huc
698 3004 856 3067 sententie
879 3001 1122 3080 desideraretur,
1147 3005 1174 3067 si
1199 3003 1323 3069 abesset
1345 3025 1392 3069 vs.
1419 3002 1495 3083 729,
1519 3007 1636 3090 inquo

440 3112 527 3174 mire
552 3111 569 3183 νὶ
593 3108 694 3180 disses
719 3113 852 3174 vocetur
876 3110 892 3181 ἡ
917 3113 1070 3188 συχοῡσοο.

489 3310 542 3375 Vs.
571 3309 668 3377 1307.
693 3304 707 3373 i
732 3310 769 3389 δ’,
793 3308 892 3389 ὥσπερ
917 3311 963 3375 ὢν
986 3312 1120 3390 δίκαιος,
1146 3314 1198 3377 οὐκ
1224 3311 1379 3392 ἐφέσπετο

670 3415 816 3495 λδγοοσον,
843 3420 907 3483 uri.

447 3522 526 3603 „Sic
556 3520 667 3599 Erec,
698 3522 752 3587 sed
776 3521 851 3587 libri
874 3521 929 3587 LP
953 3517 1011 3600 οὖν,
1034 3524 1072 3594 cic
1097 3524 1169 3602 ἀνὴρ
1194 3522 1309 3594 δίκαιον
1335 3521 1371 3590 0.
1395 3524 1569 3591 Bussche’'.
1595 3528 1639 3591 At

440 3630 557 3715 quidni
577 3627 683 3692 leuius
701 3625 800 3708 ὥσπερ
821 3625 862 3702 ἦν
882 3627 1011 3707 δίκαιος,
1032 3636 1070 3692 ut
1089 3631 1123 3692 in
1143 3629 1203 3693 hsc
1222 3628 1636 3719 ipsefebulevs.1081sq.

671 3736 776 3813 πολλῷ
799 3757 839 3812 ys
863 3737 993 3822 μᾶλλον
1011 3733 1123 3799 σαυτὸν
1148 3734 1284 3808 ἥσκνσοος
1310 3735 1415 3811 σέβειν

670 3839 686 3911 ἦ
712 3838 782 3909 τοὺς
807 3839 955 3910 τεκόντας
979 3836 1047 3902 ὅσον
1073 3842 1156 3919 epac,
1182 3839 1294 3910 δίκαιος
1320 3841 1366 3905 ὤν.

435 3951 460 4013 i.
482 3968 510 4011 e.
534 3948 574 4016 ὥς
598 3944 711 4008 δίκονον
738 3938 770 4014 ἦν
795 3969 830 4008 σε
855 3953 960 4023 ποιεῖν,
985 3952 1059 4010 noto
1080 3948 1242 4010 atticismo
1262 3948 1318 4031 qui
1339 3949 1460 4031 passim
1480 3947 1635 4012 recurrit?

435 4052 532 4133 Quod
555 4059 627 4116 ante
651 4072 703 4116 me
726 4054 792 4115 ism
815 4049 988 4116 Moukium
1012 4051 1131 4117 vidisse
1156 4074 1208 4117 me
1232 4052 1323 4118 dccet
1345 4054 1531 4138 Appendix,
1552 4075 1633 4140 quae

436 4161 582 4244 optimae
605 4156 709 4243 frugis
732 4155 895 4242 permulto
919 4160 1070 4223 continet.

484 4369 539 4433 Vs.
567 4367 664 4432 1453.
689 4365 710 4432 ὦ
734 4375 880 4450 χοῖρε,
904 4368 954 4432 xxi
980 4368 1018 4431 σὺ
1043 4377 1136 4447 χοῖρε
1160 4372 1265 4435 πολλοὶ
1289 4396 1358 4449 μοι,
1384 4373 1494 4451 τοὶτορ.

434 4476 570 4560 Recepit
601 4473 703 4539 editor
736 4473 843 4539 Weilii
875 4476 1090 4539 coniecturam
1123 4474 1240 4556 ᾤχωκε.
1274 4477 1311 4540 In
1344 4480 1519 4560 Appendice
1546 4486 1578 4543 et
1602 4482 1635 4542 in

432 4580 594 4646 Accendit
630 4579 770 4645 desidero
805 4585 947 4644 veterem
982 4601 1088 4644 mecm
1124 4584 1338 4667 suspicionem
1375 4590 1454 4663 φῶς
1492 4593 1632 4664 χοῖρε,

435 4686 625 4773 quaemihi
649 4685 780 4771 quidem
804 4683 946 4750 nondum
970 4683 1130 4770 displicet.
