<?xml version="1.0" encoding="UTF-8"?>
<!DOCTYPE html PUBLIC "-//W3C//DTD XHTML 1.0 Transitional//EN"
    "http://www.w3.org/TR/xhtml1/DTD/xhtml1-transitional.dtd">
<html xmlns="http://www.w3.org/1999/xhtml" xml:lang="en" lang="en">
 <head>
  <title>
</title>
<meta http-equiv="Content-Type" content="text/html;charset=utf-8" />
  <meta name='ocr-system' content='tesseract 3.04.00' />
  <meta name='ocr-capabilities' content='ocr_page ocr_carea ocr_par ocr_line ocrx_word'/>
</head>
<body>
  <div class='ocr_page' id='page_1' title='image "./mnemosyne07verdgoog_0162.png"; bbox 0 0 4525 5950; ppageno 0'>
   <div class='ocr_carea' id='block_1_1' title="bbox 962 691 1636 755">
    <p class='ocr_par' dir='ltr' id='par_1_1' title="bbox 962 691 1636 755">
     <span class='ocr_line' id='line_1_1' title="bbox 962 691 1636 755; baseline 0 -2"><span class='ocrx_word' id='word_1_1' title='bbox 962 706 1116 754; x_wconf 78' lang='lat' dir='ltr'><strong>rasurus.</strong></span> <span class='ocrx_word' id='word_1_2' title='bbox 1573 691 1636 755; x_wconf 79' lang='lat'><strong>145</strong></span> 
     </span>
    </p>
   </div>
   <div class='ocr_carea' id='block_1_2' title="bbox 435 870 1638 2755">
    <p class='ocr_par' dir='ltr' id='par_1_2' title="bbox 435 870 1638 1585">
     <span class='ocr_line' id='line_1_2' title="bbox 435 870 1638 959; baseline -0.002 -21"><span class='ocrx_word' id='word_1_3' title='bbox 435 879 612 959; x_wconf 83' lang='lat' dir='ltr'><strong>argeutum</strong></span> <span class='ocrx_word' id='word_1_4' title='bbox 646 873 783 937; x_wconf 90' lang='lat' dir='ltr'><strong>Ballioni</strong></span> <span class='ocrx_word' id='word_1_5' title='bbox 807 874 998 957; x_wconf 80' lang='lat' dir='ltr'><strong>promiserat</strong></span> <span class='ocrx_word' id='word_1_6' title='bbox 1022 893 1077 956; x_wconf 93' lang='lat' dir='ltr'><strong>pro</strong></span> <span class='ocrx_word' id='word_1_7' title='bbox 1106 870 1291 946; x_wconf 89' lang='lat' dir='ltr'><strong>Phoenicio,</strong></span> <span class='ocrx_word' id='word_1_8' title='bbox 1317 870 1439 955; x_wconf 90' lang='lat' dir='ltr'><strong>aliquid</strong></span> <span class='ocrx_word' id='word_1_9' title='bbox 1466 877 1638 955; x_wconf 80' lang='lat' dir='ltr'><strong>temptasse</strong></span> 
     </span>
     <span class='ocr_line' id='line_1_3' title="bbox 437 975 1637 1061; baseline -0.003 -17"><span class='ocrx_word' id='word_1_10' title='bbox 437 991 552 1044; x_wconf 88' lang='lat' dir='ltr'><strong>contra</strong></span> <span class='ocrx_word' id='word_1_11' title='bbox 586 979 767 1055; x_wconf 85' lang='lat' dir='ltr'><strong>Simonem,</strong></span> <span class='ocrx_word' id='word_1_12' title='bbox 799 979 854 1043; x_wconf 88' lang='lat' dir='ltr'><strong>sed</strong></span> <span class='ocrx_word' id='word_1_13' title='bbox 886 980 971 1043; x_wconf 91' lang='lat' dir='ltr'><strong>hunc</strong></span> <span class='ocrx_word' id='word_1_14' title='bbox 1002 980 1101 1041; x_wconf 89' lang='lat' dir='ltr'><strong>etiam</strong></span> <span class='ocrx_word' id='word_1_15' title='bbox 1133 984 1205 1040; x_wconf 93' lang='lat' dir='ltr'><strong>tum</strong></span> <span class='ocrx_word' id='word_1_16' title='bbox 1237 976 1270 1039; x_wconf 91' lang='lat' dir='ltr'><strong>id</strong></span> <span class='ocrx_word' id='word_1_17' title='bbox 1301 979 1520 1061; x_wconf 81' lang='lat' dir='ltr'><strong>praesensisse.</strong></span> <span class='ocrx_word' id='word_1_18' title='bbox 1553 975 1637 1041; x_wconf 77' lang='lat' dir='ltr'><strong>(lum</strong></span> 
     </span>
     <span class='ocr_line' id='line_1_4' title="bbox 436 1081 1636 1151; baseline -0.005 -1"><span class='ocrx_word' id='word_1_19' title='bbox 436 1094 550 1150; x_wconf 90' lang='lat' dir='ltr'><strong>autem</strong></span> <span class='ocrx_word' id='word_1_20' title='bbox 576 1085 752 1151; x_wconf 89' lang='lat' dir='ltr'><strong>Pseudolus</strong></span> <span class='ocrx_word' id='word_1_21' title='bbox 775 1106 859 1149; x_wconf 92' lang='lat' dir='ltr'><strong>nunc</strong></span> <span class='ocrx_word' id='word_1_22' title='bbox 883 1083 969 1148; x_wconf 91' lang='lat' dir='ltr'><strong>dicat</strong></span> <span class='ocrx_word' id='word_1_23' title='bbox 987 1104 1020 1147; x_wconf 89' lang='lat' dir='ltr'><strong>se</strong></span> <span class='ocrx_word' id='word_1_24' title='bbox 1039 1086 1159 1146; x_wconf 89' lang='lat' dir='ltr'><strong>iterum</strong></span> <span class='ocrx_word' id='word_1_25' title='bbox 1179 1081 1302 1146; x_wconf 87' lang='lat' dir='ltr'><strong>Simoni</strong></span> <span class='ocrx_word' id='word_1_26' title='bbox 1323 1081 1453 1145; x_wconf 88' lang='lat' dir='ltr'><strong>insidias</strong></span> <span class='ocrx_word' id='word_1_27' title='bbox 1474 1082 1636 1145; x_wconf 88' lang='lat' dir='ltr'><strong>facturum</strong></span> 
     </span>
     <span class='ocr_line' id='line_1_5' title="bbox 438 1187 1636 1273; baseline -0.003 -17"><span class='ocrx_word' id='word_1_28' title='bbox 438 1213 508 1256; x_wconf 87' lang='lat' dir='ltr'><strong>esse</strong></span> <span class='ocrx_word' id='word_1_29' title='bbox 528 1200 561 1256; x_wconf 90' lang='lat' dir='ltr'><strong>et</strong></span> <span class='ocrx_word' id='word_1_30' title='bbox 579 1192 768 1256; x_wconf 85' lang='lat' dir='ltr'><strong>effossurum</strong></span> <span class='ocrx_word' id='word_1_31' title='bbox 788 1189 851 1254; x_wconf 86' lang='lat' dir='ltr'><strong>XX</strong></span> <span class='ocrx_word' id='word_1_32' title='bbox 872 1192 990 1266; x_wconf 91' lang='lat' dir='ltr'><strong>minas,</strong></span> <span class='ocrx_word' id='word_1_33' title='bbox 1011 1188 1148 1253; x_wconf 86' lang='lat' dir='ltr'><strong>Plautus</strong></span> <span class='ocrx_word' id='word_1_34' title='bbox 1168 1191 1288 1253; x_wconf 84' lang='lat' dir='ltr'><strong>evitare</strong></span> <span class='ocrx_word' id='word_1_35' title='bbox 1309 1209 1371 1252; x_wconf 91' lang='lat' dir='ltr'><strong>nou</strong></span> <span class='ocrx_word' id='word_1_36' title='bbox 1385 1191 1490 1273; x_wconf 90' lang='lat' dir='ltr'><strong>potuit</strong></span> <span class='ocrx_word' id='word_1_37' title='bbox 1502 1187 1636 1252; x_wconf 89' lang='lat' dir='ltr'><strong>alteram</strong></span> 
     </span>
     <span class='ocr_line' id='line_1_6' title="bbox 437 1293 1637 1381; baseline -0.003 -21"><span class='ocrx_word' id='word_1_38' title='bbox 437 1297 740 1381; x_wconf 86' lang='lat' dir='ltr'><strong>interpolationem,</strong></span> <span class='ocrx_word' id='word_1_39' title='bbox 772 1303 809 1361; x_wconf 89' lang='lat' dir='ltr'><strong>ut</strong></span> <span class='ocrx_word' id='word_1_40' title='bbox 844 1316 959 1380; x_wconf 89' lang='lat' dir='ltr'><strong>nempe</strong></span> <span class='ocrx_word' id='word_1_41' title='bbox 992 1294 1190 1369; x_wconf 87' lang='lat' dir='ltr'><strong>Pseudolus,</strong></span> <span class='ocrx_word' id='word_1_42' title='bbox 1226 1302 1396 1379; x_wconf 90' lang='lat' dir='ltr'><strong>postquam</strong></span> <span class='ocrx_word' id='word_1_43' title='bbox 1432 1293 1519 1358; x_wconf 83' lang='lat' dir='ltr'><strong>Simo</strong></span> <span class='ocrx_word' id='word_1_44' title='bbox 1555 1293 1637 1357; x_wconf 81' lang='lat' dir='ltr'><strong>dixit</strong></span> 
     </span>
     <span class='ocr_line' id='line_1_7' title="bbox 439 1399 1637 1485; baseline -0.002 -19"><span class='ocrx_word' id='word_1_45' title='bbox 439 1403 649 1481; x_wconf 70' lang='lat' dir='ltr'><strong>(tle-422)</strong></span> <span class='ocrx_word' id='word_1_46' title='bbox 677 1424 750 1466; x_wconf 90' lang='lat' dir='ltr'><strong>eum</strong></span> <span class='ocrx_word' id='word_1_47' title='bbox 774 1404 895 1466; x_wconf 89' lang='lat' dir='ltr'><strong>iterum</strong></span> <span class='ocrx_word' id='word_1_48' title='bbox 915 1401 1105 1465; x_wconf 85' lang='lat' dir='ltr'><strong>frustratum</strong></span> <span class='ocrx_word' id='word_1_49' title='bbox 1131 1421 1215 1476; x_wconf 89' lang='lat' dir='ltr'><strong>esse,</strong></span> <span class='ocrx_word' id='word_1_50' title='bbox 1240 1399 1322 1463; x_wconf 92' lang='lat' dir='ltr'><strong>nibil</strong></span> <span class='ocrx_word' id='word_1_51' title='bbox 1345 1399 1477 1485; x_wconf 89' lang='lat' dir='ltr'><strong>praedae</strong></span> <span class='ocrx_word' id='word_1_52' title='bbox 1501 1421 1539 1464; x_wconf 84' lang='lat' dir='ltr'><strong>ex</strong></span> <span class='ocrx_word' id='word_1_53' title='bbox 1564 1421 1637 1464; x_wconf 88' lang='lat' dir='ltr'><strong>sene</strong></span> 
     </span>
     <span class='ocr_line' id='line_1_8' title="bbox 440 1505 1044 1585; baseline 0 -14"><span class='ocrx_word' id='word_1_54' title='bbox 440 1509 503 1572; x_wconf 87' lang='lat' dir='ltr'><strong>sibi</strong></span> <span class='ocrx_word' id='word_1_55' title='bbox 530 1509 598 1572; x_wconf 87' lang='lat' dir='ltr'><strong>fore</strong></span> <span class='ocrx_word' id='word_1_56' title='bbox 621 1508 787 1584; x_wconf 85' lang='lat' dir='ltr'><strong>fateretur,</strong></span> <span class='ocrx_word' id='word_1_57' title='bbox 811 1505 1044 1585; x_wconf 73' lang='lat' dir='ltr'><strong>tea-4261).</strong></span> 
     </span>
    </p>

    <p class='ocr_par' dir='ltr' id='par_1_3' title="bbox 435 1613 1637 2228">
     <span class='ocr_line' id='line_1_9' title="bbox 485 1613 1633 1698; baseline -0.003 -20"><span class='ocrx_word' id='word_1_58' title='bbox 485 1614 522 1678; x_wconf 92' lang='lat' dir='ltr'><strong>In</strong></span> <span class='ocrx_word' id='word_1_59' title='bbox 547 1617 641 1678; x_wconf 87' lang='lat' dir='ltr'><strong>tertia</strong></span> <span class='ocrx_word' id='word_1_60' title='bbox 664 1613 911 1698; x_wconf 86' lang='lat' dir='ltr'><strong>interpolatione</strong></span> <span class='ocrx_word' id='word_1_61' title='bbox 941 1613 1005 1677; x_wconf 90' lang='lat' dir='ltr'><strong>alia</strong></span> <span class='ocrx_word' id='word_1_62' title='bbox 1037 1634 1086 1677; x_wconf 88' lang='lat' dir='ltr'><strong>res</strong></span> <span class='ocrx_word' id='word_1_63' title='bbox 1117 1617 1184 1688; x_wconf 91' lang='lat' dir='ltr'><strong>est,</strong></span> <span class='ocrx_word' id='word_1_64' title='bbox 1216 1632 1278 1675; x_wconf 91' lang='lat' dir='ltr'><strong>non</strong></span> <span class='ocrx_word' id='word_1_65' title='bbox 1310 1614 1397 1676; x_wconf 90' lang='lat' dir='ltr'><strong>enim</strong></span> <span class='ocrx_word' id='word_1_66' title='bbox 1428 1615 1633 1694; x_wconf 86' lang='lat' dir='ltr'><strong>consequitur</strong></span> 
     </span>
     <span class='ocr_line' id='line_1_10' title="bbox 437 1717 1636 1805; baseline -0.002 -21"><span class='ocrx_word' id='word_1_67' title='bbox 437 1742 476 1784; x_wconf 82' lang='lat' dir='ltr'><strong>ex</strong></span> <span class='ocrx_word' id='word_1_68' title='bbox 509 1719 577 1783; x_wconf 88' lang='lat' dir='ltr'><strong>illis</strong></span> <span class='ocrx_word' id='word_1_69' title='bbox 607 1720 749 1796; x_wconf 90' lang='lat' dir='ltr'><strong>duabus,</strong></span> <span class='ocrx_word' id='word_1_70' title='bbox 783 1719 837 1784; x_wconf 91' lang='lat' dir='ltr'><strong>sed</strong></span> <span class='ocrx_word' id='word_1_71' title='bbox 862 1728 986 1805; x_wconf 82' lang='lat' dir='ltr'><strong>pugnet</strong></span> <span class='ocrx_word' id='word_1_72' title='bbox 1009 1740 1084 1783; x_wconf 92' lang='lat' dir='ltr'><strong>cum</strong></span> <span class='ocrx_word' id='word_1_73' title='bbox 1109 1717 1265 1794; x_wconf 87' lang='lat' dir='ltr'><strong>secunda,</strong></span> <span class='ocrx_word' id='word_1_74' title='bbox 1291 1717 1546 1802; x_wconf 87' lang='lat' dir='ltr'><strong>quandoquidem</strong></span> <span class='ocrx_word' id='word_1_75' title='bbox 1572 1740 1636 1782; x_wconf 91' lang='lat' dir='ltr'><strong>cer·</strong></span> 
     </span>
     <span class='ocr_line' id='line_1_11' title="bbox 437 1823 1637 1911; baseline -0.003 -21"><span class='ocrx_word' id='word_1_76' title='bbox 437 1829 601 1891; x_wconf 85' lang='lat' dir='ltr'><strong>tissimam</strong></span> <span class='ocrx_word' id='word_1_77' title='bbox 632 1827 694 1890; x_wconf 92' lang='lat' dir='ltr'><strong>sibi</strong></span> <span class='ocrx_word' id='word_1_78' title='bbox 725 1826 875 1911; x_wconf 89' lang='lat' dir='ltr'><strong>praedam</strong></span> <span class='ocrx_word' id='word_1_79' title='bbox 907 1826 975 1890; x_wconf 84' lang='lat' dir='ltr'><strong>sore</strong></span> <span class='ocrx_word' id='word_1_80' title='bbox 1002 1848 1040 1890; x_wconf 83' lang='lat' dir='ltr'><strong>ex</strong></span> <span class='ocrx_word' id='word_1_81' title='bbox 1064 1827 1168 1889; x_wconf 87' lang='lat' dir='ltr'><strong>invito</strong></span> <span class='ocrx_word' id='word_1_82' title='bbox 1192 1832 1224 1888; x_wconf 92' lang='lat' dir='ltr'><strong>et</strong></span> <span class='ocrx_word' id='word_1_83' title='bbox 1246 1831 1339 1888; x_wconf 90' lang='lat' dir='ltr'><strong>cauto</strong></span> <span class='ocrx_word' id='word_1_84' title='bbox 1362 1844 1435 1888; x_wconf 89' lang='lat' dir='ltr'><strong>sene</strong></span> <span class='ocrx_word' id='word_1_85' title='bbox 1459 1823 1637 1888; x_wconf 90' lang='lat' dir='ltr'><strong>Pseudolus</strong></span> 
     </span>
     <span class='ocr_line' id='line_1_12' title="bbox 439 1928 1636 2017; baseline 0 -24"><span class='ocrx_word' id='word_1_86' title='bbox 439 1930 589 1994; x_wconf 88' lang='lat' dir='ltr'><strong>declaret.</strong></span> <span class='ocrx_word' id='word_1_87' title='bbox 620 1929 727 2015; x_wconf 83' lang='lat' dir='ltr'><strong>Igitur</strong></span> <span class='ocrx_word' id='word_1_88' title='bbox 752 1930 855 1994; x_wconf 88' lang='lat' dir='ltr'><strong>denuo</strong></span> <span class='ocrx_word' id='word_1_89' title='bbox 878 1936 973 2014; x_wconf 90' lang='lat' dir='ltr'><strong>poeta</strong></span> <span class='ocrx_word' id='word_1_90' title='bbox 995 1932 1115 2017; x_wconf 81' lang='lat' dir='ltr'><strong>ingenii</strong></span> <span class='ocrx_word' id='word_1_91' title='bbox 1142 1933 1267 2013; x_wconf 89' lang='lat' dir='ltr'><strong>impetu</strong></span> <span class='ocrx_word' id='word_1_92' title='bbox 1292 1935 1324 1992; x_wconf 89' lang='lat' dir='ltr'><strong>et</strong></span> <span class='ocrx_word' id='word_1_93' title='bbox 1347 1928 1453 2013; x_wconf 89' lang='lat' dir='ltr'><strong>lepore</strong></span> <span class='ocrx_word' id='word_1_94' title='bbox 1476 1929 1579 2012; x_wconf 85' lang='lat' dir='ltr'><strong>abripi</strong></span> <span class='ocrx_word' id='word_1_95' title='bbox 1603 1950 1636 1993; x_wconf 87' lang='lat' dir='ltr'><strong>se</strong></span> 
     </span>
     <span class='ocr_line' id='line_1_13' title="bbox 437 2033 1635 2120; baseline 0.001 -22"><span class='ocrx_word' id='word_1_96' title='bbox 437 2057 551 2120; x_wconf 88' lang='lat' dir='ltr'><strong>passus</strong></span> <span class='ocrx_word' id='word_1_97' title='bbox 571 2045 620 2099; x_wconf 92' lang='lat' dir='ltr'><strong>est</strong></span> <span class='ocrx_word' id='word_1_98' title='bbox 640 2035 717 2100; x_wconf 90' lang='lat' dir='ltr'><strong>adeo</strong></span> <span class='ocrx_word' id='word_1_99' title='bbox 736 2045 773 2100; x_wconf 88' lang='lat' dir='ltr'><strong>ut</strong></span> <span class='ocrx_word' id='word_1_100' title='bbox 792 2036 892 2100; x_wconf 81' lang='lat' dir='ltr'><strong>laceto</strong></span> <span class='ocrx_word' id='word_1_101' title='bbox 914 2056 1048 2101; x_wconf 86' lang='lat' dir='ltr'><strong>excursu</strong></span> <span class='ocrx_word' id='word_1_102' title='bbox 1069 2033 1252 2099; x_wconf 92' lang='lat' dir='ltr'><strong>mirabilem</strong></span> <span class='ocrx_word' id='word_1_103' title='bbox 1274 2055 1415 2120; x_wconf 78' lang='lat' dir='ltr'><strong>pugnam</strong></span> <span class='ocrx_word' id='word_1_104' title='bbox 1432 2037 1515 2099; x_wconf 92' lang='lat' dir='ltr'><strong>iuter</strong></span> <span class='ocrx_word' id='word_1_105' title='bbox 1527 2056 1635 2100; x_wconf 90' lang='lat' dir='ltr'><strong>senem</strong></span> 
     </span>
     <span class='ocr_line' id='line_1_14' title="bbox 435 2140 1544 2228; baseline -0.001 -22"><span class='ocrx_word' id='word_1_106' title='bbox 435 2149 469 2206; x_wconf 89' lang='lat' dir='ltr'><strong>et</strong></span> <span class='ocrx_word' id='word_1_107' title='bbox 493 2163 626 2206; x_wconf 89' lang='lat' dir='ltr'><strong>servum</strong></span> <span class='ocrx_word' id='word_1_108' title='bbox 650 2143 884 2227; x_wconf 82' lang='lat' dir='ltr'><strong>spectatoribus</strong></span> <span class='ocrx_word' id='word_1_109' title='bbox 908 2145 1112 2228; x_wconf 87' lang='lat' dir='ltr'><strong>promit-teret</strong></span> <span class='ocrx_word' id='word_1_110' title='bbox 1137 2142 1256 2206; x_wconf 89' lang='lat' dir='ltr'><strong>frustra</strong></span> <span class='ocrx_word' id='word_1_111' title='bbox 1279 2147 1310 2205; x_wconf 87' lang='lat' dir='ltr'><strong>et</strong></span> <span class='ocrx_word' id='word_1_112' title='bbox 1333 2144 1494 2206; x_wconf 88' lang='lat' dir='ltr'><strong>incassum</strong></span> <span class='ocrx_word' id='word_1_113' title='bbox 1509 2140 1544 2220; x_wconf 88' lang='lat'><strong>²).</strong></span> 
     </span>
    </p>

    <p class='ocr_par' dir='ltr' id='par_1_4' title="bbox 437 2247 1637 2755">
     <span class='ocr_line' id='line_1_15' title="bbox 483 2247 1637 2333; baseline 0.001 -23"><span class='ocrx_word' id='word_1_114' title='bbox 483 2247 650 2325; x_wconf 79' lang='lat' dir='ltr'><strong>Quomodo</strong></span> <span class='ocrx_word' id='word_1_115' title='bbox 673 2250 705 2310; x_wconf 91' lang='lat' dir='ltr'><strong>in</strong></span> <span class='ocrx_word' id='word_1_116' title='bbox 730 2268 844 2332; x_wconf 84' lang='lat' dir='ltr'><strong>graeco</strong></span> <span class='ocrx_word' id='word_1_117' title='bbox 868 2247 1015 2333; x_wconf 77' lang='lat' dir='ltr'><strong>exemplo</strong></span> <span class='ocrx_word' id='word_1_118' title='bbox 1039 2247 1518 2312; x_wconf 86' lang='lat' dir='ltr'><strong>constitutafueritecena14</strong></span> <span class='ocrx_word' id='word_1_119' title='bbox 1540 2269 1637 2331; x_wconf 90' lang='lat' dir='ltr'><strong>supra</strong></span> 
     </span>
     <span class='ocr_line' id='line_1_16' title="bbox 439 2351 1636 2438; baseline 0.002 -23"><span class='ocrx_word' id='word_1_120' title='bbox 439 2352 543 2416; x_wconf 88' lang='lat' dir='ltr'><strong>docui.</strong></span> <span class='ocrx_word' id='word_1_121' title='bbox 565 2351 600 2415; x_wconf 91' lang='lat' dir='ltr'><strong>ln</strong></span> <span class='ocrx_word' id='word_1_122' title='bbox 621 2351 675 2415; x_wconf 80' lang='lat'><strong>15</strong></span> <span class='ocrx_word' id='word_1_123' title='bbox 696 2361 769 2436; x_wconf 89' lang='lat' dir='ltr'><strong>post</strong></span> <span class='ocrx_word' id='word_1_124' title='bbox 789 2352 855 2416; x_wconf 81' lang='lat'><strong>422</strong></span> <span class='ocrx_word' id='word_1_125' title='bbox 876 2353 952 2428; x_wconf 89' lang='lat' dir='ltr'><strong>„sed</strong></span> <span class='ocrx_word' id='word_1_126' title='bbox 972 2352 1237 2417; x_wconf 89' lang='lat' dir='ltr'><strong>dissimulabam”</strong></span> <span class='ocrx_word' id='word_1_127' title='bbox 1258 2356 1408 2417; x_wconf 85' lang='lat' dir='ltr'><strong>continuo</strong></span> <span class='ocrx_word' id='word_1_128' title='bbox 1427 2353 1636 2438; x_wconf 88' lang='lat' dir='ltr'><strong>respondebat</strong></span> 
     </span>
     <span class='ocr_line' id='line_1_17' title="bbox 438 2456 1634 2543; baseline 0 -21"><span class='ocrx_word' id='word_1_129' title='bbox 438 2456 589 2542; x_wconf 80' lang='lat' dir='ltr'><strong>Callipho</strong></span> <span class='ocrx_word' id='word_1_130' title='bbox 621 2456 685 2522; x_wconf 83' lang='lat'><strong>427</strong></span> <span class='ocrx_word' id='word_1_131' title='bbox 707 2478 785 2543; x_wconf 73' lang='lat' dir='ltr'><strong>sqq,</strong></span> <span class='ocrx_word' id='word_1_132' title='bbox 817 2458 953 2542; x_wconf 85' lang='lat' dir='ltr'><strong>denique</strong></span> <span class='ocrx_word' id='word_1_133' title='bbox 984 2466 1056 2543; x_wconf 89' lang='lat' dir='ltr'><strong>post</strong></span> <span class='ocrx_word' id='word_1_134' title='bbox 1084 2457 1150 2523; x_wconf 77' lang='lat'><strong>506</strong></span> <span class='ocrx_word' id='word_1_135' title='bbox 1174 2457 1351 2522; x_wconf 90' lang='lat' dir='ltr'><strong>Pseudolus</strong></span> <span class='ocrx_word' id='word_1_136' title='bbox 1375 2457 1498 2523; x_wconf 87' lang='lat' dir='ltr'><strong>Simoni</strong></span> <span class='ocrx_word' id='word_1_137' title='bbox 1523 2462 1634 2523; x_wconf 87' lang='lat' dir='ltr'><strong>statim</strong></span> 
     </span>
     <span class='ocr_line' id='line_1_18' title="bbox 437 2562 1634 2648; baseline 0 -21"><span class='ocrx_word' id='word_1_138' title='bbox 437 2562 604 2647; x_wconf 88' lang='lat' dir='ltr'><strong>respondit</strong></span> <span class='ocrx_word' id='word_1_139' title='bbox 634 2584 671 2627; x_wconf 90' lang='lat' dir='ltr'><strong>ea</strong></span> <span class='ocrx_word' id='word_1_140' title='bbox 705 2583 786 2646; x_wconf 88' lang='lat' dir='ltr'><strong>quae</strong></span> <span class='ocrx_word' id='word_1_141' title='bbox 820 2562 976 2648; x_wconf 81' lang='lat' dir='ltr'><strong>leguntur</strong></span> <span class='ocrx_word' id='word_1_142' title='bbox 1010 2584 1029 2627; x_wconf 98' lang='lat' dir='ltr'><strong>a</strong></span> <span class='ocrx_word' id='word_1_143' title='bbox 1062 2585 1110 2628; x_wconf 87' lang='lat' dir='ltr'><strong>rs.</strong></span> <span class='ocrx_word' id='word_1_144' title='bbox 1145 2564 1209 2628; x_wconf 84' lang='lat' dir='ltr'><strong>sere</strong></span> <span class='ocrx_word' id='word_1_145' title='bbox 1242 2563 1322 2627; x_wconf 79' lang='lat'><strong>525:</strong></span> <span class='ocrx_word' id='word_1_146' title='bbox 1362 2564 1470 2640; x_wconf 89' lang='lat' dir='ltr'><strong>„Dabo</strong></span> <span class='ocrx_word' id='word_1_147' title='bbox 1507 2563 1634 2646; x_wconf 90' lang='lat' dir='ltr'><strong>[aliam]</strong></span> 
     </span>
     <span class='ocr_line' id='line_1_19' title="bbox 437 2667 1161 2755; baseline 0 -22"><span class='ocrx_word' id='word_1_148' title='bbox 437 2689 583 2755; x_wconf 75' lang='lat' dir='ltr'><strong>pugnam</strong></span> <span class='ocrx_word' id='word_1_149' title='bbox 607 2668 725 2733; x_wconf 88' lang='lat' dir='ltr'><strong>claram</strong></span> <span class='ocrx_word' id='word_1_150' title='bbox 749 2677 782 2733; x_wconf 92' lang='lat' dir='ltr'><strong>et</strong></span> <span class='ocrx_word' id='word_1_151' title='bbox 804 2667 1068 2734; x_wconf 89' lang='lat' dir='ltr'><strong>memorabilem”</strong></span> <span class='ocrx_word' id='word_1_152' title='bbox 1093 2691 1161 2754; x_wconf 91' lang='lat' dir='ltr'><strong>sqq.</strong></span> 
     </span>
    </p>
   </div>
   <div class='ocr_carea' id='block_1_3' title="bbox 482 2884 1636 3006">
    <p class='ocr_par' dir='ltr' id='par_1_5' title="bbox 482 2884 1636 3006">
     <span class='ocr_line' id='line_1_20' title="bbox 482 2884 1636 3006; baseline 0.003 -24"><span class='ocrx_word' id='word_1_153' title='bbox 482 2916 629 2982; x_wconf 80' lang='lat' dir='ltr'><strong>Fuerunt</strong></span> <span class='ocrx_word' id='word_1_154' title='bbox 658 2918 714 3002; x_wconf 94' lang='lat' dir='ltr'><strong>qui</strong></span> <span class='ocrx_word' id='word_1_155' title='bbox 745 2923 871 3001; x_wconf 89' lang='lat' dir='ltr'><strong>praeter</strong></span> <span class='ocrx_word' id='word_1_156' title='bbox 900 2920 980 2982; x_wconf 84' lang='lat' dir='ltr'><strong>vitia</strong></span> <span class='ocrx_word' id='word_1_157' title='bbox 1012 2919 1177 3003; x_wconf 87' lang='lat' dir='ltr'><strong>hucusque</strong></span> <span class='ocrx_word' id='word_1_158' title='bbox 1209 2924 1359 2995; x_wconf 86' lang='lat' dir='ltr'><strong>tractata,</strong></span> <span class='ocrx_word' id='word_1_159' title='bbox 1392 2917 1479 2984; x_wconf 87' lang='lat' dir='ltr'><strong>aliud</strong></span> <span class='ocrx_word' id='word_1_160' title='bbox 1511 2884 1636 3006; x_wconf 90' lang='lat' dir='ltr'><strong>quoque</strong></span> 
     </span>
    </p>
   </div>
   <div class='ocr_carea' id='block_1_4' title="bbox 426 3023 1635 4170">
    <p class='ocr_par' dir='ltr' id='par_1_6' title="bbox 432 3023 1635 3408">
     <span class='ocr_line' id='line_1_21' title="bbox 433 3023 1635 3110; baseline 0.003 -24"><span class='ocrx_word' id='word_1_161' title='bbox 433 3027 467 3086; x_wconf 90' lang='lat' dir='ltr'><strong>in</strong></span> <span class='ocrx_word' id='word_1_162' title='bbox 500 3025 561 3087; x_wconf 87' lang='lat' dir='ltr'><strong>hac</strong></span> <span class='ocrx_word' id='word_1_163' title='bbox 593 3023 701 3088; x_wconf 85' lang='lat' dir='ltr'><strong>fabula</strong></span> <span class='ocrx_word' id='word_1_164' title='bbox 725 3024 1009 3108; x_wconf 86' lang='lat' dir='ltr'><strong>reprehenderent,</strong></span> <span class='ocrx_word' id='word_1_165' title='bbox 1034 3045 1149 3109; x_wconf 87' lang='lat' dir='ltr'><strong>nempe</strong></span> <span class='ocrx_word' id='word_1_166' title='bbox 1173 3045 1308 3110; x_wconf 82' lang='lat' dir='ltr'><strong>gravem</strong></span> <span class='ocrx_word' id='word_1_167' title='bbox 1332 3026 1577 3110; x_wconf 85' lang='lat' dir='ltr'><strong>discrepantiam</strong></span> <span class='ocrx_word' id='word_1_168' title='bbox 1602 3030 1635 3090; x_wconf 91' lang='lat' dir='ltr'><strong>in</strong></span> 
     </span>
     <span class='ocr_line' id='line_1_22' title="bbox 433 3129 1635 3216; baseline 0.002 -23"><span class='ocrx_word' id='word_1_169' title='bbox 433 3131 619 3193; x_wconf 87' lang='lat' dir='ltr'><strong>charactere</strong></span> <span class='ocrx_word' id='word_1_170' title='bbox 642 3129 800 3205; x_wconf 86' lang='lat' dir='ltr'><strong>Simonis,</strong></span> <span class='ocrx_word' id='word_1_171' title='bbox 825 3151 921 3214; x_wconf 90' lang='lat' dir='ltr'><strong>qnam</strong></span> <span class='ocrx_word' id='word_1_172' title='bbox 946 3130 1066 3195; x_wconf 82' lang='lat' dir='ltr'><strong>Lorenz</strong></span> <span class='ocrx_word' id='word_1_173' title='bbox 1086 3131 1198 3216; x_wconf 85' lang='lat' dir='ltr'><strong>(praef.</strong></span> <span class='ocrx_word' id='word_1_174' title='bbox 1219 3153 1250 3216; x_wconf 92' lang='lat' dir='ltr'><strong>p.</strong></span> <span class='ocrx_word' id='word_1_175' title='bbox 1271 3132 1328 3204; x_wconf 83' lang='grc'><strong>26)</strong></span> <span class='ocrx_word' id='word_1_176' title='bbox 1349 3131 1457 3195; x_wconf 89' lang='lat' dir='ltr'><strong>Plauti</strong></span> <span class='ocrx_word' id='word_1_177' title='bbox 1478 3132 1635 3197; x_wconf 86' lang='lat' dir='ltr'><strong>socordiae</strong></span> 
     </span>
     <span class='ocr_line' id='line_1_23' title="bbox 433 3235 1634 3320; baseline 0.002 -21"><span class='ocrx_word' id='word_1_178' title='bbox 433 3239 466 3299; x_wconf 91' lang='lat' dir='ltr'><strong>in</strong></span> <span class='ocrx_word' id='word_1_179' title='bbox 500 3237 644 3299; x_wconf 83' lang='lat' dir='ltr'><strong>moribus</strong></span> <span class='ocrx_word' id='word_1_180' title='bbox 674 3235 845 3320; x_wconf 82' lang='lat' dir='ltr'><strong>pingendis</strong></span> <span class='ocrx_word' id='word_1_181' title='bbox 876 3238 1043 3312; x_wconf 86' lang='lat' dir='ltr'><strong>attribuit,</strong></span> <span class='ocrx_word' id='word_1_182' title='bbox 1077 3236 1204 3301; x_wconf 89' lang='lat' dir='ltr'><strong>Bierma</strong></span> <span class='ocrx_word' id='word_1_183' title='bbox 1228 3258 1266 3301; x_wconf 80' lang='lat' dir='ltr'><strong>ex</strong></span> <span class='ocrx_word' id='word_1_184' title='bbox 1291 3237 1428 3301; x_wconf 88' lang='lat' dir='ltr'><strong>duarum</strong></span> <span class='ocrx_word' id='word_1_185' title='bbox 1452 3238 1634 3303; x_wconf 89' lang='lat' dir='ltr'><strong>fabularum</strong></span> 
     </span>
     <span class='ocr_line' id='line_1_24' title="bbox 432 3342 1192 3408; baseline 0 -2"><span class='ocrx_word' id='word_1_186' title='bbox 432 3345 708 3406; x_wconf 85' lang='lat' dir='ltr'><strong>contaminatione</strong></span> <span class='ocrx_word' id='word_1_187' title='bbox 733 3342 940 3407; x_wconf 84' lang='lat' dir='ltr'><strong>derivandam</strong></span> <span class='ocrx_word' id='word_1_188' title='bbox 965 3363 1033 3408; x_wconf 90' lang='lat' dir='ltr'><strong>esse</strong></span> <span class='ocrx_word' id='word_1_189' title='bbox 1057 3346 1192 3407; x_wconf 85' lang='lat' dir='ltr'><strong>censuit.</strong></span> 
     </span>
    </p>

    <p class='ocr_par' dir='ltr' id='par_1_7' title="bbox 426 3447 1634 4170">
     <span class='ocr_line' id='line_1_25' title="bbox 479 3447 1631 3535; baseline 0.003 -24"><span class='ocrx_word' id='word_1_190' title='bbox 479 3447 623 3532; x_wconf 88' lang='lat' dir='ltr'><strong>Uterque</strong></span> <span class='ocrx_word' id='word_1_191' title='bbox 659 3470 711 3512; x_wconf 90' lang='lat' dir='ltr'><strong>me</strong></span> <span class='ocrx_word' id='word_1_192' title='bbox 746 3449 852 3514; x_wconf 86' lang='lat' dir='ltr'><strong>iudice</strong></span> <span class='ocrx_word' id='word_1_193' title='bbox 887 3453 1031 3535; x_wconf 80' lang='lat' dir='ltr'><strong>graviter</strong></span> <span class='ocrx_word' id='word_1_194' title='bbox 1066 3453 1197 3514; x_wconf 89' lang='lat' dir='ltr'><strong>erravit.</strong></span> <span class='ocrx_word' id='word_1_195' title='bbox 1235 3449 1361 3514; x_wconf 86' lang='lat' dir='ltr'><strong>indoles</strong></span> <span class='ocrx_word' id='word_1_196' title='bbox 1395 3449 1535 3514; x_wconf 88' lang='lat' dir='ltr'><strong>Simonis</strong></span> <span class='ocrx_word' id='word_1_197' title='bbox 1567 3472 1631 3514; x_wconf 92' lang='lat' dir='ltr'><strong>non</strong></span> 
     </span>
     <span class='ocr_line' id='line_1_26' title="bbox 432 3553 1630 3641; baseline 0.003 -24"><span class='ocrx_word' id='word_1_198' title='bbox 432 3554 566 3638; x_wconf 89' lang='lat' dir='ltr'><strong>quidem</strong></span> <span class='ocrx_word' id='word_1_199' title='bbox 591 3575 654 3618; x_wconf 88' lang='lat' dir='ltr'><strong>una</strong></span> <span class='ocrx_word' id='word_1_200' title='bbox 678 3563 710 3618; x_wconf 89' lang='lat' dir='ltr'><strong>et</strong></span> <span class='ocrx_word' id='word_1_201' title='bbox 734 3553 873 3639; x_wconf 84' lang='lat' dir='ltr'><strong>simplex</strong></span> <span class='ocrx_word' id='word_1_202' title='bbox 898 3565 945 3619; x_wconf 88' lang='lat' dir='ltr'><strong>est</strong></span> <span class='ocrx_word' id='word_1_203' title='bbox 969 3555 1172 3639; x_wconf 86' lang='lat' dir='ltr'><strong>ostenditque</strong></span> <span class='ocrx_word' id='word_1_204' title='bbox 1193 3559 1437 3641; x_wconf 83' lang='lat' dir='ltr'><strong>repugnantias,</strong></span> <span class='ocrx_word' id='word_1_205' title='bbox 1458 3557 1511 3620; x_wconf 92' lang='lat' dir='ltr'><strong>sed</strong></span> <span class='ocrx_word' id='word_1_206' title='bbox 1531 3559 1630 3631; x_wconf 86' lang='lat' dir='ltr'><strong>tales,</strong></span> 
     </span>
     <span class='ocr_line' id='line_1_27' title="bbox 431 3659 1634 3748; baseline 0.003 -25"><span class='ocrx_word' id='word_1_207' title='bbox 431 3680 517 3745; x_wconf 89' lang='lat' dir='ltr'><strong>quae</strong></span> <span class='ocrx_word' id='word_1_208' title='bbox 538 3659 640 3724; x_wconf 89' lang='lat' dir='ltr'><strong>solent</strong></span> <span class='ocrx_word' id='word_1_209' title='bbox 660 3682 726 3725; x_wconf 89' lang='lat' dir='ltr'><strong>esse</strong></span> <span class='ocrx_word' id='word_1_210' title='bbox 749 3664 783 3724; x_wconf 90' lang='lat' dir='ltr'><strong>in</strong></span> <span class='ocrx_word' id='word_1_211' title='bbox 807 3662 966 3726; x_wconf 92' lang='lat' dir='ltr'><strong>eiusmodi</strong></span> <span class='ocrx_word' id='word_1_212' title='bbox 989 3662 1118 3726; x_wconf 89' lang='lat' dir='ltr'><strong>senibus</strong></span> <span class='ocrx_word' id='word_1_213' title='bbox 1142 3664 1215 3745; x_wconf 91' lang='lat' dir='ltr'><strong>qui,</strong></span> <span class='ocrx_word' id='word_1_214' title='bbox 1240 3683 1302 3746; x_wconf 91' lang='lat' dir='ltr'><strong>quo</strong></span> <span class='ocrx_word' id='word_1_215' title='bbox 1325 3665 1458 3748; x_wconf 81' lang='lat' dir='ltr'><strong>gravius</strong></span> <span class='ocrx_word' id='word_1_216' title='bbox 1482 3664 1545 3746; x_wconf 92' lang='lat' dir='ltr'><strong>ipsi</strong></span> <span class='ocrx_word' id='word_1_217' title='bbox 1564 3684 1634 3746; x_wconf 88' lang='lat' dir='ltr'><strong>pee-</strong></span> 
     </span>
     <span class='ocr_line' id='line_1_28' title="bbox 430 3765 1633 3852; baseline 0.002 -23"><span class='ocrx_word' id='word_1_218' title='bbox 430 3774 548 3829; x_wconf 89' lang='lat' dir='ltr'><strong>earnnt</strong></span> <span class='ocrx_word' id='word_1_219' title='bbox 578 3768 610 3828; x_wconf 93' lang='lat' dir='ltr'><strong>in</strong></span> <span class='ocrx_word' id='word_1_220' title='bbox 644 3765 871 3843; x_wconf 90' lang='lat' dir='ltr'><strong>adolescentia,</strong></span> <span class='ocrx_word' id='word_1_221' title='bbox 905 3788 941 3830; x_wconf 93' lang='lat' dir='ltr'><strong>eo</strong></span> <span class='ocrx_word' id='word_1_222' title='bbox 970 3767 1193 3831; x_wconf 84' lang='lat' dir='ltr'><strong>vehementius</strong></span> <span class='ocrx_word' id='word_1_223' title='bbox 1217 3789 1275 3830; x_wconf 88' lang='lat' dir='ltr'><strong>sua</strong></span> <span class='ocrx_word' id='word_1_224' title='bbox 1298 3775 1426 3852; x_wconf 85' lang='lat' dir='ltr'><strong>peccata</strong></span> <span class='ocrx_word' id='word_1_225' title='bbox 1449 3769 1633 3852; x_wconf 89' lang='lat' dir='ltr'><strong>improbant</strong></span> 
     </span>
     <span class='ocr_line' id='line_1_29' title="bbox 430 3869 1631 3957; baseline 0.002 -22"><span class='ocrx_word' id='word_1_226' title='bbox 430 3876 465 3935; x_wconf 91' lang='lat' dir='ltr'><strong>in</strong></span> <span class='ocrx_word' id='word_1_227' title='bbox 500 3869 586 3934; x_wconf 88' lang='lat' dir='ltr'><strong>filiis.</strong></span> <span class='ocrx_word' id='word_1_228' title='bbox 628 3871 805 3936; x_wconf 89' lang='lat' dir='ltr'><strong>Remanent</strong></span> <span class='ocrx_word' id='word_1_229' title='bbox 836 3881 942 3936; x_wconf 90' lang='lat' dir='ltr'><strong>autem</strong></span> <span class='ocrx_word' id='word_1_230' title='bbox 977 3875 1010 3935; x_wconf 93' lang='lat' dir='ltr'><strong>in</strong></span> <span class='ocrx_word' id='word_1_231' title='bbox 1041 3894 1153 3937; x_wconf 91' lang='lat' dir='ltr'><strong>eorum</strong></span> <span class='ocrx_word' id='word_1_232' title='bbox 1186 3876 1301 3937; x_wconf 87' lang='lat' dir='ltr'><strong>animis</strong></span> <span class='ocrx_word' id='word_1_233' title='bbox 1332 3877 1482 3957; x_wconf 88' lang='lat' dir='ltr'><strong>antiquae</strong></span> <span class='ocrx_word' id='word_1_234' title='bbox 1510 3874 1631 3938; x_wconf 84' lang='lat' dir='ltr'><strong>fraudis</strong></span> 
     </span>
     <span class='ocr_line' id='line_1_30' title="bbox 429 3978 1630 4064; baseline 0.002 -22"><span class='ocrx_word' id='word_1_235' title='bbox 429 3980 591 4062; x_wconf 80' lang='lat' dir='ltr'><strong>vestigia,</strong></span> <span class='ocrx_word' id='word_1_236' title='bbox 616 3999 697 4063; x_wconf 91' lang='lat' dir='ltr'><strong>quae</strong></span> <span class='ocrx_word' id='word_1_237' title='bbox 721 3981 882 4043; x_wconf 83' lang='lat' dir='ltr'><strong>occasione</strong></span> <span class='ocrx_word' id='word_1_238' title='bbox 906 3978 1011 4043; x_wconf 90' lang='lat' dir='ltr'><strong>oblata</strong></span> <span class='ocrx_word' id='word_1_239' title='bbox 1035 3979 1234 4064; x_wconf 83' lang='lat' dir='ltr'><strong>deteguntur</strong></span> <span class='ocrx_word' id='word_1_240' title='bbox 1256 3982 1446 4064; x_wconf 91' lang='lat' dir='ltr'><strong>pariuntque</strong></span> <span class='ocrx_word' id='word_1_241' title='bbox 1470 3980 1630 4044; x_wconf 86' lang='lat' dir='ltr'><strong>dictorum</strong></span> 
     </span>
     <span class='ocr_line' id='line_1_31' title="bbox 426 4084 1629 4170; baseline 0.002 -23"><span class='ocrx_word' id='word_1_242' title='bbox 426 4090 461 4148; x_wconf 89' lang='lat' dir='ltr'><strong>et</strong></span> <span class='ocrx_word' id='word_1_243' title='bbox 488 4084 648 4148; x_wconf 88' lang='lat' dir='ltr'><strong>factorum</strong></span> <span class='ocrx_word' id='word_1_244' title='bbox 673 4084 899 4169; x_wconf 89' lang='lat' dir='ltr'><strong>discrepantias</strong></span> <span class='ocrx_word' id='word_1_245' title='bbox 924 4091 990 4148; x_wconf 88' lang='lat' dir='ltr'><strong>tam</strong></span> <span class='ocrx_word' id='word_1_246' title='bbox 1010 4106 1103 4150; x_wconf 87' lang='lat' dir='ltr'><strong>reras</strong></span> <span class='ocrx_word' id='word_1_247' title='bbox 1123 4106 1221 4170; x_wconf 90' lang='lat' dir='ltr'><strong>quam</strong></span> <span class='ocrx_word' id='word_1_248' title='bbox 1241 4085 1379 4150; x_wconf 91' lang='lat' dir='ltr'><strong>ludicras</strong></span> <span class='ocrx_word' id='word_1_249' title='bbox 1399 4092 1430 4150; x_wconf 89' lang='lat' dir='ltr'><strong>et</strong></span> <span class='ocrx_word' id='word_1_250' title='bbox 1451 4087 1629 4151; x_wconf 86' lang='lat' dir='ltr'><strong>comoediae</strong></span> 
     </span>
    </p>
   </div>
   <div class='ocr_carea' id='block_1_5' title="bbox 439 4282 639 4292">
    <p class='ocr_par' dir='ltr' id='par_1_8' title="bbox 439 4282 639 4292">
     <span class='ocr_line' id='line_1_32' title="bbox 439 4282 639 4292; baseline -0.01 0"><span class='ocrx_word' id='word_1_251' title='bbox 439 4282 639 4292; x_wconf 51' lang='grc'><strong>*-</strong></span> 
     </span>
    </p>
   </div>
   <div class='ocr_carea' id='block_1_6' title="bbox 425 4402 1628 4875">
    <p class='ocr_par' dir='ltr' id='par_1_9' title="bbox 426 4402 1628 4633">
     <span class='ocr_line' id='line_1_33' title="bbox 467 4402 1628 4467; baseline 0.001 -14"><span class='ocrx_word' id='word_1_252' title='bbox 467 4406 493 4464; x_wconf 86' lang='grc'><strong>1)</strong></span> <span class='ocrx_word' id='word_1_253' title='bbox 519 4405 590 4453; x_wconf 82' lang='lat' dir='ltr'><strong>Nihil</strong></span> <span class='ocrx_word' id='word_1_254' title='bbox 615 4409 695 4452; x_wconf 63' lang='lat' dir='ltr'><strong>nmen</strong></span> <span class='ocrx_word' id='word_1_255' title='bbox 720 4402 832 4467; x_wconf 87' lang='lat' dir='ltr'><strong>probibet</strong></span> <span class='ocrx_word' id='word_1_256' title='bbox 855 4402 983 4466; x_wconf 80' lang='lat' dir='ltr'><strong>quominus</strong></span> <span class='ocrx_word' id='word_1_257' title='bbox 1006 4402 1137 4451; x_wconf 80' lang='lat' dir='ltr'><strong>Pseudolus</strong></span> <span class='ocrx_word' id='word_1_258' title='bbox 1161 4419 1194 4451; x_wconf 87' lang='lat' dir='ltr'><strong>ve:</strong></span> <span class='ocrx_word' id='word_1_259' title='bbox 1213 4404 1259 4451; x_wconf 76' lang='lat'><strong>691</strong></span> <span class='ocrx_word' id='word_1_260' title='bbox 1284 4402 1414 4466; x_wconf 82' lang='lat' dir='ltr'><strong>glorietur:</strong></span> <span class='ocrx_word' id='word_1_261' title='bbox 1442 4405 1501 4452; x_wconf 72' lang='lat' dir='ltr'><strong>utria</strong></span> <span class='ocrx_word' id='word_1_262' title='bbox 1518 4404 1628 4454; x_wconf 83' lang='lat' dir='ltr'><strong>deludam</strong></span> 
     </span>
     <span class='ocr_line' id='line_1_34' title="bbox 429 4483 1628 4549; baseline 0 -13"><span class='ocrx_word' id='word_1_263' title='bbox 429 4502 517 4536; x_wconf 66' lang='lat' dir='ltr'><strong>nerum</strong></span> <span class='ocrx_word' id='word_1_264' title='bbox 541 4490 566 4533; x_wconf 85' lang='lat' dir='ltr'><strong>et</strong></span> <span class='ocrx_word' id='word_1_265' title='bbox 588 4485 696 4533; x_wconf 84' lang='lat' dir='ltr'><strong>lenonem</strong></span> <span class='ocrx_word' id='word_1_266' title='bbox 718 4489 742 4532; x_wconf 87' lang='lat' dir='ltr'><strong>et</strong></span> <span class='ocrx_word' id='word_1_267' title='bbox 765 4483 947 4549; x_wconf 77' lang='lat' dir='ltr'><strong>(Harpagem)&#39;&#39;,</strong></span> <span class='ocrx_word' id='word_1_268' title='bbox 970 4501 1025 4534; x_wconf 88' lang='lat' dir='ltr'><strong>nam</strong></span> <span class='ocrx_word' id='word_1_269' title='bbox 1048 4484 1113 4533; x_wconf 85' lang='lat' dir='ltr'><strong>Simo</strong></span> <span class='ocrx_word' id='word_1_270' title='bbox 1136 4501 1230 4549; x_wconf 89' lang='lat' dir='ltr'><strong>quoque</strong></span> <span class='ocrx_word' id='word_1_271' title='bbox 1247 4485 1370 4535; x_wconf 86' lang='lat' dir='ltr'><strong>deluditur</strong></span> <span class='ocrx_word' id='word_1_272' title='bbox 1386 4486 1478 4535; x_wconf 87' lang='lat' dir='ltr'><strong>amieeie</strong></span> <span class='ocrx_word' id='word_1_273' title='bbox 1495 4487 1538 4535; x_wconf 76' lang='lat' dir='ltr'><strong>XX</strong></span> <span class='ocrx_word' id='word_1_274' title='bbox 1557 4488 1628 4537; x_wconf 81' lang='lat' dir='ltr'><strong>minis</strong></span> 
     </span>
     <span class='ocr_line' id='line_1_35' title="bbox 426 4564 1205 4633; baseline -0.001 -17"><span class='ocrx_word' id='word_1_275' title='bbox 426 4572 527 4633; x_wconf 85' lang='lat' dir='ltr'><strong>praeter</strong></span> <span class='ocrx_word' id='word_1_276' title='bbox 544 4581 617 4630; x_wconf 82' lang='lat' dir='ltr'><strong>apem.</strong></span> <span class='ocrx_word' id='word_1_277' title='bbox 637 4564 689 4614; x_wconf 84' lang='lat' dir='ltr'><strong>Hae</strong></span> <span class='ocrx_word' id='word_1_278' title='bbox 706 4581 790 4614; x_wconf 90' lang='lat' dir='ltr'><strong>moneo</strong></span> <span class='ocrx_word' id='word_1_279' title='bbox 806 4570 891 4615; x_wconf 86' lang='lat' dir='ltr'><strong>contra</strong></span> <span class='ocrx_word' id='word_1_280' title='bbox 909 4568 1086 4630; x_wconf 81' lang='lat' dir='ltr'><strong>Langencm</strong></span> <span class='ocrx_word' id='word_1_281' title='bbox 1104 4583 1129 4631; x_wconf 87' lang='lat' dir='ltr'><strong>p.</strong></span> <span class='ocrx_word' id='word_1_282' title='bbox 1148 4568 1205 4615; x_wconf 79' lang='lat'><strong>202.</strong></span> 
     </span>
    </p>

    <p class='ocr_par' dir='ltr' id='par_1_10' title="bbox 425 4647 1628 4875">
     <span class='ocr_line' id='line_1_36' title="bbox 463 4647 1626 4712; baseline 0.001 -15"><span class='ocrx_word' id='word_1_283' title='bbox 463 4651 492 4711; x_wconf 82' lang='lat'><strong>2)</strong></span> <span class='ocrx_word' id='word_1_284' title='bbox 511 4650 547 4697; x_wconf 79' lang='lat' dir='ltr'><strong>Ad</strong></span> <span class='ocrx_word' id='word_1_285' title='bbox 566 4664 600 4696; x_wconf 80' lang='lat' dir='ltr'><strong>ve.</strong></span> <span class='ocrx_word' id='word_1_286' title='bbox 619 4648 668 4695; x_wconf 75' lang='lat' dir='ltr'><strong>aaa</strong></span> <span class='ocrx_word' id='word_1_287' title='bbox 684 4648 708 4696; x_wconf 89' lang='lat' dir='ltr'><strong>in</strong></span> <span class='ocrx_word' id='word_1_288' title='bbox 728 4648 801 4696; x_wconf 84' lang='lat' dir='ltr'><strong>tertia</strong></span> <span class='ocrx_word' id='word_1_289' title='bbox 819 4647 1005 4712; x_wconf 84' lang='lat' dir='ltr'><strong>interpolatione</strong></span> <span class='ocrx_word' id='word_1_290' title='bbox 1020 4649 1170 4698; x_wconf 81' lang='lat' dir='ltr'><strong>referendum</strong></span> <span class='ocrx_word' id='word_1_291' title='bbox 1186 4653 1222 4696; x_wconf 87' lang='lat' dir='ltr'><strong>eet</strong></span> <span class='ocrx_word' id='word_1_292' title='bbox 1237 4649 1299 4712; x_wconf 91' lang='lat' dir='ltr'><strong>quod</strong></span> <span class='ocrx_word' id='word_1_293' title='bbox 1315 4652 1384 4712; x_wconf 87' lang='lat' dir='ltr'><strong>poeta</strong></span> <span class='ocrx_word' id='word_1_294' title='bbox 1399 4649 1422 4697; x_wconf 84' lang='lat' dir='ltr'><strong>in</strong></span> <span class='ocrx_word' id='word_1_295' title='bbox 1438 4651 1483 4698; x_wconf 84' lang='lat' dir='ltr'><strong>dne</strong></span> <span class='ocrx_word' id='word_1_296' title='bbox 1492 4651 1626 4698; x_wconf 89' lang='lat' dir='ltr'><strong>comoediae</strong></span> 
     </span>
     <span class='ocr_line' id='line_1_37' title="bbox 425 4730 1628 4794; baseline 0.002 -15"><span class='ocrx_word' id='word_1_297' title='bbox 425 4734 547 4779; x_wconf 83' lang='lat' dir='ltr'><strong>dicentem</strong></span> <span class='ocrx_word' id='word_1_298' title='bbox 571 4731 628 4778; x_wconf 84' lang='lat' dir='ltr'><strong>lecit</strong></span> <span class='ocrx_word' id='word_1_299' title='bbox 655 4730 797 4779; x_wconf 79' lang='lat' dir='ltr'><strong>Pseudolum</strong></span> <span class='ocrx_word' id='word_1_300' title='bbox 817 4732 895 4779; x_wconf 59' lang='lat' dir='ltr'><strong>latas</strong></span> <span class='ocrx_word' id='word_1_301' title='bbox 916 4736 955 4779; x_wconf 66' lang='grc' dir='ltr'><strong>,αἱ</strong></span> <span class='ocrx_word' id='word_1_302' title='bbox 974 4730 1073 4794; x_wconf 76' lang='lat' dir='ltr'><strong>negabas</strong></span> <span class='ocrx_word' id='word_1_303' title='bbox 1090 4731 1203 4779; x_wconf 83' lang='lat' dir='ltr'><strong>daturum</strong></span> <span class='ocrx_word' id='word_1_304' title='bbox 1221 4745 1271 4778; x_wconf 85' lang='lat' dir='ltr'><strong>esee</strong></span> <span class='ocrx_word' id='word_1_305' title='bbox 1288 4735 1312 4778; x_wconf 88' lang='lat' dir='ltr'><strong>te</strong></span> <span class='ocrx_word' id='word_1_306' title='bbox 1331 4730 1414 4781; x_wconf 86' lang='lat' dir='ltr'><strong>mibi”.</strong></span> <span class='ocrx_word' id='word_1_307' title='bbox 1435 4732 1504 4793; x_wconf 79' lang='lat' dir='ltr'><strong>rugit</strong></span> <span class='ocrx_word' id='word_1_308' title='bbox 1522 4733 1566 4780; x_wconf 90' lang='lat' dir='ltr'><strong>boe</strong></span> <span class='ocrx_word' id='word_1_309' title='bbox 1584 4732 1628 4781; x_wconf 86' lang='lat' dir='ltr'><strong>Ua·</strong></span> 
     </span>
     <span class='ocr_line' id='line_1_38' title="bbox 425 4809 1388 4875; baseline 0 -16"><span class='ocrx_word' id='word_1_310' title='bbox 425 4812 548 4875; x_wconf 78' lang='lat' dir='ltr'><strong>etogium,</strong></span> <span class='ocrx_word' id='word_1_311' title='bbox 567 4811 609 4874; x_wconf 93' lang='lat' dir='ltr'><strong>qui</strong></span> <span class='ocrx_word' id='word_1_312' title='bbox 627 4809 690 4860; x_wconf 86' lang='lat' dir='ltr'><strong>huuc</strong></span> <span class='ocrx_word' id='word_1_313' title='bbox 708 4827 802 4860; x_wconf 75' lang='lat' dir='ltr'><strong>versum</strong></span> <span class='ocrx_word' id='word_1_314' title='bbox 821 4812 911 4860; x_wconf 83' lang='lat' dir='ltr'><strong>delevit</strong></span> <span class='ocrx_word' id='word_1_315' title='bbox 927 4813 1055 4860; x_wconf 79' lang='lat' dir='ltr'><strong>adnotans:</strong></span> <span class='ocrx_word' id='word_1_316' title='bbox 1076 4811 1132 4860; x_wconf 87' lang='lat' dir='ltr'><strong>·ubi</strong></span> <span class='ocrx_word' id='word_1_317' title='bbox 1151 4812 1195 4859; x_wconf 89' lang='lat' dir='ltr'><strong>boc</strong></span> <span class='ocrx_word' id='word_1_318' title='bbox 1212 4812 1302 4860; x_wconf 87' lang='lat' dir='ltr'><strong>laetum</strong></span> <span class='ocrx_word' id='word_1_319' title='bbox 1319 4817 1353 4861; x_wconf 88' lang='lat' dir='ltr'><strong>eet</strong></span> <span class='ocrx_word' id='word_1_320' title='bbox 1361 4812 1388 4859; x_wconf 75' lang='lat' dir='ltr'><strong>P’</strong></span> 
     </span>
    </p>
   </div>
   <div class='ocr_carea' id='block_1_7' title="bbox 0 0 2268 5945">
    <p class='ocr_par' dir='ltr' id='par_1_11' title="bbox 0 0 2268 5945">
     <span class='ocr_line' id='line_1_39' title="bbox 0 0 2268 5945; baseline 0 0"><span class='ocrx_word' id='word_1_321' title='bbox 0 0 2268 5945; x_wconf 95' lang='lat' dir='ltr'><strong> </strong></span> 
     </span>
    </p>
   </div>
  </div>
 </body>
</html>
