4525 5950
1700 692 1718 722 pu

914 714 957 761 sn
981 710 1115 760 naucum
1138 710 1335 759 asrouruusr.
1654 692 1717 760 351

530 880 797 966 explicationibus
829 879 1039 966 percipiendis
1067 879 1231 944 interdum
1261 880 1380 944 mentis
1409 899 1542 945 acumen
1577 878 1720 956 deficiat:

529 990 641 1072 itaque
672 1008 724 1052 me
754 988 1049 1072 interpretationem
1080 985 1237 1063 Nauclrii,
1268 987 1331 1051 riri
1355 988 1572 1071 sagacissimi,
1598 989 1652 1052 vix
1676 1008 1722 1052 aa

531 1096 625 1179 sequi
654 1095 793 1179 ingenue
825 1093 956 1158 fatebor.
992 1092 1027 1157 Si
1057 1113 1133 1158 vere
1163 1092 1272 1158 locum
1302 1094 1364 1170 ita,
1388 1100 1426 1157 ut
1448 1092 1599 1179 explicari
1622 1093 1721 1173 solet,

531 1201 728 1285 accipimus:
760 1202 947 1284 „proprium
978 1205 1026 1264 est
1057 1201 1182 1264 animae
1212 1201 1333 1264 ratione
1363 1199 1541 1284 praeditae,
1565 1206 1603 1265 ut
1625 1198 1722 1265 finem

531 1327 632 1371 suum
655 1310 875 1396 consequatur,
899 1304 1094 1391 ubicumque
1116 1309 1202 1370 vitae
1226 1308 1382 1371 terminus
1405 1310 1600 1372 constitutus
1622 1309 1721 1385 erit,”

530 1434 596 1478 non
620 1411 727 1477 solum
749 1414 918 1497 aptissima
937 1414 1045 1478 exist't
1064 1415 1221 1478 sententia
1238 1432 1381 1498 quaeque
1401 1415 1522 1498 optime
1541 1411 1724 1479 illustratur

532 1518 641 1584 verbis
671 1521 817 1604 proxime
847 1520 1070 1604 sequentibus:
1102 1520 1183 1600 ,οὐχ
1207 1516 1305 1596 ὥσπερ
1329 1519 1378 1582 ἐπὶ
1403 1521 1554 1598 θρχάτεος
1577 1520 1630 1584 καὶ
1656 1522 1724 1586 ὑπο-

534 1628 659 1704 niterer
690 1627 741 1689 xci
772 1627 830 1689 τῶν
862 1626 1011 1703 τοιούτων,
1044 1627 1158 1700 άτελύρι
1191 1627 1312 1702 γίνεται
1343 1628 1361 1702 η
1386 1623 1440 1700 ian
1465 1627 1593 1705 πρᾶξις,
1617 1628 1671 1691 ἐάν
1693 1651 1722 1690 τι

534 1731 674 1810 tradita·
699 1733 774 1796 cita'
799 1732 849 1795 a:
871 1733 988 1804 παντὸς
1007 1732 1132 1809 μέρους,
1154 1732 1206 1796 κού
1227 1727 1301 1796 ὅπου
1321 1731 1360 1797 θον
1380 1733 1589 1813 καταληφθῇ,
1609 1740 1722 1811 πλῆρες

534 1840 588 1903 καὶ
620 1837 784 1914 άπροσδεὲρ
815 1839 911 1918 ἑαυτῇ
942 1839 976 1904 ri
1008 1839 1146 1915 προτεθὲν
1177 1838 1295 1915 ποιεῑ,”
1328 1838 1382 1905 sed
1405 1841 1503 1904 etiam
1525 1838 1600 1905 talis
1622 1843 1725 1906 oribur

532 1948 709 2024 sententia,
734 1942 838 2031 qualis
861 1950 894 2010 et
915 1942 995 2010 alias
1017 1944 1102 2030 apud
1125 1944 1274 2010 Marcum
1297 1943 1420 2031 legitur
1443 1949 1526 2010 etin
1546 1946 1723 2032 quaverba

532 2074 552 2119 a
583 2051 729 2117 Nauckic
757 2054 874 2117 reiecta
903 2054 1077 2116 necessaria
1107 2054 1215 2138 potius
1244 2072 1431 2136 essequam
1454 2051 1589 2118 molesta
1613 2061 1723 2140 sponte

534 2159 650 2224 elucet.

581 2265 729 2343 Tertius,
761 2286 858 2350 quem
887 2263 978 2343 volo,
1002 2263 1092 2330 locus
1113 2266 1239 2351 integer
1262 2264 1487 2330 exscribendus
1510 2272 1575 2343 est;
1600 2266 1724 2354 legitur

535 2378 646 2438 autem
670 2371 693 2436 l.
718 2370 802 2437 VIII.
828 2370 889 2438 37:
916 2375 1012 2449 ,μήτι
1037 2376 1087 2435 νύν
1111 2371 1330 2448 παρακάθηται
1351 2381 1389 2452 τῇ
1412 2374 1528 2450 Ούύρον
1548 2376 1620 2453 σορῷ
1645 2374 1725 2438 Πάν-

536 2482 605 2544 θεια
642 2479 659 2554 ἢ
696 2479 879 2558 Πέργαμος,
914 2480 946 2541 τί
977 2477 1026 2554 δέ,
1061 2487 1099 2557 τῇ
1130 2479 1286 2554 Ἀδριανοῦ
1318 2479 1476 2558 Χαβρίας,
1509 2480 1525 2552 ἦ
1560 2479 1723 2560 Διθτιριος,

537 2593 670 2662 γελοῖον.
703 2584 736 2647 ri
766 2584 823 2661 δέ,
847 2584 872 2649 εἰ
896 2583 1123 2661 παρεκάθηντο,
1156 2583 1286 2659 ἔμελλον
1317 2584 1531 2660 αἰσθάνεσθαι,
1562 2589 1595 2650 πθ
1624 2585 1673 2664 δέ,
1697 2588 1723 2651 εἰ

537 2692 721 2773 ᾐσθάνοντο,
752 2685 884 2766 ἔμελλον
915 2690 1113 2767 detriverim
1148 2695 1179 2752 τι’
1211 2688 1260 2766 δέ,
1294 2691 1319 2754 εἰ
1349 2688 1466 2768 ἥδοντο,
1492 2690 1622 2763 ἔμελλον
1645 2689 1724 2758 οὗτοι

536 2798 687 2862 ἀθάνατοι
718 2791 811 2874 sirau
845 2797 877 2860 ού
909 2795 960 2859 καὶ
992 2795 1115 2866 τούτους
1147 2801 1261 2873 πρῶτον
1284 2798 1341 2870 μὲν
1364 2796 1477 2875 γραίας
1501 2798 1551 2862 καὶ
1576 2799 1722 2879 γέροντας

536 2904 681 2983 γενέσθαι
714 2901 806 2975 οὕτως
838 2899 981 2982 εἵμαρτο,
1013 2886 1084 2966 εἶτα
1115 2903 1296 2983 eceteram
1321 2904 1354 2967 τθ
1375 2899 1424 2967 οὖν
1448 2902 1568 2986 ὕστερον
1593 2903 1724 2982 ἔμελλον

535 3014 641 3077 ἐκεῖνον
674 3018 779 3088 ποιεῖν,
812 3010 925 3075 τούτων
952 3007 1180 3088 άποθανθντοιν;
1205 3012 1319 3089 γράπις
1343 3014 1406 3073 πάν
1431 3015 1520 3075 τούτο
1545 3012 1595 3075 καὶ
1620 3014 1724 3092 λύθρον

536 3120 566 3183 ἓν
591 3118 745 3196 evacua?
778 3117 827 3182 Ad
849 3138 929 3203 quae
951 3117 1028 3183 haec
1051 3117 1145 3182 habet
1170 3116 1299 3181 Nauck:
1326 3116 1432 3202 „qued
1455 3125 1564 3203 postea
1586 3119 1723 3184 habetur

534 3234 658 3302 γελοῖον
688 3223 935 3310 expungendum
966 3224 1117 3289 arbitror:
1149 3222 1231 3288 nihil
1259 3226 1342 3289 inest
1363 3226 1397 3287 iu
1421 3225 1526 3289 verbis
1549 3228 1593 3300 μιὶ
1618 3250 1647 3288 τι
1672 3230 1722 3318 νῦν

535 3330 755 3411 παρακάθηται
779 3330 843 3395 xri.
864 3330 948 3416 quod
967 3330 1140 3395 ridiculum
1160 3333 1303 3416 potuerit
1322 3330 1425 3395 videri
1444 3333 1620 3410 Antonino,
1641 3332 1725 3397 nihil

533 3438 621 3525 quod
657 3437 747 3502 nobis
781 3439 882 3502 risum
916 3457 1045 3502 movere
1075 3438 1183 3521 possit.
1220 3435 1384 3502 Ridiculae
1414 3439 1493 3502 istae
1525 3440 1724 3523 quaestiones

534 3547 626 3610 visae
656 3549 731 3608 sunt
760 3544 883 3609 homini
914 3541 1058 3629 stupido,
1090 3545 1146 3628 qui
1177 3541 1240 3608 loci
1261 3544 1392 3608 initium
1417 3565 1479 3608 non
1502 3543 1722 3632 intellegeret:

535 3652 719 3716 Antoninus
749 3651 835 3714 enim
866 3649 1057 3735 simpliciter
1085 3648 1146 3714 hoo
1176 3648 1270 3723 dicit,
1296 3651 1494 3715 obmutuisse
1517 3652 1583 3715 iam
1607 3651 1725 3719 lamen-

534 3759 673 3822 tationes
693 3756 852 3821 Pantheae
873 3762 905 3819 et
924 3756 1092 3841 Pergami,
1109 3754 1184 3820 Veri
1200 3762 1339 3820 mertem
1358 3754 1608 3841 deplorantium,
1623 3778 1724 3844 neque

533 3861 676 3947 amplius
709 3864 744 3925 iu
777 3864 863 3926 vivis
894 3882 962 3927 esse
993 3858 1165 3928 Chabriam
1197 3866 1229 3926 et
1260 3859 1458 3940 Diotimum,
1484 3866 1540 3948 qui
1563 3864 1724 3949 quondam

534 3968 680 4033 luxerint
702 3965 888 4032 defunctum
910 3988 997 4032 nunc
1019 3966 1254 4032 Hadrianum.'’
1287 3967 1369 4033 Sans
1391 3971 1425 4032 iu
1449 3970 1555 4035 verbis
1578 3974 1657 4056 ipsis
1679 3974 1724 4047 μά

533 4098 567 4138 τι
602 4078 651 4137 νῦν
682 4075 901 4149 παρακάθηται
935 4075 998 4139 art.
1030 4073 1114 4138 nihil
1144 4072 1274 4138 ridiculi
1302 4076 1405 4139 inesse
1436 4079 1507 4140 viro
1539 4080 1724 4143 acutissimo

533 4180 673 4247 libenter
704 4178 870 4258 concedas;
895 4179 949 4245 sed
972 4201 1074 4266 neque
1096 4180 1130 4244 id
1155 4179 1295 4246 voluisse
1319 4188 1480 4246 auctorem
1505 4181 1557 4247 vel
1580 4186 1725 4269 quisquis

533 4308 648 4353 vocem
681 4294 801 4363 γελοῖον
831 4286 953 4351 addidit
976 4286 1163 4351 crediderim
1188 4308 1289 4372 neque
1313 4289 1511 4353 Antoninum
1535 4288 1725 4376 simpliciter

531 4394 597 4458 hoc
620 4391 741 4470 dicere,
766 4394 964 4459 obmutuisse
986 4396 1051 4458 iam
1076 4393 1322 4458 lamentationes
1345 4400 1495 4480 etqseqq.‚
1521 4394 1575 4460 sed
1595 4400 1726 4483 insuper

531 4497 715 4585 significare
745 4497 903 4578 voluisse,
936 4520 1032 4585 quam
1063 4498 1200 4564 ridicula
1231 4502 1274 4564 sit
1304 4520 1353 4564 res
1377 4499 1566 4586 philosophe
1588 4509 1726 4568 contem·

530 4605 655 4693 planti,
688 4603 771 4690 quod
801 4605 963 4683 homiues,
995 4604 1070 4669 licet
1101 4608 1204 4670 cuivis
1235 4610 1344 4690 pateat
1366 4609 1560 4692 propinquos
1584 4616 1724 4688 nostros,

530 4712 671 4787 amicos,
707 4732 817 4776 omnes
847 4712 999 4797 denique,
1032 4714 1087 4796 qui
1118 4718 1254 4777 mertem
1286 4719 1427 4777 nostram
1458 4711 1638 4798 deplorent,
1669 4737 1726 4781 sua

528 4819 605 4884 vice
627 4818 816 4882 interituros
839 4837 924 4896 esse,
953 4824 1061 4884 tamen
1085 4821 1262 4884 amicorum
1285 4826 1318 4883 et
1341 4825 1551 4905 cognatorum
1574 4821 1727 4888 lamenta·

1548 4942 1580 4991 αι
