4525 5950
1076 695 1218 745 uloruus.
1392 755 1396 764 ¹
1675 675 1740 740 209

542 883 647 948 quam
666 884 703 928 eo
723 884 791 928 esse
811 863 985 928 adductum
1006 870 1043 927 ut
1062 865 1253 948 inquireret,
1268 883 1348 946 quae
1360 867 1442 926 esset
1456 866 1560 925 tautae
1573 862 1741 945 pravitatis

541 975 646 1053 atqua
677 969 755 1034 adeo
787 971 1001 1034 immanitatis
1033 972 1130 1045 ratio,
1155 990 1218 1053 qua
1241 969 1331 1033 nobis
1354 966 1549 1032 laborantem
1573 965 1740 1030 'liberium
1809 1018 1811 1023 .

540 1075 703 1160 depingit
735 1075 794 1139 Est
825 1078 854 1140 ei
877 1074 1023 1139 Tiberius
1047 1077 1192 1161 omnium
1218 1075 1282 1139 fere
1308 1076 1460 1139 vitiorum
1484 1069 1738 1157 receptaculum:

541 1200 610 1266 qua
642 1184 695 1246 via
728 1180 786 1245 illa
815 1185 849 1245 in
882 1185 1026 1245 animum
1058 1183 1127 1246 eius
1151 1183 1335 1265 irrepserint
1359 1178 1522 1264 explorare
1546 1175 1738 1262 supersedet.
1793 1185 1796 1189 ’

543 1283 655 1352 Ceteri
685 1287 830 1352 homines
858 1287 1047 1352 facinoribus
1078 1290 1164 1365 suis,
1188 1289 1337 1371 quamvis
1361 1284 1439 1349 diris
1462 1292 1557 1368 atque
1580 1285 1738 1360 cruentis,

542 1398 658 1455 tamen
676 1413 802 1477 semper
820 1398 965 1478 spectant
983 1392 1120 1479 aliquid:
1141 1399 1197 1457 aut
1216 1391 1421 1457 commodum
1440 1390 1645 1474 lucrumque,
1666 1395 1737 1465 aut,

542 1499 575 1561 si
608 1518 647 1562 ne
669 1496 754 1562 illud
778 1498 926 1583 quidem,
952 1497 1066 1564 saltem
1092 1501 1265 1577 ultionem;
1291 1504 1323 1563 at
1347 1519 1426 1583 quos
1449 1496 1579 1561 Tacitus
1603 1495 1672 1560 odit
1695 1530 1737 1541 —

540 1607 578 1667 et
609 1605 643 1666 in
675 1624 786 1669 eorum
818 1625 951 1669 numero
982 1605 1045 1670 fere
1068 1607 1260 1690 primarium
1282 1603 1389 1668 locum
1415 1608 1501 1667 tenet
1524 1600 1671 1665 'liberius
1694 1637 1736 1647 -

539 1706 735 1774 crudelitate
760 1731 817 1775 sua
840 1713 897 1774 uni
917 1710 993 1775 huic
1011 1713 1057 1776 rei
1077 1710 1152 1775 dare
1172 1731 1299 1796 operam
1321 1710 1490 1774 videntur:
1510 1712 1548 1770 ut
1565 1709 1628 1771 sint
1640 1726 1736 1791 quam

539 1811 769 1878 crudelissimi.
789 1815 892 1901 Ergo,
913 1822 1083 1900 postquam
1104 1815 1142 1881 de
1163 1817 1315 1880 Arruntio
1335 1816 1479 1879 narravit
1499 1819 1660 1897 utcunque
1675 1812 1737 1875 sibi

539 1917 680 2003 ubisque
711 1923 867 1986 rationem
899 1921 1049 1987 reddente
1080 1921 1158 2006 quid
1187 1920 1307 1986 'liberii
1330 1940 1435 1985 mores
1459 1919 1536 1984 adeo
1559 1919 1737 2002 corruperit

539 2030 575 2088 et
598 2025 870 2108 pessumdederit,
902 2026 1098 2110 simulatque
1121 2029 1189 2091 suis
1212 2029 1316 2090 utitur
1340 2025 1447 2091 verbis
1470 2025 1509 2089 ad
1534 2045 1629 2088 suum
1653 2022 1737 2088 redit

538 2131 729 2214 ingenium,
754 2131 936 2217 'libertique
959 2152 1030 2197 eam
1054 2132 1200 2218 depingit
1223 2133 1415 2218 imaginem,
1440 2134 1473 2194 in
1497 2150 1560 2214 qua
1583 2129 1737 2214 „psycho-

539 2233 671 2319 logiae”
697 2257 736 2301 ne
759 2225 924 2303 levissima
946 2238 1076 2324 quidem
1100 2244 1293 2324 agnoscatur
1315 2238 1448 2300 umbra:

590 2340 746 2416 „Morum
765 2364 890 2427 quoque
910 2352 1055 2429 tempora
1073 2342 1125 2408 illi
1146 2344 1287 2408 diversa:
1312 2344 1482 2428 egregiam
1501 2342 1569 2405 vita
1588 2341 1735 2425 famaque

541 2445 647 2529 quoad
678 2449 825 2531 privatus
855 2448 908 2514 vel
929 2451 963 2512 in
985 2451 1130 2534 imperiis
1153 2449 1213 2513 sub
1237 2449 1385 2534 Augusto
1407 2447 1470 2511 fuit
1478 2467 1486 2524 ;
1511 2445 1675 2512 occultum
1699 2465 1736 2510 ac

540 2549 717 2616 subdolum
753 2552 909 2639 fingendis
944 2555 1140 2631 virtutibus,
1177 2554 1273 2619 donec
1304 2551 1514 2619 Germanicus
1544 2573 1580 2617 ac
1610 2551 1735 2616 Drusus

539 2657 744 2741 superfuere:
776 2658 862 2724 idern
891 2662 976 2725 inter
1007 2661 1090 2725 bona
1121 2659 1267 2745 malaque
1291 2663 1413 2724 mixtus
1436 2657 1590 2724 incolumi
1613 2664 1733 2733 matre,

538 2762 734 2828 intestabilis
770 2768 920 2843 saevitia,
960 2765 1015 2830 sed
1050 2767 1184 2831 obtectis
1220 2765 1425 2842 libidinibus,
1467 2763 1545 2827 dum
1579 2763 1733 2828 Seianum

538 2869 655 2934 dilexit
675 2872 846 2949 timuitve,
870 2877 1029 2956 postremo
1048 2874 1081 2936 in
1102 2871 1219 2937 scelera
1239 2870 1393 2936 simulac
1414 2869 1564 2936 dedecora
1576 2870 1732 2953 prorupit,

538 2983 712 3061 postquam
746 2985 869 3043 remoto
905 2978 1025 3063 pudore
1061 2986 1093 3043 et
1128 2983 1218 3044 metu
1254 3000 1313 3043 suo
1344 2985 1471 3043 tantam
1501 2978 1632 3062 ingenio
1666 2981 1733 3039 ute-

537 3081 667 3147 batur.”

584 3185 742 3272 Tempora
773 3188 825 3254 hic
852 3189 1107 3277 distinguuntur,
1132 3191 1188 3256 sed
1210 3212 1337 3255 merum
1359 3188 1533 3254 artificium
1556 3191 1731 3253 oratorium

534 3292 620 3357 illud
644 3300 710 3358 est:
735 3295 812 3380 quid
837 3298 933 3359 variis
954 3295 1021 3360 illis
1045 3298 1243 3383 temporibus
1266 3300 1300 3361 in
1319 3296 1440 3362 Tiberii
1463 3303 1571 3361 mente
1589 3297 1731 3359 evenerit

536 3399 657 3463 frustra
673 3403 872 3484 quaerimus:
887 3402 1090 3479 ,simulavit
1104 3406 1225 3468 iterum
1237 3403 1419 3481 simulavit,
1433 3404 1536 3470 denuo
1547 3402 1730 3482 simulavit,

533 3526 648 3569 rursus
675 3504 858 3582 simulavit,
884 3514 1044 3592 postremo
1068 3531 1107 3574 ne
1134 3509 1303 3574 simulavit
1328 3509 1480 3594 quidem”
1508 3509 1571 3575 huc
1599 3511 1730 3596 pulchre

534 3610 685 3695 dispositi
716 3609 777 3676 loci
810 3619 915 3677 totum
947 3614 1030 3678 redit
1065 3622 1305 3701 argumentum.
1348 3615 1419 3680 Nisi
1455 3616 1536 3681 forte
1570 3617 1730 3682 credimus

537 3738 616 3781 eum
642 3720 698 3802 qui
722 3723 913 3803 „postquam
937 3726 1060 3786 remoto
1083 3720 1202 3806 pudore
1226 3729 1258 3785 et
1281 3728 1371 3787 metu
1394 3745 1447 3786 auo
1470 3730 1585 3786 tontum
1610 3725 1729 3807 luponio

532 3821 713 3887 utebatur”
738 3824 786 3887 nil
809 3825 871 3888 cisi
893 3825 1006 3888 scelera
1029 3834 1057 3889 ct
1079 3829 1223 3890 dedecoro
1246 3830 1279 3892 in
1303 3831 1409 3893 animo
1433 3828 1585 3907 habebat,
1609 3829 1729 3895 adoles·

535 3934 664 3993 centem
688 3932 903 4015 iuvenemque
926 3952 1037 3998 revera
1061 3931 1158 3998 fuisse
1182 3933 1327 4016 egregium
1349 3934 1414 3997 vito
1427 3936 1588 4020 famaque.

578 4265 640 4330 Sed
669 4265 745 4350 quid
769 4264 854 4350 apud
878 4264 1026 4330 Tacitum
1050 4265 1088 4330 de
1111 4266 1238 4332 Tiberio
1261 4276 1409 4353 agentem
1436 4271 1723 4357 „psychologiam”

532 4369 737 4457 quaerimus?
756 4370 941 4436 Dummodo
962 4377 1114 4437 terrorem
1135 4373 1360 4459 horroremque
1384 4378 1521 4441 incutiat
1542 4376 1724 4464 legentibus

529 4480 608 4542 satis
640 4479 669 4541 ei
700 4483 758 4542 est.
791 4477 838 4541 De
870 4476 1064 4542 facinoribus
1087 4482 1157 4543 eius
1181 4478 1355 4558 declamat,
1380 4488 1475 4565 atque
1498 4482 1574 4547 huic
1598 4487 1654 4547 uni
1677 4487 1724 4549 rei

529 4582 585 4646 dat
605 4602 735 4666 operam
756 4588 792 4647 ut
812 4604 874 4666 quo
899 4586 1005 4670 magis
1028 4584 1067 4647 ad
1091 4582 1186 4649 linem
1211 4585 1338 4650 accedat
1361 4606 1397 4650 co
1422 4590 1526 4651 omnia
1550 4586 1628 4651 fiant
1650 4588 1723 4652 hor-

530 4687 629 4751 renda
650 4690 767 4773 magis.
793 4687 956 4774 Denique,
980 4711 1054 4754 cum
1079 4710 1116 4754 eo
1141 4697 1330 4775 perventum
1356 4698 1403 4756 est
1427 4700 1464 4756 ut
1483 4692 1521 4758 de
1540 4693 1660 4759 'liberii
1679 4698 1721 4759 sit

529 4793 726 4858 narrandum
750 4799 870 4872 morte,
894 4798 1019 4860 intonat
1042 4818 1095 4861 ore
1116 4798 1212 4881 gravi
1235 4803 1274 4875 (c.
1300 4796 1343 4861 50
1368 4800 1440 4877 in.):
