4525 5950
534 693 600 759 266
1046 709 1224 758 rueramus.

531 884 563 941 et
598 874 814 961 probabilem,
850 897 907 941 nec
939 882 1047 941 tamen
1077 882 1215 952 certam,
1248 878 1324 960 quia
1355 876 1474 941 traditu
1504 875 1725 960 lectioneque

532 981 625 1047 facile
659 985 822 1068 corrumpi
856 985 962 1068 potuit
996 1003 1013 1047 e
1045 980 1200 1047 vocabulo
1234 1003 1299 1045 non
1334 984 1444 1046 minus
1478 987 1556 1066 apto
1587 981 1726 1057 βριμέν

534 1111 665 1164 ματα,
696 1088 781 1172 quod
805 1086 883 1153 clim
905 1109 923 1152 a
947 1109 999 1152 me
1024 1090 1224 1172 propositum
1249 1086 1382 1151 latuisse
1407 1086 1535 1152 videtur
1559 1086 1723 1151 editorem.

579 1190 632 1256 Vs.
658 1191 734 1257 593.
758 1194 864 1266 μισέὸν
888 1195 956 1257 οὐκ
981 1192 1155 1272 αἰσχρὸν
1179 1192 1296 1265 λαβών.

535 1298 603 1361 Οὐκ
635 1298 740 1377 ἰσχνὸν
771 1297 825 1364 rel
856 1300 888 1361 οὐ
920 1297 1070 1377 μλιοχρὸν
1101 1299 1268 1381 proposuit
1298 1297 1491 1382 Musgrave‚
1520 1297 1723 1370 educante

532 1407 603 1469 iure
626 1404 765 1488 praefert
788 1403 898 1468 editor.
923 1402 958 1468 Si
981 1403 1057 1489 quid
1083 1400 1290 1478 mutandum,
1315 1400 1419 1466 multo
1442 1401 1547 1467 lenius
1569 1405 1674 1487 possis
1693 1404 1723 1466 οὐ

534 1510 675 1589 receptu
701 1508 755 1575 sed
778 1507 848 1574 coll.
873 1509 992 1574 Phoen.
1021 1508 1108 1574 1036
1132 1506 1215 1572 nihil
1238 1510 1445 1573 mutaverim.

580 1711 634 1777 Va.
659 1708 894 1782 didicisses
918 1712 997 1787 μσὶρ
1022 1712 1054 1774 οὖ
1078 1713 1181 1787 ταῦτ’,
1206 1712 1294 1775 ἄλλα
1319 1710 1490 1790 χαίρετ’,
1515 1707 1537 1773 ὦ
1562 1709 1659 1785 ξέναι.

535 1817 638 1884 Verba
660 1817 806 1882 funditus
829 1822 987 1901 corrupta.
1011 1816 1175 1882 Fortasse:

760 1922 880 2001 οέκπρ’
906 1923 992 1986 ἐστὶ
1018 1925 1080 1999 γαρ
1105 1925 1208 1999 ταῦτ’,
1234 1923 1321 1986 ἄλλα
1345 1921 1490 2001 Φεροέ,
1515 1918 1536 1985 ὦ
1561 1921 1658 1999 ξέναι.

535 2028 583 2096 Of.
607 2029 770 2117 singulare
793 2028 905 2109 φερνάς
929 2028 1008 2094 Hec.
1035 2027 1108 2093 158.

581 2218 634 2283 Vs.
662 2216 759 2282 1149.
1223 2216 1430 2279 πολυποίκιλα
1454 2213 1559 2293 Φαρεα

761 2323 813 2387 καὶ
838 2322 1017 2395 πλοκάμους
1041 2321 1297 2401 περιβαλλομένα
1320 2321 1488 2398 γένυσιν

765 2476 794 2494 ..
810 2478 817 2492 .
843 2427 993 2507 έσκέαζον.

534 2534 584 2600 Ita
616 2533 781 2599 Wecklein
816 2538 987 2618 praeeunte
1022 2532 1178 2598 Nauckic.
1215 2531 1277 2598 Sed
1312 2533 1443 2597 fortasse
1477 2533 1585 2616 potius
1615 2531 1726 2596 lacuna

536 2639 704 2705 statuenda
733 2642 768 2702 in
799 2639 906 2703 medio
938 2637 1111 2716 uocabulo,
1144 2644 1181 2702 ut
1204 2638 1302 2702 fuerit
1325 2635 1398 2714 γένῡ
1415 2660 1549 2701 ....σιν
1577 2637 1726 2718 ἐσκίαζον,

536 2745 620 2810 unde
642 2747 742 2810 conici
765 2746 866 2829 possit

762 2939 866 3019 βοὰν)
891 2936 1098 3018 συνεσκίαζον.
1350 2848 1440 2923 γένυν
1465 2854 1524 2923 (α.

433 3075 441 3088 ’
541 3090 543 3094 ’
582 3128 636 3193 us.
663 3127 760 3193 1210.

626 3232 696 3318 Iph.
722 3234 751 3296 έν
774 3231 875 3308 δόμοις
900 3230 1022 3307 μίμνειν
1045 3229 1201 3305 ἅπαντας.
1225 3232 1304 3299 Tho.
1329 3237 1373 3308 μέν
1395 3237 1565 3312 συναντῷεν
1588 3236 1706 3313 Φένιρ.

536 3339 596 3404 Vix
640 3342 818 3426 genuinum
861 3345 909 3404 est
951 3339 1050 3419 φόνῳ,
1093 3338 1203 3404 caedes
1245 3342 1331 3404 enim
1373 3342 1408 3404 in
1451 3339 1570 3425 templo
1615 3340 1729 3420 fiebat,

537 3446 589 3509 hic
623 3466 699 3511 veru
734 3448 843 3531 agitur
877 3444 916 3509 de
951 3447 1094 3510 victimis
1128 3443 1303 3509 lustrandis
1338 3467 1420 3531 aqua
1455 3449 1589 3512 marina.
1627 3446 1730 3527 Quare

537 3552 681 3634 suspicor
702 3550 790 3614 idem
814 3550 845 3614 h.
870 3548 893 3613 l.
917 3549 1086 3627 accidisse,
1111 3549 1196 3635 quod
1218 3571 1315 3635 supra
1339 3572 1386 3616 vs.
1412 3549 1510 3627 1177,
1533 3552 1591 3615 ubi
1615 3551 1731 3617 Nauck

537 3655 690 3738 probante
721 3654 841 3720 editore
872 3654 964 3733 φονου
987 3658 1021 3718 in
1045 3655 1159 3731 μύσους
1184 3657 1342 3720 mutabat.
1367 3655 1527 3721 Similiter
1549 3660 1656 3743 igitur
1679 3659 1731 3723 hic

538 3763 666 3846 requiro
689 3762 821 3834 μύσει.

584 3944 727 4009 Musula
751 3965 798 4009 vs.
826 3941 901 4007 183.

765 4055 897 4113 σπεῦσον
921 4049 988 4128 πρίν
1013 4073 1043 4111 τι
1066 4055 1206 4113 κακῶσαι
1229 4051 1300 4122 τοὺς
1323 4051 1411 4128 εἷσον,

765 4156 868 4222 πένέοο
892 4155 954 4231 γὰρ
979 4154 1173 4231 μεγαλοις
1198 4155 1275 4219 τόδ’
1300 4158 1445 4233 ὁρμᾶται.

539 4264 641 4327 Acuta
665 4259 830 4326 Wecklein
853 4263 988 4325 coniecit
1011 4262 1087 4335 μέν’
1111 4258 1261 4337 ἄλαστον,
1285 4261 1340 4328 sed
1360 4261 1448 4339 μέγα
1468 4262 1617 4328 additum
1638 4266 1733 4331 ualde

537 4365 701 4451 displicet3
735 4387 831 4451 quare
863 4368 891 4429 si
921 4366 1081 4431 eiusmodi
1113 4365 1190 4451 quid
1213 4365 1311 4445 latet,
1337 4367 1525 4433 crediderim
1549 4370 1640 4447 μέγα
1665 4393 1734 4437 esse

538 4477 879 4559 interpretamentum,
904 4479 941 4536 ut
964 4472 1062 4537 fuerit

765 4578 868 4647 πένθος
893 4576 956 4656 μοὶρ
980 4577 1057 4641 τέδ“
1081 4584 1124 4657 (τι
1135 4574 1161 4657 i)
1185 4578 1367 4642 ἄλαστον
1390 4580 1535 4657 ορμοῖπαι.

539 4684 650 4754 Ounici
673 4688 771 4750 etiam
796 4689 901 4767 potest

764 4789 871 4859 πένέος
896 4789 958 4866 γὰρ
981 4789 1092 4865 μέγα
1119 4787 1267 4866 δώμαο’
1292 4788 1436 4869 δρμῖοπαι.
