4525 5950
979 699 1115 748 ovrmus.
1578 681 1644 749 379

446 872 604 933 nostram.
627 865 711 946 Quid
724 862 866 930 videbit?
884 864 1009 949 Nempe
1028 862 1071 928 29
1092 862 1225 929 illarum
1240 863 1510 949 „exceptionum”
1525 865 1647 952 relegi

447 976 483 1037 in
503 973 594 1038 libris
615 972 692 1036 XIV
711 980 744 1037 et
766 970 834 1047 XV,
856 973 911 1056 qui
935 970 1022 1035 1730
1043 990 1155 1035 versus
1173 972 1353 1047 continent,
1374 969 1514 1055 reliquas
1537 972 1646 1037 decem

446 1078 598 1143 inlibris
622 1077 772 1155 l-Xlll,
797 1079 852 1162 qui
878 1098 1029 1142 versuum
1053 1077 1173 1141 habent
1196 1097 1258 1141 uon
1281 1078 1389 1141 minus
1413 1076 1522 1142 decem
1544 1077 1645 1143 milia.

496 1183 565 1249 Iam
587 1185 666 1249 haec
690 1182 799 1249 tabula

496 1291 585 1355 Libri
608 1289 750 1355 l-XIII
817 1310 929 1355 versus
953 1289 1071 1355 habent
1095 1291 1163 1354 sine
1187 1309 1282 1355 causa
1308 1289 1540 1375 „ponderosos”
1569 1291 1611 1355 10

521 1444 537 1473 rr
610 1395 686 1460 XIV
709 1404 742 1462 et
766 1395 824 1462 XV
874 1443 891 1472 n
998 1443 1015 1473 u
1119 1444 1136 1472 11
1221 1444 1238 1472 n
1409 1444 1426 1473 rr
1568 1396 1609 1461 19

418 1493 419 1496 '
445 1501 570 1587 aliquid
595 1503 686 1569 docet
709 1502 794 1587 quod
817 1523 879 1567 non
902 1503 970 1567 siue
992 1499 1100 1586 ulique
1123 1522 1354 1588 cognoscemus
1374 1502 1596 1568 admiratione.

494 1607 556 1673 Sed
576 1611 732 1673 maiorem
752 1612 851 1673 etiam
863 1606 1073 1693 persuadendi
1084 1609 1153 1671 vim
1165 1604 1266 1672 altera
1278 1608 1355 1673 haec
1367 1608 1483 1673 habere
1495 1607 1642 1673 videtur:

443 1714 484 1778 lu
507 1713 598 1779 libris
621 1713 763 1779 I-XIII
809 1735 921 1780 versus
946 1734 1042 1791 „cum
1066 1732 1161 1778 causa
1184 1713 1372 1798 ponderosi''
1397 1713 1552 1800 leguntur
1576 1712 1640 1780 147

543 1871 559 1899 „
621 1869 638 1898 „
712 1869 729 1898 „
855 1868 872 1898 „
945 1822 1034 1897 „sine
1064 1839 1160 1884 causa
1183 1819 1372 1904 ponderosi''
1467 1869 1483 1898 „
1600 1820 1642 1885 10

459 1975 478 2003 ,,
540 1975 557 2005 „
617 1925 693 1990 XIV
706 1924 811 1992 etXV
855 1974 871 2004 „
946 1946 1042 2002 ,cum
1065 1945 1161 1989 causa
1184 1924 1373 2010 ponderosi”
1469 1974 1484 2004 „
1622 1925 1643 1990 6

854 2079 871 2110 „
944 2033 1033 2108 „siue
1065 2051 1161 2096 causa
1184 2031 1374 2116 ponderosi’'
1468 2081 1485 2109 ,‚
1601 2031 1642 2097 19

494 2136 694 2204 Ooufideuter
718 2159 794 2224 ergo
817 2138 868 2202 his
888 2139 977 2202 nisus
998 2135 1117 2202 tabulis
1138 2137 1219 2202 hauc
1239 2139 1412 2222 pronuntio
1431 2140 1642 2204 sententiam:

495 2243 612 2308 Versus
643 2264 661 2307 a
693 2246 855 2328 quaternis
886 2244 1074 2328 incipientes
1099 2242 1265 2328 spondeis,
1291 2246 1410 2329 quique
1434 2264 1453 2309 1
1476 2246 1645 2309 11111111-

447 2353 603 2435 cipientes
628 2349 734 2415 simile
758 2350 882 2435 pondus
905 2350 1040 2426 habeut,
1065 2352 1092 2414 11
1116 2371 1178 2414 non
1198 2352 1232 2413 iu
1252 2353 1410 2415 sententia
1429 2372 1540 2416 eorum
1559 2354 1645 2417 ineat

448 2455 573 2540 aliquid
604 2455 689 2540 quod
719 2456 878 2521 eiusmodi
911 2461 1098 2521 ornamenta
1127 2454 1286 2540 postulet,
1318 2455 1502 2539 imprudenti
1531 2463 1643 2542 poetae

446 2561 602 2627 excidisse
622 2561 769 2627 censendi
794 2568 880 2626 sunt.

494 2665 677 2752 Statimque
712 2666 846 2732 alteram
880 2667 979 2744 hanc,
1015 2668 1109 2746 satis,
1145 2673 1184 2731 ut
1214 2669 1335 2752 opinor,
1366 2668 1430 2732 iam
1462 2667 1641 2733 stabilitam

447 2772 609 2859 adiungo:

493 2879 543 2942 Ad
578 2900 728 2944 versuum
762 2878 1053 2964 „ponderosorum”
1085 2883 1310 2944 oruamentum
1342 2878 1424 2964 quod
1449 2882 1583 2957 attinet,
1609 2882 1642 2944 in

442 2987 538 3052 libris
570 2986 869 3071 Metamorphoaeou
894 2985 968 3051 XIV
992 2994 1024 3051 et
1048 2985 1105 3050 XV
1130 2984 1236 3051 multo
1260 2986 1479 3073 negligentius
1502 2993 1550 3052 est
1573 3008 1645 3052 ver-

444 3099 536 3159 satus
559 3092 693 3157 Ovidius
716 3113 814 3178 quam
836 3095 870 3156 in
894 3094 1007 3157 ceteris
1032 3092 1191 3157 omnibus.

944 3559 1085 3628 CAPUT
1109 3559 1151 3626 11.

614 3762 656 3809 uu
680 3761 825 3809 0111811111
848 3751 964 3808 ΚΑΤΑ
990 3749 1226 3806 ΤΕΤΛΡΤΟΝ
1252 3750 1472 3807 ΤΡΟΧΛΙΟΝ

844 3867 928 3914 APUD
951 3865 1073 3914 PORTAS
1096 3864 1242 3914 namuco.

491 4052 585 4117 Hauc
614 4057 758 4117 nostram
788 4051 827 4116 de
859 4050 968 4116 Ovidii
998 4054 1033 4115 11
1064 4051 1368 4135 Metamorphoseon
1390 4050 1484 4117 libris
1507 4051 1582 4116 XIV
1607 4058 1640 4118 at

441 4157 504 4223 XV
535 4157 769 4223 conscribendis
801 4156 1002 4243 negligentia
1034 4157 1289 4222 observationem
1321 4160 1354 4221 iu
1386 4161 1564 4243 praesentia
1594 4181 1640 4224 se

442 4284 621 4351 ponamus:
657 4285 731 4329 mox
768 4284 805 4328 11
835 4263 875 4328 ad
906 4261 1005 4327 aliam
1036 4283 1104 4328 rem
1136 4261 1362 4328 illustrandam
1395 4269 1535 4330 utemur.
1577 4264 1639 4331 Sed

440 4391 546 4447 nuno,
579 4373 730 4456 quoniam
760 4369 861 4435 semel
883 4372 917 4434 iu
941 4391 974 4435 re
998 4372 1131 4435 metrica
1154 4391 1330 4447 versamur,
1355 4370 1518 4456 paulisper
1540 4374 1638 4438 etiam

438 4482 476 4543 in
500 4497 538 4541 11
560 4498 734 4542 moremur.

488 4582 712 4663 Quaestionem
736 4582 895 4668 quandam
917 4584 1086 4646 instituam
1110 4584 1238 4667 saepius
1261 4585 1327 4648 iam
1351 4588 1444 4647 autea
1467 4585 1636 4669 agitatam,

437 4692 501 4755 hoc
536 4711 612 4754 1111
647 4695 791 4774 tempore
826 4709 845 4753 1
878 4687 1055 4753 clarissimo
1090 4688 1229 4773 quodam
1266 4692 1334 4753 viro
1366 4688 1551 4755 doctissime
1583 4691 1637 4756 sed

439 4795 558 4873 simul,
590 4798 636 4860 sis
667 4806 752 4861 certe
783 4796 865 4860 mihi
897 4802 960 4860 atat
992 4797 1170 4872 sententia,
1194 4798 1435 4880 perversissime
1458 4802 1637 4862 tractatam.
