4525 5950
978 697 1114 745 orsurus.
1582 675 1645 742 391

453 864 562 929 Latini
586 868 718 926 naturae
742 861 965 926 convenienter
989 859 1112 923 dictum
1137 862 1216 936 erit,
1241 861 1269 923 si
1294 880 1362 923 rem
1389 879 1487 944 quam
1510 861 1651 923 maxime

453 968 614 1054 fingemus
644 965 835 1030 ridiculam:
867 963 1036 1030 barbulam
1067 963 1182 1029 falsam
1212 963 1437 1050 agglutinasse
1468 962 1562 1028 malis
1585 965 1653 1028 suia

454 1095 603 1160 puerum.

501 1177 565 1244 797
601 1177 719 1243 Multis
743 1176 814 1242 aliis
841 1177 985 1241 versibus
1004 1174 1156 1242 (11111111
1176 1175 1313 1241 formam
1333 1175 1468 1240 laudans
1487 1173 1652 1239 inducitur

452 1285 592 1373 Cyclops
617 1292 648 1350 et
671 1286 776 1349 hisce:

633 1390 785 1455 Lucidior
808 1387 929 1475 glacie,
955 1394 1081 1452 matura
1104 1386 1228 1453 dulcior
1253 1408 1331 1462 uva,

635 1493 768 1560 Mollior
789 1502 823 1560 et
845 1496 944 1580 cygni
968 1492 1089 1578 plumis
1111 1499 1145 1557 et
1167 1492 1249 1557 lacte
1273 1498 1391 1557 coacto.

451 1604 538 1669 Hinc
562 1601 600 1666 de
624 1601 768 1667 eiusdem
792 1598 944 1666 (11111111
967 1598 1158 1665 crudelitate
1182 1601 1273 1683 queri
1296 1602 1341 1663 sic
1365 1600 1494 1683 incipit:

634 1706 765 1772 Saevior
789 1706 956 1771 indomitis
979 1704 1090 1770 eadem
1115 1701 1249 1770 Galatea
1273 1707 1432 1781 iuvencis,

451 1814 508 1880 sed
540 1814 706 1899 questibus
737 1813 806 1876 suis
835 1814 1015 1895 praemittit
1039 1813 1138 1875 etiam
1161 1809 1282 1894 aliquid
1307 1809 1391 1894 quod
1413 1813 1497 1875 inter
1519 1808 1648 1875 landem

450 1927 484 1985 et
509 1921 780 2004 vituperationem
803 1915 1039 2002 quodammodo
1063 1915 1207 1980 medium
1231 1922 1354 1980 teneat:

635 2025 693 2100 111,
718 2027 746 2088 11
770 2045 833 2088 non
857 2022 984 2107 fugias,
1008 2024 1104 2108 riguo
1128 2021 1300 2086 formosior
1321 2021 1433 2098 horto,

450 2131 537 2216 quod
561 2132 801 2215 ineptissimum
825 2149 893 2193 esse
913 2148 1007 2193 nemo
1025 2127 1166 2213 negabit.
1191 2127 1262 2192 Nisi
1282 2129 1369 2192 enim
1389 2134 1497 2193 nostro
1516 2128 1650 2193 arbitrio

451 2235 609 2301 vocabula
643 2235 758 2300 Latina
793 2235 918 2300 trabere
952 2239 1048 2319 atque
1085 2240 1233 2318 torquere
1270 2233 1441 2310 volumus,
1477 2233 1538 2298 hoc
1572 2233 1652 2299 dicit

452 2340 609 2427 Cyclops:
643 2343 763 2416 „etiam
795 2362 870 2406 cum
898 2341 991 2407 horto
1014 2340 1147 2405 florente
1171 2345 1203 2404 te
1227 2359 1410 2424 comparare
1433 2339 1570 2416 vellem,
1595 2338 1656 2404 sed

452 2468 515 2511 non
540 2467 687 2530 possum,
713 2448 788 2530 quia
811 2445 867 2510 ille
891 2468 947 2511 suo
971 2446 1041 2511 loco
1065 2452 1227 2522 remanet,
1253 2451 1290 2509 tu
1311 2446 1444 2510 curris.’'
1468 2445 1559 2525 Quod
1580 2450 1647 2510 tam

451 2551 628 2618 absurdum
652 2556 690 2615 ut
714 2552 835 2614 mirum
858 2572 921 2616 non
945 2554 987 2614 sit
1010 2551 1144 2636 Hugoni
1164 2550 1286 2636 Magno
1306 2558 1414 2616 natam
1433 2553 1647 2636 suspicionem

451 2660 540 2723 hunc
570 2677 700 2721 versum
731 2654 961 2720 includendam
991 2675 1069 2720 csse.
1101 2655 1240 2732 Verum,
1272 2658 1301 2720 si
1327 2655 1404 2721 licet·
1428 2678 1446 2722 a
1469 2657 1590 2742 Magno
1613 2659 1647 2720 in

451 2764 637 2849 quaestione
670 2760 778 2846 aliqua
801 2759 958 2825 Ouidiana
981 2760 1168 2839 dissentire,
1193 2765 1237 2827 sic
1261 2762 1411 2828 molestia
1433 2784 1495 2828 non
1520 2762 1649 2827 tollitur

451 2868 509 2934 sed
532 2868 593 2934 alio
618 2867 817 2932 transfertur.
842 2865 1043 2931 Sumendum
1069 2870 1155 2931 enim
1180 2870 1241 2932 crit
1264 2868 1363 2934 fuisse
1383 2868 1543 2954 aliquem,
1566 2871 1651 2953 quis-

450 2978 525 3060 quis
559 2974 658 3039 fuerit
691 2972 765 3050 ille,
798 2976 853 3058 qui
886 2970 985 3037 talem
1017 2994 1147 3039 versum
1179 2975 1316 3039 scribere
1348 2984 1454 3059 poseat
1484 2975 1580 3061 idque
1612 2996 1648 3041 ao

450 3102 566 3157 sensu,
601 3101 697 3165 quem
733 3100 832 3164 quam
867 3081 1009 3143 maxima
1045 3078 1220 3144 ridiculum
1256 3100 1322 3145 esee
1358 3080 1454 3146 modo
1486 3080 1648 3159 vidimus,

450 3190 573 3272 quique
604 3188 672 3250 sine
704 3183 771 3249 ulla
803 3183 961 3269 probabili
993 3205 1087 3249 causa
1120 3207 1196 3250 eum
1228 3207 1356 3250 versum
1390 3186 1442 3251 hic
1465 3188 1647 3252 inseruerit.

448 3291 569 3359 Contra
600 3293 628 3355 si
660 3290 776 3355 Ovidio
806 3292 869 3375 ipsi
900 3290 986 3355 hunc
1010 3311 1141 3355 versum
1167 3291 1399 3376 relinquimus,
1423 3291 1483 3357 hoc
1508 3293 1648 3358 voluisse

450 3396 627 3483 Cyclopem
651 3396 845 3461 clamantem
869 3395 1018 3461 inducere
1041 3396 1177 3462 Ovidius
1200 3400 1261 3461 erit
1284 3396 1474 3462 censendus:
1507 3397 1647 3474 „vellem

449 3503 599 3590 pluribus
633 3510 665 3567 te
699 3502 829 3568 laudare
864 3509 959 3587 teque
995 3525 1069 3568 cum
1104 3503 1197 3567 horto
1228 3502 1327 3568 fertili
1358 3523 1559 3588 comparare,
1592 3503 1646 3569 sed

450 3606 553 3675 eheul
578 3608 665 3693 fugis
689 3629 791 3693 neque
814 3629 866 3673 me
890 3608 1003 3673 audis”
1028 3616 1061 3674 et
1083 3611 1117 3672 in
1141 3629 1177 3674 ea
1200 3630 1234 3673 re
1257 3610 1450 3675 enuntianda
1472 3610 1646 3676 admodum

449 3717 552 3780 fnisse
575 3714 703 3791 infelix,
728 3714 829 3798 quod,
854 3717 882 3778 si
906 3736 1000 3799 porro
1023 3715 1176 3780 ultimam
1199 3714 1498 3800 Metamorphoseon
1521 3724 1647 3802 partem

448 3822 631 3886 accuratius
662 3822 972 3896 examinaverimus,
999 3822 1132 3885 minime
1157 3822 1248 3886 nobis
1272 3823 1338 3885 iam
1364 3821 1527 3887 videbitur
1549 3825 1649 3889 incre-

449 3925 561 3991 dibile.
594 3926 726 3990 Accedit
756 3925 840 4009 quod
871 3925 929 3990 ille
959 3925 1094 3990 alaude
1117 3925 1157 3990 ad
1181 3929 1452 4011 vituperationem
1476 3931 1648 4006 transitus,

447 4037 655 4117 permanente
677 4030 788 4095 eadem
808 4030 1039 4096 vocabulorum
1060 4031 1285 4116 dispositione,
1306 4036 1352 4097 111
1373 4040 1409 4097 ut
1425 4055 1551 4119 semper
1567 4055 1649 4100 nova

448 4139 608 4202 sententia
641 4137 680 4201 ab
715 4135 823 4222 aliquo
859 4140 1077 4222 comparativo
1112 4140 1245 4221 incipiat
1278 4139 1463 4218 (candidior,
1496 4139 1647 4219 floridior,

446 4242 656 4329 splendidior,
680 4242 794 4320 levior,
819 4242 967 4319 nobilior,
987 4242 1133 4319 lucidior,
1154 4242 1285 4309 mollior
1380 4248 1515 4323 saevior,
1540 4246 1649 4312 durior

446 4372 476 4415 1.
500 4370 530 4432 q.
551 4355 591 4423 s.)
615 4351 720 4413 neseio
745 4348 822 4433 quid
847 4349 886 4413 ab
910 4347 1019 4413 Ovidii
1043 4355 1111 4413 arte
1134 4347 1277 4414 alienum
1300 4351 1406 4415 habet.
1432 4350 1646 4417 Verisimilius

446 4454 580 4520 ridetur
603 4453 757 4518 Ovidium
780 4457 865 4519 inter
888 4474 1001 4519 uersus

632 4558 764 4625 Mollior
787 4566 819 4624 et
842 4563 941 4646 cygni
965 4558 1087 4644 plumis
1109 4566 1143 4625 et
1164 4558 1247 4625 lacte
1272 4566 1381 4626 coacto

450 4674 502 4732 et:

634 4767 765 4834 Saevior
787 4769 953 4835 indomitis
977 4769 1087 4835 eadem
1111 4767 1246 4836 Galatea
1267 4773 1411 4837 iuvencis
