4525 5950
641 712 708 779 224
1159 721 1314 778 baturus.

687 896 718 962 11
743 896 817 961 5.1.
842 894 892 960 Ad
915 892 1049 981 Byrriae
1072 896 1186 960 verba:

688 1003 770 1068 Erus
792 1024 845 1067 me
867 1001 986 1067 relictis
1010 1003 1104 1067 rebus
1125 1004 1220 1066 iussit
1244 1002 1450 1089 Pamphilum
1473 1003 1645 1070 observare

688 1108 772 1174 Phil.
803 1109 979 1174 doctrinam
1003 1111 1048 1173 sic
1072 1115 1209 1173 ostentat
1232 1108 1385 1194 falsisque
1409 1109 1564 1197 exemplis
1588 1118 1746 1176 exornat:
1771 1110 1838 1175 lm-

642 1219 817 1302 ponitur
847 1236 989 1280 manus
1021 1216 1132 1290 rebus,
1163 1236 1237 1279 cum
1262 1215 1425 1299 perficitur
1446 1215 1479 1280 id
1503 1216 1589 1301 quod
1613 1220 1781 1304 coeperit,
1805 1225 1840 1281 ut

643 1323 736 1409 Verg.
771 1325 928 1407 „imponit
959 1324 1070 1407 regina
1100 1321 1256 1385 mauum'’
1288 1321 1360 1401 (Vll
1393 1320 1488 1402 573);
1523 1321 1839 1408 relinquuntur

641 1452 717 1496 vero
739 1451 821 1506 res,
845 1450 919 1493 cum
942 1428 1147 1512 imperfectae
1169 1427 1406 1512 relinquuntur,
1427 1436 1465 1492 ut
1483 1426 1577 1514 Verg.
1600 1439 1727 1514 „atqua
1748 1451 1841 1515 opere

641 1539 675 1600 in
698 1535 803 1600 medio
827 1533 928 1600 defixa
950 1532 1101 1619 relinquit
1125 1533 1250 1598 aratra'’
1275 1531 1407 1619 (Georg.
1430 1533 1478 1598 111
1501 1532 1591 1612 519).

686 1640 767 1706 Ibid.
801 1640 851 1704 12.
885 1638 982 1705 Valde
1012 1645 1197 1724 suspectum
1221 1646 1270 1704 est
1292 1640 1369 1704 hoc:
1394 1637 1550 1705 Cadere
1573 1661 1646 1725 spe
1673 1640 1841 1718 dicuntur,

642 1750 698 1831 qui
720 1746 820 1811 levati
844 1768 862 1811 a
886 1766 1014 1810 summo
1038 1744 1078 1809 ad
1100 1745 1250 1810 inferiora
1271 1743 1434 1810 labuntur.

687 1929 719 1994 ll
743 1929 772 1994 c.
788 1930 818 1993 5.
843 1928 942 1993 Dou:
968 1930 1119 2006 εἰρωνικῶς
1146 1927 1296 2005 „virum”
1320 1927 1403 1992 dixit
1422 1927 1580 1993 defessum
1601 1949 1730 1995 senem.
1758 1929 1842 1995 Phil.

641 2036 674 2101 id
698 2038 743 2100 sic
766 2034 924 2120 explevit:
950 2037 1015 2098 vir
1036 2037 1122 2100 enim
1147 2034 1242 2099 modo
1265 2034 1305 2099 ad
1328 2038 1599 2120 vituperationem
1624 2056 1708 2100 cum
1730 2039 1841 2111 monia,

641 2141 736 2208 modo
768 2140 808 2205 ad
838 2139 967 2206 laudem
999 2143 1141 2205 sumitur
1164 2143 1232 2205 sine
1255 2143 1366 2205 ironia.
1436 2140 1618 2206 Incredibili
1643 2142 1843 2208 confidentia

641 2246 817 2312 identidem
848 2245 925 2310 talia
949 2267 987 2311 er
1011 2254 1155 2330 tempore
1177 2245 1272 2332 fingit
1294 2252 1326 2311 et
1350 2248 1381 2311 b.
1405 2244 1427 2310 l.
1450 2249 1573 2311 imitari
1598 2246 1741 2312 videtur
1765 2269 1841 2335 quae

644 2353 732 2418 dedit
755 2352 899 2417 Donatus
921 2351 961 2416 ad
984 2352 1066 2417 Eun.
1091 2351 1122 2416 ll
1146 2351 1177 2416 3.
1194 2352 1234 2417 16
1258 2359 1290 2416 et
1313 2351 1356 2416 IV
1381 2353 1411 2416 3.
1426 2351 1479 2417 18.

687 2519 734 2585 lll
761 2519 836 2584 1.2.
867 2519 966 2584 Don.:
993 2519 1149 2596 „Ferme”
1174 2541 1231 2606 pro
1255 2519 1347 2585 facile
1370 2523 1489 2604 posuit.
1515 2518 1617 2584 Phil:
1643 2526 1682 2585 et
1710 2522 1841 2587 ferma

642 2626 830 2693 facilitatem
854 2625 1029 2712 significat,
1053 2629 1128 2710 quia
1153 2633 1228 2690 sunt
1250 2626 1400 2691 adverbia
1422 2629 1668 2691 aestimationis.

690 2793 741 2858 11.
765 2793 807 2858 ut
830 2794 908 2858 bene
934 2792 1065 2871 „edao'',
1088 2796 1164 2878 quia
1187 2797 1254 2858 iam
1277 2794 1407 2858 demens
1431 2801 1496 2871 est,
1521 2795 1604 2879 quod
1629 2806 1737 2862 amat.

688 2962 742 3028 21.
766 2961 864 3028 Don.:
891 2961 1072 3040 „Adortus”
1097 2984 1278 3050 aggressus.
1303 2963 1405 3030 Phil:
1430 2962 1602 3042 „adortus”
1629 2963 1769 3040 dicitur.
1791 2971 1841 3055 qui

642 3090 681 3133 er
703 3069 829 3133 insidiis
854 3076 983 3154 repente
1006 3070 1147 3135 invadit:
1174 3071 1296 3135 dictum
1320 3072 1359 3136 ab
1384 3092 1438 3146 eo,
1463 3072 1547 3156 quod
1569 3093 1710 3156 corpora
1732 3096 1841 3162 aggae

642 3175 799 3240 dientium
831 3185 1008 3261 exsurgant
1039 3177 1146 3241 subito
1178 3187 1273 3263 atque
1304 3181 1488 3243 increscant.
1568 3176 1698 3243 Rerum
1733 3202 1840 3246 causas

642 3282 791 3347 reddendi
814 3283 919 3347 furore
942 3281 1076 3348 laborat.

687 3450 734 3515 ΙΙΙ
757 3450 788 3515 2.
805 3451 840 3514 1;
873 3449 925 3515 Sic
957 3459 1081 3515 veteres
1113 3452 1293 3517 scribebant
1319 3451 1475 3529 ,‚adhuc’',
1499 3450 1625 3535 quando
1649 3454 1775 3519 incerti
1798 3455 1841 3519 iu·

643 3563 789 3621 turarum
821 3577 928 3621 rerum
959 3578 998 3622 er
1029 3558 1248 3641 praesentibus
1280 3558 1410 3623 firmum
1441 3558 1653 3632 intimabant,
1682 3562 1774 3646 quod
1798 3571 1842 3626 est

642 3683 745 3749 genus
768 3666 970 3728 cautissimae
993 3666 1213 3748 promissionis
1236 3670 1267 3728 et
1292 3671 1405 3731 certae.

689 3844 857 3911 1113.40.
891 3845 1011 3921 ‚‚D0n.:
1048 3846 1153 3926 „Quid
1184 3845 1300 3912 istic?'’
1333 3848 1532 3913 concedentis
1564 3856 1597 3911 et
1628 3849 1741 3917 veluti
1765 3856 1842 3918 victi

644 3953 797 4029 verbum,
829 3958 995 4037 tamquam
1017 3955 1045 4016 si
1069 3953 1188 4018 diceret
1214 3951 1364 4038 ‚‚quid?’'.
1398 3952 1500 4018 Phil:
1525 3953 1577 4018 vel
1600 3958 1719 4038 potius
1746 3958 1844 4045 „quid

643 4056 759 4124 isticl''
792 4057 952 4144 significat
983 4059 1149 4123 hominem
1181 4058 1218 4125 de
1241 4059 1309 4125 loco
1333 4080 1368 4124 ac
1392 4062 1548 4125 sententia
1570 4060 1745 4141 secedere,
1770 4073 1845 4131 ute

644 4167 801 4230 contrario
824 4171 965 4249 perstare
987 4186 1023 4229 ac
1047 4167 1194 4230 resistere
1218 4166 1344 4242 dicitur,
1359 4170 1424 4252 ·qui
1447 4166 1566 4251 aliquid
1589 4176 1705 4254 negat.

690 4269 769 4348 „Vel
793 4271 921 4355 potius”
946 4275 1038 4335 utin
1064 4272 1207 4337 eiusdem
1232 4272 1353 4339 scholio
1375 4272 1418 4337 lv
1443 4272 1541 4337 213.

689 4454 736 4518 lll
759 4455 790 4517 4.
805 4452 858 4518 21.
892 4454 976 4519 Bene
1004 4455 1244 4540 „proficiscar'’:
1269 4456 1424 4541 proficisci
1447 4460 1530 4521 enim
1553 4460 1587 4521 in
1611 4480 1685 4525 rem
1712 4486 1844 4552 aegram

644 4566 677 4624 et
696 4560 857 4625 difficilem
881 4561 1027 4625 dicimus.

688 4728 735 4793 lIl
755 4728 785 4793 5.
800 4728 830 4793 3.
852 4729 922 4794 Non
944 4728 1239 4806 „commendasse'’,
1253 4731 1306 4794 sed
1321 4730 1577 4808 ,‚commisisse”:
1598 4741 1848 4806 committimus

642 4837 747 4911 enim,
776 4856 857 4920 quae
879 4856 997 4940 magno
1020 4857 1094 4900 cnm
1118 4835 1259 4921 periculo
1280 4836 1433 4901 volumus
1456 4858 1522 4902 esse
1546 4849 1688 4905 servata.
