4525 5950
534 684 577 750 48
1045 697 1211 748 unumne.

578 865 661 947 Quid
691 866 734 930 eit
756 862 949 951 legendum,
972 863 1063 929 locue
1084 863 1141 929 ille
1164 863 1301 950 Vergilii
1324 863 1449 930 docebit
1471 887 1555 931 1111111
1578 870 1727 932 omnium

531 971 805 1058 praeclarissimus
829 970 867 1035 de
887 970 1076 1036 Laocoontis
1095 989 1252 1035 unacum
1272 970 1347 1035 filiis
1366 971 1551 1037 foedissimo
1571 975 1726 1038 interitu:

1128 1075 1191 1140 ‘Illi
1215 1079 1345 1163 agmine
1369 1084 1455 1143 certo

668 1183 848 1248 Laocoonta
872 1188 1001 1267 petunt;
1027 1187 1058 1247 et
1081 1185 1226 1268 primum
1248 1203 1348 1268 parva
1371 1183 1510 1249 duorum

668 1287 808 1374 Oorpcra
830 1295 979 1353 natorum
1003 1309 1131 1374 serpens
1155 1287 1323 1374 amplexus
1347 1295 1481 1374 uterque

668 1394 820 1481 Implicat
842 1399 875 1459 et
898 1396 1031 1459 miseros
1055 1415 1165 1459 morsu
1188 1394 1362 1478 depascitur
1385 1395 1496 1460 artue'.

533 1501 649 1568 Exstat
677 1501 718 1566 ad
747 1502 833 1566 hunc
865 1522 994 1566 versum
1024 1502 1188 1566 annotatio
1220 1501 1359 1587 Heynii:
1385 1502 1508 1567 ‘Morsu
1533 1501 1728 1588 depascitur,

535 1608 798 1684 ἐπινέμεται,
833 1609 959 1691 proprie
990 1606 1028 1671 de
1060 1627 1114 1683 eo,
1148 1609 1204 1692 qui
1236 1607 1384 1686 devorat;
1417 1609 1448 1673 h.
1471 1607 1492 1672 l.
1526 1615 1638 1674 ornate
1668 1630 1728 1694 pro

533 1714 679 1780 mordet'.
706 1712 807 1794 ‘Quod
831 1715 1032 1799 quaerimus,
1058 1713 1109 1777 hio
1133 1714 1203 1777 eet’.
1235 1712 1365 1778 Scilicet
1390 1714 1602 1791 νέμεσθαι,
1629 1713 1731 1779 ἐκνέ-

534 1823 700 1899 μεσθαι,
738 1819 1008 1894 ἐπινέμεσθαι
1041 1818 1150 1884 locum
1186 1819 1321 1896 habent,
1352 1821 1409 1884 ubi
1440 1818 1564 1884 malum
1596 1819 1730 1906 aliquod

531 1930 632 2013 serpit
654 1933 687 1993 et
709 1925 909 2003 diffunditur,
934 1927 966 1990 iu
986 1926 1115 2004 morbo,
1136 1928 1169 1990 in
1189 1925 1349 2002 incendio,
1369 1928 1404 1990 in
1425 1925 1533 1991 dolore
1551 1929 1729 2013 ceterisque

533 2035 634 2099 animi
664 2032 836 2098 affectibus.
868 2031 921 2097 Sic
952 2034 1050 2097 etiam
1082 2031 1121 2096 de
1151 2031 1258 2116 aquila
1286 2030 1374 2097 lento
1398 2053 1507 2098 morsu
1530 2032 1727 2118 pedetentim

533 2139 719 2205 Promethei
741 2141 830 2204 iecur
851 2137 1003 2203 exedente
1027 2144 1123 2223 atque
1147 2136 1334 2223 depascente
1358 2141 1477 2223 optime
1501 2137 1625 2204 dictum
1645 2142 1727 2205 erit:

534 2244 888 2329 ἐπινεμησθμενός
912 2267 980 2308 σου
1004 2244 1046 2307 πὸ
1071 2240 1186 2323 ῆπαρ.

578 2462 659 2528 Ibid.
690 2460 725 2528 O.
752 2459 789 2526 6:
826 2460 908 2527 πάνυ
940 2467 1024 2539 γοῦν,
1055 2457 1076 2524 cl
1107 2463 1277 2539 Προμηθεῦ,
1309 2464 1432 2540 μακρῶν
1463 2461 1511 2527 δεῖ
1540 2462 1640 2540 λθγυν
1674 2466 1726 2529 καὶ

533 2571 676 2643 1κανῆς
698 2592 776 2639 τινος
800 2574 996 2648 παρασκευῆς
1021 2569 1071 2631 ἐπὶ
1098 2570 1141 2632 τοὶ
1161 2569 1206 2632 σοὶ
1228 2568 1449 2645 πεπραγμένα.
1473 2568 1579 2634 Nimis
1599 2568 1728 2656 langui-

532 2678 611 2742 dum
629 2677 688 2741 hoc
707 2675 835 2740 videtur
841 2695 849 2751 ;
870 2674 933 2739 loci
951 2676 1053 2739 ironia
1072 2674 1189 2738 fortine
1208 2673 1329 2759 aliquid
1348 2677 1481 2760 requirit
1502 2681 1724 2742 etnervoeiue.

533 2782 692 2867 Respecto
726 2781 837 2845 habito
869 2800 998 2856 eorum,
1031 2799 1112 2865 quae
1143 2778 1251 2864 paullo
1281 2787 1354 2844 aute
1384 2778 1547 2846 Vulcanus
1579 2780 1722 2848 dixerat:

534 2888 594 2964 ἐγὼ
626 2888 690 2963 γοὶρ
721 2889 753 2951 οὐ
778 2886 850 2964 πρὸς
875 2884 978 2960 λθγοις
1004 2893 1067 2956 τοῖς
1092 2884 1318 2956 δικανικοῖς
1343 2887 1405 2960 εἶμι
1431 2893 1463 2951 11
1487 2885 1632 2952 Platonis
1659 2910 1727 2954 ver·

532 2995 649 3058 borum
672 2995 706 3056 in
730 2990 765 3059 O.
791 2990 834 3057 23
859 2992 1047 3057 piscatoris:
1073 2994 1161 3056 ἄλλα
1186 3016 1263 3062 τινος
1288 2993 1471 3069 ἐλεγκτικῆς
1496 2994 1548 3057 καὶ
1576 2996 1727 3059 δικανι·

533 3106 604 3172 κῆς
637 3103 915 3174 παρασκευῆς,
940 3095 1022 3161 nihil
1045 3097 1157 3162 dubito
1181 3100 1258 3181 quin
1282 3098 1334 3162 hic
1358 3119 1484 3184 quoque
1507 3100 1725 3174 δικανικῆς

532 3204 735 3271 scribendum
759 3206 812 3269 eit.

577 3408 659 3473 Ibid.
684 3405 718 3474 0.
746 3408 805 3473 16:
837 3405 882 3471 ἔτι
911 3406 963 3471 καὶ
993 3410 1083 3471 τοῦτο
1107 3406 1177 3480 ι’συς
1202 3409 1300 3488 Φαέης
1324 3407 1374 3491 ἄν,
1398 3407 1443 3473 ὅτι
1468 3407 1593 3485 οὶνθγκη
1619 3411 1724 3474 πολλοὶ

533 3518 616 3589 ῆμῖις
653 3513 736 3593 ἐχειν
772 3513 953 3590 πράγματα
990 3513 1259 3588 ἐπιμελουμένους,
1284 3514 1394 3578 αὐτῶν.
1437 3517 1540 3579 οὐκοῦν
1575 3514 1644 3579 διά
1678 3539 1724 3592 γε

532 3627 649 3685 τοῦτο
680 3622 732 3685 καὶ
766 3621 779 3685 θ
811 3621 920 3695 νομεὺς
951 3613 1093 3698 οξχθέσθυ
1125 3620 1175 3682 ἐπὶ
1207 3622 1248 3699 τῷ
1279 3619 1363 3700 ἐχειν
1387 3621 1440 3694 τῆν
1465 3619 1594 3698 ἀγέλην.
1620 3622 1724 3702 Quam

531 3725 698 3813 pueriliter
727 3732 759 3790 et
789 3726 970 3804 κακοφώνοις
1002 3725 1168 3790 adiicitur:
1204 3725 1278 3790 διθπι
1310 3727 1483 3802 ἀναγκαῖον
1509 3729 1726 3802 ἐπιμελεῖσθαι

532 3834 639 3912 αὐτῷ
665 3833 766 3903 αὐτῆ
775 3830 809 3903 el

579 4049 672 4115 Deor.
700 4047 785 4114 Dial.
817 4048 894 4116 4.1.
927 4048 1131 4136 Ganymedea
1162 4054 1218 4117 vix
1249 4051 1350 4118 oculis
1381 4055 1448 4117 11111
1478 4052 1627 4131 credens,
1651 4076 1724 4121 cum

532 4178 625 4231 eum,
650 4177 746 4240 quem
769 4155 864 4221 modo
889 4154 1032 4241 aquilam
1052 4165 1275 4242 conspexerat,
1297 4158 1465 4244 derepente
1484 4160 1669 4237 hominem,
1690 4167 1727 4226 ut

532 4268 644 4349 putat,
667 4262 787 4326 factum
812 4261 917 4327 videt:
942 4260 1139 4340 ἄνθρωπε,
1165 4265 1217 4327 οὐκ
1243 4264 1344 4333 αἰετὸς
1368 4262 1436 4344 ἄρτι
1462 4262 1555 4345 ῆσθα;
1660 4274 1726 4339 πῶς

533 4363 582 4433 οὖν
614 4370 655 4431 τὰ
687 4369 744 4441 μέν
776 4367 875 4443 πτερά
907 4392 952 4432 σοι
976 4369 1077 4433 ἐκεῖνα
1102 4368 1277 4448 ἐξερρύηκε,
1303 4372 1339 4435 σὺ
1365 4371 1395 4436 δέ
1420 4368 1548 4443 ἄλλος
1573 4372 1628 4446 ῆδη
1653 4375 1727 4438 α’να-

532 4475 693 4555 πέφηνας;
718 4472 781 4538 Pro
805 4472 948 4551 ἄλλος,
974 4474 1058 4560 quod
1081 4475 1162 4539 mihi
1187 4478 1303 4541 meritc
1327 4483 1513 4562 euepoctum
1531 4484 1615 4555 erat,
1637 4478 1727 4545 dubi-

532 4587 637 4646 tanter
659 4579 739 4644 olim
770 4580 937 4651 ἀλλοῖος
964 4602 1210 4667 proposuerau13
1234 4603 1317 4647 nuuc
1340 4584 1423 4647 mihi
1446 4584 1579 4648 obtusus
1604 4584 1725 4662 videor,

531 4688 586 4771 qui
616 4706 678 4749 non
709 4683 925 4750 intellexerim
957 4689 990 4749 in
1019 4709 1097 4753 voce
1119 4694 1269 4772 corrupta
1292 4687 1373 4752 nihil
1397 4688 1486 4753 aliud
1509 4710 1602 4774 poeee
1624 4689 1726 4757 latere

531 4812 628 4877 quam
660 4789 877 4870 ἄνθρωπος,
910 4792 995 4876 quod
1025 4815 1081 4878 per
1113 4793 1340 4879 compendium
1365 4796 1626 4862 emanantem
1650 4818 1726 4863 cum
