4525 5950
535 677 599 741 182
799 705 801 709 ’
1064 692 1187 741 oreris.

532 869 636 927 tacere
667 866 822 946 praestat,
853 863 921 945 ipse
951 862 1101 925 coniieio:
1135 862 1151 934 ἢ
1184 858 1252 929 τοὺς
1282 860 1331 922 οίκ
1339 862 1374 936 ρί
1381 882 1474 931 τους
1498 861 1721 935 οίπολοωμένους

533 967 786 1045 συλλαμβάνειν.
831 966 901 1031 Ηοο
935 969 1082 1051 inprimis
1116 967 1320 1031 Eratostheni
1354 967 1392 1030 ab
1431 973 1617 1031 accusatore
1649 970 1724 1031 sitio

532 1076 678 1151 dabatur,
711 1073 794 1158 quod
817 1071 1063 1136 Polemarchum
1087 1073 1288 1137 interfecerat
1310 1092 1372 1137 non
1395 1073 1516 1136 iniuste
1541 1071 1651 1136 solum
1675 1073 1725 1137 sed

532 1184 630 1245 etiam
661 1179 781 1243 indicta
813 1198 916 1242 causa.
942 1176 1006 1243 cfr.
1032 1200 1062 1242 v.
1083 1200 1109 1243 c.
1135 1198 1231 1262 supra
1255 1175 1328 1261 §17
1351 1177 1410 1241 cf.
1444 1177 1577 1243 Passive
1603 1200 1725 1263 quoque

531 1286 594 1350 dici
617 1285 738 1361 ἄκριτος
762 1283 955 1347 ἀπολωλέναι
979 1304 1036 1368 per
1059 1305 1092 1348 se
1117 1285 1183 1348 iam
1208 1291 1454 1348 consentaneum
1479 1291 1547 1361 est,
1572 1291 1607 1349 et
1628 1292 1726 1349 osten-

533 1392 587 1457 det
609 1394 631 1455 i.
645 1412 673 1455 a.
699 1389 752 1455 Or.
774 1389 870 1454 XXII
894 1389 945 1474 §2
964 1392 986 1453 i.
1000 1391 1038 1453 f.:
1063 1391 1095 1454 οὐ
1120 1390 1180 1453 δεῖν
1204 1390 1314 1458 αὐτοὺς
1340 1392 1481 1466 ἀκρίτους
1505 1390 1723 1466 ἀπολωλέναι,

533 1506 566 1562 et
597 1497 649 1562 Or.
674 1495 797 1561 XXVII
821 1498 839 1578 ἓ
859 1495 890 1559 8.
927 1495 1017 1559 Addo
1049 1495 1182 1558 eandem
1213 1516 1342 1579 prorsus
1373 1497 1612 1580 oppositionem
1644 1498 1726 1560 cerni

533 1603 585 1667 Or.
610 1601 702 1666 XXV
726 1601 816 1686 §262
850 1599 1172 1664 ἐνίων--ἐπεισαν
1205 1601 1286 1674 ὑμᾶς
1319 1602 1493 1678 ἀκρίτων
1517 1600 1652 1666 ίοίνατον
1675 1626 1725 1667 κα-

530 1710 793 1790 ταψηφίσασθαι,
819 1713 940 1771 πολλῶν
964 1706 994 1770 δέ
1018 1707 1165 1776 ἀδίκως
1190 1706 1342 1784 δημεῦσαι
1367 1706 1426 1778 τοὶς
1452 1707 1569 1778 οὐσίας.

577 1926 630 1990 Or.
655 1925 718 1989 XII
742 1924 825 2011 §Sit
859 1924 999 1990 Statuite
1030 1923 1233 2011 exemplum,
1265 1927 1388 2010 inquit,
1412 1930 1445 1990 et
1468 1927 1596 1990 civibus
1621 1935 1654 1991 et
1677 1948 1725 1992 ex·

532 2035 608 2096 teris
631 2030 769 2096 salutare
789 2032 955 2095 futurum:
981 2026 1017 2094 ὦν
1039 2031 1063 2093 οἱ
1083 2032 1140 2106 μὲν
1162 2030 1296 2108 ὑμέτεροι
1319 2030 1401 2100 ὄντες
1423 2038 1552 2095 πολῖται
1573 2032 1723 2106 μαθόντες

535 2138 664 2201 ἀπίασιν
687 2135 731 2200 ὅτι
758 2136 774 2210 ἦ
799 2137 881 2208 δίκην
907 2137 1046 2200 δώσουσιν
1066 2132 1103 2199 ὧν
1123 2134 1161 2201 ἂν
1181 2134 1405 2213 ἐξαμάρτωσιν,
1426 2136 1676 2216 ἣτροίξαντες-
1689 2175 1718 2185 -

535 2238 572 2305 ὧν
604 2244 742 2316 ἐφίενται
775 2246 908 2318 τύραννοι
942 2248 997 2312 τῆς
1029 2241 1145 2311 πόλεως
1180 2241 1309 2304 ἔσονται.
1338 2239 1563 2306 [resonantia
1587 2249 1725 2319 const-et,

536 2354 660 2435 oportet
690 2348 854 2426 πότερον
886 2348 970 2418 δίκην
995 2347 1145 2424 δώσουσιν,
1171 2353 1209 2411 ut
1231 2347 1436 2412 Hamalrerus
1458 2347 1559 2412 videt.
1586 2351 1630 2413 At
1654 2370 1726 2414 vero

536 2476 598 2518 non
627 2454 686 2518 hoc
710 2455 934 2518 substituerim
959 2474 978 2517 a
1001 2452 1264 2539 palaeographicae
1288 2456 1409 2518 ratione
1432 2474 1546 2538 parum
1567 2474 1727 2519 commen·

536 2560 657 2637 debile,
692 2560 764 2634 sed,
798 2565 955 2644 expuncto
988 2562 1103 2624 vitioso
1127 2558 1230 2624 fulcro
1255 2557 1318 2632 ὅτι,
1342 2561 1541 2644 scripserim:
1577 2562 1725 2634 μαθόντες

534 2667 662 2730 α’πίασιν
684 2667 717 2728 εί
738 2664 821 2737 δίκην
834 2664 1014 2728 δώσονσιν-
1027 2664 1083 2737 -ἢ
1098 2679 1180 2742 κτλ,
1197 2667 1365 2730 notissimo
1377 2668 1445 2730 sive
1460 2685 1522 2728 usu
1533 2666 1605 2730 sive
1617 2667 1725 2731 abusu.

580 2870 634 2935 Or.
660 2869 723 2933 XII
747 2868 838 2953 §38:
873 2870 920 2932 Οὐ
953 2869 1015 2949 γὰρ
1039 2869 1073 2940 δη
1097 2869 1165 2933 οὐδὲ
1189 2873 1277 2932 τοῦτο
1304 2870 1387 2949 αὐτῷ
1412 2871 1555 2949 προσήκει
1582 2878 1725 2947 ποιησαι,

534 2974 606 3054 ὅπερ
631 2978 660 3038 ἐν
684 2976 754 3056 τῇδε
780 2986 818 3051 τη
843 2976 930 3041 πόλει
957 2977 1120 3053 είίισμένον
1146 2977 1227 3053 ἐστί,
1253 2976 1323 3054 πρὸς
1345 2978 1400 3052 μὲν
1422 2979 1463 3040 τὰ
1485 2981 1726 3057 κατηγορημένα

534 3081 627 3157 μηδὲν
652 3082 893 3158 ἀπολογείσθαι,
926 3082 992 3158 περὶ
1019 3082 1048 3144 δέ
1075 3088 1161 3159 σφῶν
1186 3083 1287 3146 αὐτῶν
1311 3079 1400 3161 ἕτερα
1425 3085 1572 3160 λέγοντες
1599 3086 1726 3148 ἐνίοτε

536 3186 742 3262 ἐξαπατῶσιν.
775 3186 995 3251 Anacoluthon
1028 3209 1081 3251 me
1113 3210 1174 3252 non
1200 3187 1346 3265 offendit,
1371 3191 1447 3273 quin
1473 3188 1728 3255 efficacissimum

533 3295 687 3372 arbitror;
720 3293 773 3357 sed
808 3294 921 3368 ,ἐνίοτε
954 3296 1075 3356 mirum
1104 3302 1175 3379 post
1206 3293 1390 3368 είίισμένον”
1415 3316 1490 3359 cum
1514 3294 1728 3361 Herwerdeno

534 3402 682 3466 arbitror.
708 3399 852 3463 Fortasse
876 3407 982 3463 orator
1006 3400 1093 3464 dedit
1117 3400 1377 3478 ἕ<κοίσ>τοτε.

579 3622 632 3686 Or.
665 3619 729 3685 Xll
762 3619 858 3704 §532
892 3619 1018 3693 Ἐπειδὴ
1051 3619 1081 3683 δὲ
1102 3620 1263 3695 --περὶ
1297 3626 1354 3682 τῶν
1382 3619 1565 3697 διαλλαγῶν
1590 3623 1617 3686 οί
1641 3624 1726 3699 λόγον

534 3728 702 3803 ἐγίγνοντο,
736 3728 857 3795 πολλαὶς
891 3723 1025 3801 ἐκοίσεροι
1058 3724 1188 3795 ἐλπίδας
1223 3725 1348 3803 είχομεν
1384 3724 1477 3802 πρὸς
1516 3728 1725 3801 οὶλληλους

534 3833 716 3908 ἐσεσίαι,
748 3833 783 3902 ὥς
819 3834 988 3909 ἀμφότεροι
1021 3830 1173 3905 ἔδοξαν.
1206 3832 1254 3894 Ex
1286 3833 1436 3896 omnibus
1466 3835 1659 3897 coniecturis
1690 3834 1729 3897 ad

533 3938 610 4002 haec
643 3939 740 4002 verba
770 3937 903 4022 prolatis
935 3940 1073 4001 maxime
1105 3937 1305 4001 satisfaciunt
1329 3934 1435 4002 Geelii
1459 3944 1491 4002 et
1514 3937 1730 4025 Frohbergeri

532 4047 714 4108 conamina:
740 4045 860 4113 πολλὰς
886 4044 1020 4122 ἐκοίπεροι
1046 4044 1176 4113 ἐλπίδας
1201 4042 1327 4123 είχομεν
1350 4044 1455 4115 <τοὶ>
1477 4046 1549 4120 πρὸς
1570 4046 1728 4118 ἀλλήλους

534 4149 673 4225 ἕσεσίαι,
705 4153 744 4220 ὠς
776 4150 945 4226 οίμΦίτεροι
972 4150 1203 4225 ἐδείξαμεν.
1230 4148 1320 4228 Quod
1344 4148 1582 4228 ThalheimIUS,
1608 4155 1666 4237 qui
1689 4154 1729 4216 σὰ

533 4278 595 4320 non
620 4256 785 4329 adsciscit,
809 4255 847 4319 ad
872 4253 991 4318 ἐσεσίαι
1017 4253 1163 4318 adnotat:
1189 4276 1254 4330 ‚,sc.
1279 4257 1337 4324 τὰς
1363 4253 1581 4333 διαλλαγάς”,
1603 4264 1653 4321 est
1673 4259 1731 4323 hoc

534 4365 655 4426 mirum
679 4381 753 4424 sane
777 4360 898 4444 ellipsis
921 4381 1032 4445 genus.

581 4576 633 4640 0r.
658 4572 720 4637 XII
744 4573 835 4658 555:
858 4572 980 4636 Τούτων
1001 4572 1097 4635 τοίνυν
1119 4573 1230 4636 Φείδων
1250 4575 1278 4656 [ί
1299 4581 1355 4638 τῶν
1370 4574 1534 4652 πριοίκοντα
1548 4578 1733 4663 γενόμενος]

536 4682 587 4743 καὶ
622 4681 789 4752 Ἱπποκλῆς
824 4693 892 4742 κτλ.
930 4677 1001 4742 Hoc
1036 4678 1130 4743 modo
1164 4679 1397 4745 eliminandum
1433 4681 1611 4761 emblema,
1650 4709 1733 4762 non,

531 4798 568 4851 ut
598 4787 804 4870 l'rohberger,
836 4784 1020 4861 Thalheim,
1050 4792 1081 4848 et
1112 4807 1196 4849 nunc
1227 4787 1479 4863 Herwerdenus‚
1504 4791 1533 4871 [I
1559 4798 1618 4854 τῶν
1645 4790 1731 4871 τριαί-
