4525 5950
648 693 715 765 264
1119 712 1368 765 muncrarius.

645 881 705 946 hoc
739 886 907 966 praetextu
940 882 975 944 in
1008 901 1113 945 arcem
1149 878 1368 946 adscendisse?
1410 879 1460 945 lix
1493 882 1564 967 ipso
1603 880 1842 967 Aristophane,

645 986 833 1072 respondeo,
858 989 914 1071 qui
938 989 1015 1051 satis
1038 986 1122 1051 clare
1145 986 1179 1050 id
1203 987 1398 1071 significavit
1421 986 1506 1051 infra
1529 1007 1578 1050 vs.
1603 985 1676 1050 240
1703 989 1755 1056 τίς
1779 988 1845 1050 άλι-

646 1092 750 1168 oya
783 1091 859 1167 κτὲ,
895 1111 975 1175 quae
1006 1112 1068 1156 vox
1102 1089 1267 1156 sollemnis
1302 1099 1351 1156 est
1381 1091 1420 1155 de
1452 1089 1647 1156 mulieribus
1680 1094 1717 1155 in
1753 1095 1846 1156 sacris

646 1195 858 1260 ululantibus.
889 1233 931 1243 -—
963 1196 1025 1261 Pro
1058 1197 1294 1273 πρεσβυτάταις
1326 1217 1389 1261 non
1412 1195 1631 1262 dubitaverim
1657 1198 1693 1260 in
1721 1202 1847 1263 textum

645 1304 783 1386 recipere
795 1301 958 1386 lentingii
971 1301 1226 1367 emendationem
1240 1302 1482 1381 πρεσβυτέραις,
1496 1304 1571 1387 quia
1583 1307 1847 1388 comparativus,

646 1409 702 1492 qui
733 1410 851 1492 passim
883 1428 901 1472 a
930 1406 1070 1472 librariis
1100 1428 1174 1472 cum
1206 1407 1405 1492 superlativo
1428 1406 1650 1485 confunditur,
1674 1409 1733 1473 hic
1759 1412 1848 1474 unice

646 1519 741 1600 aptus
771 1520 829 1579 est.
860 1513 949 1579 Vana
978 1520 1089 1578 contra
1119 1513 1249 1578 videtur
1280 1512 1392 1580 Cobeti
1422 1516 1604 1578 coniectura
1636 1515 1850 1601 Aristophani

645 1619 766 1703 ubique
788 1620 842 1690 rio
866 1619 954 1682 πάλιν
978 1640 1035 1703 pro
1059 1618 1113 1691 rio
1134 1619 1298 1698 άιιράσολιν
1318 1618 1513 1684 reddendum
1532 1638 1618 1694 esse;
1641 1640 1746 1705 saepe
1768 1625 1849 1686 enim

645 1724 768 1810 plenior
799 1727 937 1790 nominis
967 1725 1069 1789 forma
1097 1728 1131 1789 in
1163 1724 1262 1790 bonae
1293 1728 1407 1790 aetatis
1437 1724 1542 1789 titulis
1575 1727 1691 1789 atticis
1717 1725 1850 1813 legitur.

645 1831 707 1895 Sed
738 1850 923 1917 praegressa
952 1832 1183 1916 praepositione
1205 1831 1279 1895 boni
1303 1833 1472 1916 scriptores
1496 1835 1687 1895 constanter
1713 1835 1788 1898 sine
1811 1855 1850 1898 ar

645 1936 746 2001 ticulo
770 1944 908 2001 utuntur
930 1937 1032 2002 forma
1055 1937 1215 2002 breviore.

692 2155 744 2219 Va.
771 2153 845 2220 198.
878 2159 954 2233 φεῦ
986 2154 1048 2230 δά,
1081 2155 1145 2218 κτὲ.
1178 2154 1273 2232 Vide,
1306 2157 1334 2219 si
1364 2157 1446 2219 tanti
1480 2160 1545 2231 est,
1576 2176 1719 2239 quaes.
1748 2181 1783 2225 ν.
1814 2159 1847 2223 ti

644 2263 789 2345 congessi
810 2262 844 2323 in
866 2259 968 2324 lexico
991 2281 1062 2324 meo
1086 2259 1285 2345 suppletorio
1309 2267 1341 2325 et
1364 2259 1531 2325 dialectico
1554 2280 1631 2346 pag.
1662 2261 1747 2327 182.

690 2478 742 2542 Vs.
768 2477 846 2542 201.
870 2478 987 2552 ταύτην
1011 2478 1067 2551 μὲν
1092 2475 1131 2540 άν
1154 2503 1202 2548 τις
1227 2478 1312 2548 atter
1338 2478 1439 2553 ἧσάείκ
1465 2476 1584 2555 λαβών.

644 2584 758 2648 Nescio
789 2604 828 2648 an
852 2583 937 2653 εὐθύς
961 2586 1064 2648 artius
1086 2584 1348 2668 coniungendam
1373 2586 1416 2647 sit
1439 2605 1514 2649 cum
1537 2587 1719 2670 participio
1744 2591 1846 2664 λαβάι

645 2709 743 2772 quam
776 2710 851 2754 cum
885 2688 983 2754 verbo
1017 2689 1136 2764 ἡσθείη,
1171 2693 1210 2752 ut
1243 2692 1286 2753 sit
1318 2689 1444 2753 ιαἰιιιιίσσ
1474 2688 1661 2775 (poculum)
1695 2696 1845 2757 οσιισιτσιτλ

645 2792 797 2861 Ueterum
821 2794 861 2859 cf.
886 2793 1029 2860 Alexidis
1052 2794 1091 2859 fr.
1115 2792 1295 2871 111485,4
1315 2795 1414 2860 Mein.
1437 2793 1578 2866 ἅπαντας
1599 2796 1752 2875 ὀρχοῦντ’
1763 2800 1845 2871 εὐθὺς

644 2900 683 2964 οἰν
707 2899 783 2964 οἶνον
806 2900 895 2976 μόνον
916 2900 923 2986 Ι
942 2901 1039 2975 dcciv
1061 2899 1171 2965 ἴδωσιν.

691 3103 741 3170 Vs.
767 3104 843 3169 262.
936 3105 1021 3168 κατὰ
1045 3105 1102 3179 μὲν
1125 3101 1214 3181 ἅγιον
1237 3104 1322 3184 ἔχειν
1346 3104 1480 3182 βρέτας,

936 3210 1021 3274 κατά
1045 3210 1072 3274 δ’
1096 3208 1259 3289 άκράπολιν
1283 3210 1359 3285 ἐμὴν
1382 3209 1507 3287 λαβεῖν,

936 3324 1069 3395 μοχλοῖς
1095 3316 1125 3379 δὲ
1150 3315 1202 3379 καὶ
1226 3318 1378 3397 κλήθροιτί
1403 3324 1512 3393 (μου)

937 3425 979 3486 τά
1003 3422 1186 3499 Προπύλαια
1211 3427 1359 3485 πακτοῦν.

642 3531 711 3595 Non
744 3527 849 3593 solum
874 3530 1022 3609 κλῄθροισι
1047 3533 1079 3592 et
1102 3532 1251 3604 πακτοῦν,
1276 3548 1357 3612 quae
1379 3534 1469 3592 notat
1492 3526 1604 3603 editor,
1630 3534 1842 3615 paratragoe-

642 3636 713 3699 diae
730 3633 848 3698 indicia
866 3639 959 3710 sunt,
979 3634 1034 3697 sed
1053 3636 1152 3697 etiam
1171 3632 1327 3698 articulus
1347 3634 1396 3699 bis
1415 3634 1551 3698 omissus
1570 3632 1611 3696 ad
1629 3634 1839 3701 substantiva

642 3741 758 3819 βρέτας
783 3746 816 3803 et
839 3738 1011 3815 οἰκράπολιν.

688 3941 741 4005 Vs.
768 3940 842 4007 175.
867 3939 1091 4027 (Cleonymus)
1116 3943 1254 4014 άπῆλάεν
1278 3940 1544 4019 άψάλακτος,
1568 3943 1646 4003 άλλ·

937 4044 1016 4120 ὅμως
1042 4050 1220 4111 Λακωνικὸν
1244 4046 1339 4109 πνέον

935 4150 1035 4231 ᾤχετο
1059 4150 1167 4214 θῶπλα
1190 4152 1343 4228 παραδοὺς
1370 4151 1438 4225 ἐμοί
1462 4151 1527 4212 κτὲ.

687 4256 834 4321 Fortasse
856 4263 949 4340 poeta
972 4256 1011 4321 de
1031 4254 1189 4320 industria
1212 4276 1289 4321 voce
1308 4254 1466 4321 laconicae
1484 4256 1622 4340 originis
1645 4256 1843 4334 ἀψάλακτος

641 4363 696 4441 (cf.
720 4384 767 4426 vs.
788 4360 845 4440 84)
865 4364 969 4425 utitur
989 4383 1045 4445 pro
1064 4364 1162 4426 attica
1182 4361 1257 4426 haec
1276 4362 1414 4427 scribens
1434 4360 1472 4425 de
1492 4381 1568 4445 rege
1586 4358 1844 4445 Spartanorum.

643 4467 706 4532 Pro
729 4466 906 4544 ψαλάσοειν
929 4470 1064 4532 atticum
1088 4475 1137 4532 est
1159 4471 1329 4546 ψηλαφῖον.

689 4682 743 4746 Vs.
769 4680 845 4745 308.

711 4797 767 4860 τῆς
791 4787 934 4860 ἀμπέλου
959 4788 984 4850 δ’
1009 4786 1051 4856 οἷς
1076 4791 1129 4859 τὴν
1155 4788 1243 4866 tom
1268 4786 1382 4864 κριηδὸν
1406 4787 1601 4866 Ιαπὲοοιραεν,
