4525 5950
896 1089 1231 1173 ΟΔΤΣΣΕΤΣ.

1003 1307 1126 1347 sennen

872 1458 902 1522 J.
939 1446 1255 1523 VURTHEIM.

968 1732 1161 1768 -ψοοω-

513 1956 629 2020 Versus
652 1979 671 2018 σ
685 1955 864 2020 399-466
888 1958 1010 2041 optimo
1033 1959 1104 2021 iure
1129 1978 1148 2021 a
1171 1959 1269 2022 variis
1292 1957 1468 2022 editoribus
1494 1963 1531 2020 ut
1554 1955 1660 2021 eloco

462 2060 584 2126 alienos
604 2069 637 2125 et
656 2061 824 2147 postmodo
843 2065 979 2126 insertos
998 2062 1088 2127 obelo
1108 2083 1175 2128 esse
1196 2071 1324 2128 notatos
1342 2062 1533 2127 infitiabitur
1552 2084 1655 2127 nemo.

461 2169 492 2233 Ε
517 2169 633 2252 quibus
657 2169 803 2233 versibus
826 2167 893 2245 illi,
917 2171 1039 2252 opinor,
1065 2189 1163 2252 quam
1188 2171 1328 2233 maxime
1350 2167 1501 2233 lectorem
1526 2176 1659 2232 movent

462 2276 704 2357 memoriaeque
735 2276 868 2358 repositi
898 2280 1046 2349 manent,
1072 2275 1128 2338 ubi
1151 2272 1331 2360 Autolycus
1355 2277 1478 2358 nepotis
1501 2275 1658 2358 originem

461 2381 605 2442 nominis
629 2378 768 2463 explicat
791 2379 877 2443 hisce
902 2380 1023 2444 verbis:

604 2492 762 2546 πολλοῖσιν
786 2488 849 2561 γὰρ
874 2485 935 2560 ἐγώ
959 2508 998 2560 γε
1024 2483 1229 2557 ὀδυσσάμενος
1254 2485 1315 2548 τόδ’
1340 2484 1451 2559 ἱκάνω,

605 2589 747 2666 civicam
771 2589 821 2662 ἠδὲ
844 2588 986 2665 γυναιξὶν
1010 2593 1071 2652 ἀνὰ
1096 2591 1192 2668 χθόνα
1219 2590 1461 2666 σολυβόσενραν·

602 2696 671 2769 τῶδ’
694 2694 843 2764 Ὀδυσεὺς
867 2693 950 2768 ὄνομ’
974 2694 1051 2757 ἕσσω
1077 2696 1242 2766 ἐπώνυμον.

460 2801 582 2885 Ecquis
603 2807 651 2865 est
670 2803 749 2886 quin
769 2801 849 2864 hanc
869 2799 1103 2887 etymologiam
1124 2803 1236 2865 seriori
1254 2803 1395 2886 imputet
1407 2798 1527 2865 aetati?
1547 2800 1658 2884 Neque

461 2909 622 2969 miramur
646 2906 791 2969 ardorem
816 2926 878 2990 quo
902 2912 1025 2970 veteres
1047 2908 1080 2968 in
1105 2904 1302 2969 celeberrimi
1326 2905 1432 2969 herois
1455 2907 1585 2971 nominc
1608 2926 1660 2970 ex-

459 3012 610 3097 plicando
642 3011 854 3092 desudarunt,
892 3033 966 3077 nam
999 3033 1054 3076 nos
1086 3033 1212 3096 quoque
1244 3011 1396 3085 δννμόννον
1427 3011 1510 3076 illud
1541 3033 1656 3077 noman

460 3120 621 3183 cruciavit
645 3120 824 3181 sescenties.
849 3115 943 3181 Varia
967 3123 1074 3181 autem
1101 3124 1172 3202 post
1196 3121 1363 3181 conamina
1382 3117 1605 3183 Fiok-Bechtel
1624 3122 1657 3183 in

460 3222 568 3287 lexico
599 3222 637 3286 de
668 3222 852 3287 nominibus
883 3224 1020 3306 propriis
1043 3221 1275 3286 derivationem
1299 3243 1317 3286 e
1341 3225 1440 3306 stirpe
1464 3222 1518 3285 δυκ
1546 3226 1658 3288 reiece-

461 3335 556 3403 runt,
588 3348 685 3411 quem
718 3330 745 3391 si
777 3328 978 3412 probassent,
1004 3327 1153 3411 equidem
1178 3328 1216 3392 de
1240 3330 1327 3392 vocis
1351 3327 1585 3411 significatione
1609 3329 1656 3393 nil

462 3433 586 3497 doctior
609 3434 770 3497 abiissem.

511 3536 730 3602 Kretschmeri
753 3559 828 3602 vero
851 3537 971 3602 librum
996 3537 1077 3613 „Dia
1101 3537 1322 3623 griechischen
1346 3536 1656 3603 Vaseninschritten”

463 3646 647 3728 quicunque
667 3642 719 3708 vel
739 3646 856 3728 raptim
878 3646 1036 3728 percurrit
1056 3643 1266 3707 mirabundus
1286 3643 1408 3707 notabit
1428 3644 1538 3708 modos
1552 3646 1657 3709 varios

461 3750 581 3834 quibus
612 3752 750 3834 pictores
782 3751 919 3834 appictis
949 3748 1087 3813 literulis
1119 3747 1224 3812 Ulixis
1247 3750 1425 3834 imaginem
1448 3748 1659 3833 designarunt

461 3857 654 3920 accuratius.
675 3854 759 3920 Nam
780 3861 905 3940 praeter
924 3853 1098 3939 vulgatum
1116 3853 1199 3917 illud
1220 3854 1433 3931 „Diomede”
1455 3857 1658 3940 reperiuntur

462 3964 652 4035 ’ολυσσενς,
675 3962 889 4036 ’ολλυστευς,
911 3966 1081 4036 Ὀλυτευς,
1103 3962 1279 4035 Ὀλυττης,
1300 3965 1453 4042 Ὀλνσευ,
1469 3963 1656 4039 Ὀλνσσενς,

461 4073 647 4140 ’οννσσευς,
672 4068 862 4136 'navarrea
888 4064 1022 4150 Singula
1042 4064 1207 4129 resculae
1227 4085 1413 4130 museorum
1437 4065 1590 4151 catalogis
1613 4070 1659 4130 in·

461 4173 583 4247 dicare,
608 4192 684 4235 cum
708 4170 794 4236 facili
818 4173 947 4255 negotio
971 4170 1056 4255 apud
1080 4170 1344 4234 Kretschmerum
1369 4174 1507 4235 inveniri
1527 4175 1658 4256 possint,

461 4299 546 4341 nunc
571 4276 771 4363 supersedeo.
796 4275 986 4342 Observavit
1010 4276 1084 4340 v.d.
1110 4298 1142 4361 p.
1169 4275 1252 4340 146:
1279 4276 1351 4354 „die
1375 4278 1531 4342 attiscben
1556 4276 1658 4343 Vasen

461 4384 567 4447 bieten
592 4383 651 4446 den
676 4383 801 4447 Namen
826 4381 995 4453 Ὀδυσσεύς
1014 4381 1221 4467 vorwiegend
1242 4384 1275 4445 iu
1296 4382 1351 4447 der
1370 4382 1466 4446 Form
1487 4383 1656 4454 'Oavrrre‘c

460 4487 536 4552 oder
551 4486 757 4557 'Oavrrsdc’'
779 4486 968 4571 Suspicatur
978 4486 1194 4572 praevaluisse
1207 4487 1342 4551 formam
1354 4487 1501 4573 populari
1514 4509 1530 4553 e
1543 4488 1658 4573 lingua

460 4595 613 4678 petitam,
647 4612 745 4676 quam
778 4594 963 4676 opinionem
994 4593 1231 4657 corroboratam
1261 4592 1383 4657 iudicat
1414 4599 1496 4657 testa
1519 4592 1658 4678 quadam

462 4700 497 4761 in
527 4696 654 4764 Cabirio
684 4696 834 4762 Thebano
867 4704 1007 4781 reperta,
1041 4700 1089 4761 cui
1123 4719 1239 4761 nomen
1263 4697 1370 4763 simile
1393 4708 1440 4763 est
1463 4701 1654 4784 inscriptum
