4525 5950
642 659 707 724 152
979 680 1018 727 ns
1041 679 1189 728 moeror
1213 681 1296 728 eron
1318 681 1485 729 romanu.

639 851 721 909 esset
744 847 771 909 si
796 848 873 910 eatis
896 847 1047 912 haberent
1070 846 1198 933 galeam
1220 846 1370 924 induere,
1395 847 1491 912 fascia
1509 852 1641 912 scutum
1660 845 1832 932 adaptare,

638 950 747 1038 gladio
777 955 881 1039 cingi,
913 953 1039 1017 hastam
1070 975 1206 1019 sumere.
1233 954 1379 1032 Accedit,
1405 955 1487 1039 quod
1511 956 1614 1019 ictum
1639 960 1737 1039 parat
1761 952 1836 1018 Dio·
1880 1038 1882 1043 Ι

642 1058 748 1123 medes
770 1061 804 1123 in
826 1057 1005 1125 Telamonii
1027 1065 1152 1146 guttur,
1175 1082 1236 1125 non
1262 1059 1355 1125 aliter
1378 1082 1473 1146 quam
1497 1059 1639 1126 Achilles
1658 1062 1695 1125 in
1716 1059 1837 1125 Hecto

640 1167 701 1241 ris,
733 1170 771 1228 ut
800 1165 884 1250 quod
916 1165 1019 1231 solum
1050 1165 1122 1231 telis
1154 1169 1335 1251 expositum
1359 1173 1457 1243 esset;
1482 1169 1550 1251 ipse
1574 1172 1666 1231 scuto
1692 1167 1837 1252 perfosso

641 1271 766 1336 thorace
787 1292 806 1336 a
830 1270 961 1337 vulnere
983 1273 1172 1338 defenditur.

1200 1490 1269 1574 §a

643 1693 717 1754 Quid
736 1694 774 1743 ⁸¹¹
791 1695 929 1758 θωιθοοειν.
945 1696 1123 1759 θωρήσσεσθαι.
1216 1690 1422 1761 Ρσσθσσσθσὶὶσ
1451 1695 1528 1761 locis
1552 1697 1670 1781 quibus
1696 1718 1838 1762 comme

677 1776 805 1838 ⁶⁰⁹⁹”“⁷l⁶·
1170 1808 1314 1867 moratur
1351 1800 1443 1881 θώρηξ
1484 1823 1567 1868 nunc
1610 1802 1839 1889 indagandum

643 1907 782 1986 videtur,
809 1909 886 1994 quid
909 1912 971 1975 sibi
994 1909 1072 1976 velit
1096 1912 1263 1986 θωρήσσειν,
1289 1910 1507 1988 θωρήσσεσθαι,
1533 1910 1698 1986 θωρήκτής.
1735 1909 1840 1977 Notis-

644 2018 764 2080 simum
802 2022 834 2081 σθ
867 2019 902 2080 in
935 2015 1033 2081 Iliade
1069 2022 1101 2081 et
1136 2019 1169 2080 in
1204 2015 1344 2102 Odyssea
1374 2019 1499 2101 saepius
1528 2017 1687 2092 lectoren
1725 2022 1760 2081 et
1793 2019 1840 2078 θω

645 2123 805 2198 ρήσσεσθωι
836 2144 898 2187 σοσ
928 2129 1055 2188 tantum
1079 2125 1227 2187 universe
1250 2143 1317 2187 esse
1340 2146 1456 2186 amore
1478 2127 1511 2187 et
1532 2122 1656 2197 amari,
1682 2121 1746 2187 sed
1770 2144 1841 2187 nou·

645 2249 820 2314 numquam
852 2230 897 2292 ita
929 2229 1095 2307 „armare”
1129 2234 1161 2293 ct
1193 2227 1354 2305 „armari”
1384 2236 1421 2293 ut
1452 2227 1490 2293 de
1522 2214 1650 2293 thorace
1673 2234 1780 2294 aeneo
1803 2250 1840 2293 ne

645 2337 780 2421 cogitari
811 2336 939 2420 quidem
971 2339 1080 2421 possit,
1112 2343 1150 2400 nt
1175 2344 1198 2398 Κ
1223 2333 1275 2412 71,
1302 2336 1355 2400 ubi
1378 2355 1466 2400 arma
1488 2341 1696 2400 recensentur
1722 2336 1840 2421 quibus

646 2441 761 2528 Pylius
791 2443 884 2507 heroe
916 2443 1068 2507 utebatur
1090 2438 1134 2506 ὅτ’
1160 2443 1200 2510 εἰς
1225 2443 1359 2515 πόλεμον
1382 2442 1545 2520 Φθιοήνοροι
1571 2442 1839 2518 θωρήσσοιτο,

645 2568 747 2633 noque
772 2554 879 2612 tamen
902 2551 937 2612 in
959 2569 996 2614 eo
1020 2568 1153 2612 numero
1177 2547 1285 2612 thorax
1307 2553 1372 2624 est;
1397 2558 1423 2612 Α
1443 2546 1516 2628 178,
1536 2548 1590 2611 ubi
1610 2546 1703 2612 idem
1725 2548 1842 2615 Nestor

646 2660 753 2719 narrat
785 2655 850 2718 οὐδέ
884 2678 924 2727 με
956 2656 1078 2724 Νηλεὺς
1111 2652 1175 2717 elas
1207 2654 1499 2731 θωρήσσεσθαι,
1524 2652 1708 2733 ἀπέκρυψεν
1734 2656 1768 2719 δέ
1794 2679 1841 2729 μοι

650 2759 777 2837 lacoon
803 2759 993 2852 amausi
1013 2758 1213 2825 Melanthius
1237 2758 1412 2843 Penelopae
1437 2781 1546 2845 procos
1568 2761 1615 2823 ita
1639 2758 1841 2846 alloquitur:

648 2862 718 2942 ὗμιν
749 2865 855 2945 τεύχε’
888 2866 986 2930 iselae
1018 2868 1291 2944 θωρήχθήιοιι,
1323 2864 1412 2929 affert
1442 2874 1549 2930 autem
1582 2863 1700 2930 deinde
1735 2874 1842 2943 scuta,

647 2971 771 3060 galeas,
795 2974 919 3048 hastas,
940 2994 1003 3038 non
1022 2994 1095 3037 vero
1116 2974 1269 3037 thoraces.
1292 2972 1449 3037 Attamen·
1462 2993 1555 3037 nemo
1575 2970 1747 3038 dubitabit
1767 2978 1843 3059 quin

649 3082 847 3154 θωρήσσεσθαι
868 3079 907 3144 σθ)
927 3081 1051 3165 origine
1070 3078 1168 3143 fuerit
1188 3079 1302 3154 θθρήκιι
1325 3078 1489 3142 ἐνδύεσθαι.
1510 3077 1571 3142 Sed
1591 3080 1754 3162 quoniam
1776 3102 1844 3145 cou-

648 3193 712 3251 stat
735 3206 812 3250 voce
831 3182 923 3262 θώιοξ
942 3181 1079 3250 Graecos
1099 3206 1161 3249 nou
1181 3186 1274 3249 unice
1292 3184 1453 3249 thoracem
1475 3188 1607 3247 aeneum
1628 3185 1844 3269 significasse,

646 3291 701 3356 sed
732 3293 831 3355 etiam
862 3298 985 3355 vestem
1008 3290 1160 3368 linteam,
1185 3297 1273 3375 patet
1296 3296 1404 3355 autem
1430 3292 1639 3354 vetustiorem
1665 3309 1741 3357 esee
1767 3293 1844 3357 hauc

647 3401 716 3462 eius
733 3400 939 3471 sententiam,
957 3400 1163 3462 recentiorem
1175 3397 1282 3473 illam,
1296 3399 1482 3481 neutiquam
1497 3398 1580 3461 enim
1593 3394 1688 3460 illam
1702 3399 1741 3461 in
1755 3399 1845 3473 hanc,

648 3504 702 3570 sed
726 3510 834 3569 contra
857 3503 937 3568 hane
960 3504 1060 3568 abisse
1083 3506 1116 3567 in
1140 3502 1248 3579 illam,
1269 3524 1344 3567 nam
1365 3505 1398 3567 ὲθ
1417 3503 1559 3567 thoraces
1578 3505 1695 3567 aeneos
1718 3526 1847 3592 semper

647 3613 680 3674 in
705 3631 765 3674 usu
788 3613 954 3674 communi
973 3611 1144 3686 mansisse,
1165 3612 1288 3674 tunicae
1308 3608 1424 3673 linteae
1444 3607 1556 3673 abinde
1573 3614 1662 3673 sexto
1675 3630 1707 3675 a.
1723 3609 1803 3677 Ohr.
1816 3636 1845 3676 n.

647 3715 772 3782 saeculo
796 3722 923 3780 tantum
944 3738 1007 3780 non
1028 3715 1222 3793 exolevisse,
1243 3717 1275 3780 et
1296 3735 1407 3781 vocem
1428 3714 1520 3791 θιθρήξ
1540 3716 1663 3801 origine
1685 3718 1845 3796 obscura,

646 3845 721 3888 cum
752 3844 814 3887 non
845 3825 888 3886 sit
915 3844 972 3887 cur
995 3823 1034 3887 ab
1060 3825 1199 3886 extemis
1223 3828 1382 3908 receptam
1405 3820 1587 3898 credamus,
1612 3828 1844 3911 perantiquam

647 3950 732 4006 esse,
753 3930 920 3993 thoracum
940 3949 1110 3993 aeneorum
1131 3949 1207 3994 vero
1229 3934 1298 4014 post
1317 3928 1523 4015 Mycenaeam
1538 3927 1670 3992 demum
1685 3940 1844 4008 aetatem,

649 4057 746 4121 quam
771 4035 896 4112 haunt,
922 4038 1026 4119 prima
1048 4037 1135 4100 cerni
1158 4037 1315 4122 vestigia,
1340 4033 1488 4099 credibile
1510 4056 1572 4099 non
1595 4041 1646 4099 est
1668 4038 1846 4114 θωρήσσειι,

652 4143 851 4217 θωρήσσεσθαι
884 4143 922 4206 σθ)
945 4144 1040 4207 initio
1064 4144 1255 4227 pertinuisse
1279 4141 1318 4206 ad
1341 4141 1408 4207 hos.
1433 4139 1563 4206 Reiohel
1587 4143 1778 4226 suspicatus
1802 4151 1848 4210 est

650 4270 727 4313 voce
750 4249 843 4324 θώρηξ
862 4248 900 4313 σθ)
921 4251 1046 4335 origine
1064 4247 1229 4334 quodlibet
1247 4251 1385 4333 corporis
1406 4247 1600 4333 praesidium
1621 4250 1847 4334 significatum

650 4376 727 4420 esse.
760 4354 850 4435 Quod
881 4376 955 4419 cum
990 4358 1038 4420 vir
1060 4354 1171 4420 doctus
1195 4358 1292 4420 etiam
1315 4354 1400 4439 apud
1424 4354 1603 4420 Homerum
1627 4375 1692 4418 usu
1719 4362 1848 4423 venisse

651 4468 790 4538 censeat,
823 4461 1020 4527 ostendimus
1052 4482 1148 4545 supra
1161 4459 1186 4540 ¹)
1213 4468 1246 4528 et
1269 4460 1396 4526 nullum
1421 4461 1504 4545 apud
1528 4459 1713 4525 Homerum
1738 4462 1847 4530 locum

652 4590 719 4634 esee
750 4569 805 4633 ubi
835 4568 869 4633 id
892 4590 1017 4635 sumere
1040 4590 1195 4655 cogamur
1217 4575 1250 4633 et
1274 4574 1399 4634 tantum
1423 4590 1485 4632 uon
1509 4568 1659 4653 omnibus
1682 4567 1768 4637 locis
1792 4574 1848 4637 ubi

688 4813 713 4879 l)
734 4812 793 4861 Vide
810 4827 882 4880 cupra
899 4827 922 4879 p.
943 4811 997 4870 lot,
1015 4826 1039 4878 p.
1058 4810 1115 4870 120,
1132 4826 1155 4878 p.
1174 4811 1229 4861 124.
