4525 5950
539 668 581 732 54
1048 685 1217 735 nuomnus.

490 854 493 858 ’
582 851 662 916 Ibid.
688 851 723 917 O.
752 850 802 916 16.
836 852 959 915 ἐπειδθον
993 851 1022 914 δὲ
1054 851 1067 914 θ
1100 860 1155 925 τῆς
1190 857 1318 923 πομπῆς
1350 851 1449 926 ιιαιρθς
1475 850 1630 928 παρέλθῃ,
1655 872 1731 923 τηνι-

536 962 639 1019 καῦτα
672 957 802 1028 ἀποδοὺς
836 961 889 1027 τήν
922 958 1030 1028 σκευήν
1060 958 1113 1021 καὶ
1148 955 1381 1029 ἀποδυσάμενος
1408 958 1441 1021 rt
1466 963 1580 1034 σχῆμα
1605 959 1729 1038 [μετὰ

536 1068 604 1125 τοῦ
626 1064 827 1144 σώματος]
846 1060 974 1138 ὥσπερ
994 1061 1125 1142 (melius
1148 1060 1283 1140 ὅσπερ)
1306 1058 1336 1133 ήν
1360 1060 1490 1136 ἐγένετο.
1516 1059 1731 1148 Comparatur

536 1168 602 1230 vite
634 1167 802 1231 hominum
834 1189 909 1231 oum
932 1187 1050 1252 pompa
1072 1165 1221 1231 sollemni
1229 1188 1237 1244 ;
1264 1167 1319 1230 ubi
1343 1167 1382 1230 ed
1406 1166 1501 1231 finem
1525 1162 1729 1251 propositum

535 1292 571 1336 ee
595 1276 756 1356 pervenit,
782 1272 938 1338 reddenda
960 1282 1037 1336 sunt
1061 1277 1265 1348 omamenta‚
1290 1292 1371 1356 quae
1395 1275 1529 1357 quisque
1552 1293 1570 1336 e
1590 1273 1730 1359 chorago

535 1383 703 1442 mutuatus
734 1385 819 1456 eret,
851 1384 888 1442 ut
910 1378 997 1443 idem
1022 1377 1076 1443 fiat
1100 1381 1156 1463 qui
1180 1393 1253 1442 ante
1276 1399 1428 1463 pompam
1451 1378 1574 1443 fuisset.
1600 1380 1728 1443 Mortem

535 1504 621 1560 esse,
652 1504 732 1568 quae
763 1483 913 1549 ducentes
936 1482 1108 1569 despoliet,
1134 1483 1333 1569 significatur
1357 1484 1502 1568 quidem,
1528 1483 1583 1549 sed
1605 1488 1668 1562 ite,
1695 1494 1731 1550 ut

534 1591 644 1675 imago
667 1611 803 1674 pompae
827 1589 885 1655 ille
904 1612 965 1655 non
986 1590 1194 1667 discutiatur3
1216 1590 1300 1676 quod
1319 1590 1460 1667 fecitis,
1482 1593 1536 1675 qui
1549 1590 1731 1676 explicandi

534 1715 629 1760 eausa
649 1719 695 1769 με
707 1697 753 1759 τοὶ
774 1701 841 1759 τοῦ
863 1696 1049 1770 σώματος
1070 1696 1241 1760 infeliciter
1261 1695 1394 1760 addidit.
1415 1695 1496 1760 Uter
1514 1696 1574 1761 hoe
1594 1696 1680 1775 loce,
1694 1704 1731 1762 ut

535 1800 756 1886 Xenophontis
788 1802 948 1866 Anabaein
972 1800 1131 1888 persimili
1154 1801 1371 1866 additamento
1393 1799 1538 1866 liberem.
1571 1802 1731 1867 Scribitur

535 1906 579 1984 (3.
593 1906 624 1970 2.
639 1906 713 1984 20):
738 1904 764 1971 ol
788 1905 919 1971 εἴσονται
944 1905 989 1972 θτι
1016 1909 1068 1971 ἐάν
1094 1931 1121 1970 τι
1144 1908 1209 1986 περὶ
1232 1909 1314 1981 ήμῖος
1337 1906 1559 1983 ἁμαρτάνωσι,
1581 1909 1647 1982 περὶ
1670 1912 1728 1980 τοὶς

535 2013 649 2075 ἑαυτῶν
669 2013 810 2090 ψυχας
832 2015 898 2075 ναὶ
920 2015 1092 2087 σώματα
1115 2013 1442 2091 ἁμαρτήσονται.
1468 2013 1657 2099 Ingeniosus
1677 2015 1729 2080 hio

534 2126 582 2182 est
614 2116 794 2183 Germanus
824 2119 936 2195 editor,
968 2121 1024 2204 qui
1054 2120 1201 2203 quamvis
1232 2121 1267 2181 in
1298 2120 1465 2204 angustias
1488 2119 1646 2184 adductus
1670 2124 1729 2197 sit,

534 2233 641 2289 tamen
665 2244 780 2289 menue
799 2246 860 2289 non
881 2225 953 2300 det,
975 2224 1028 2289 sed
1048 2223 1215 2288 audacter:
1241 2224 1313 2293 τοὶς
1338 2227 1499 2302 ψυχας,
1518 2224 1569 2287 die
1584 2228 1729 2306 pete‘dtet,

536 2330 727 2406 σώματα,
760 2331 810 2393 die
837 2330 994 2411 pepeieeelt
1023 2328 1194 2392 werdereff’
1220 2329 1408 2394 Invenietur
1431 2330 1565 2395 fortasse
1588 2351 1674 2394 unus
1698 2337 1729 2396 et

537 2435 629 2513 alter,
661 2438 713 2500 eui
743 2437 803 2500 hae
833 2438 980 2521 argutiae
1010 2438 1195 2520 imponent;
1228 2433 1396 2520 plerosque
1428 2436 1510 2500 mihi
1544 2456 1729 2502 essensuros

537 2540 658 2606 confido
690 2544 798 2626 spuria
820 2542 918 2606 verba
941 2541 1008 2604 καὶ
1033 2542 1205 2616 σώματα
1230 2561 1298 2606 esse
1322 2541 1510 2619 affirmanti,
1535 2563 1572 2606 eo
1596 2543 1729 2609 oonsilio

535 2669 553 2710 a
585 2646 768 2731 magistello
801 2644 908 2731 aliquo
940 2646 1064 2721 addite,
1096 2667 1136 2710 ne
1168 2649 1240 2731 quis
1271 2649 1381 2723 ψυχας
1413 2648 1526 2710 οιιοῖισοο
1548 2648 1730 2712 immortales

535 2752 743 2838 intelligeret.
775 2751 835 2817 Sed
866 2751 948 2815 nihil
982 2751 1039 2816 tali
1063 2750 1183 2816 auxilio
1204 2751 1405 2837 indigemus:
1430 2751 1642 2818 Homericum
1667 2759 1730 2829 ψιν

533 2861 613 2937 χὰς
651 2857 899 2937 παρθέμενοι
937 2878 1047 2922 omnes
1081 2853 1206 2920 ἔναυλον
1241 2856 1397 2920 habemus
1428 2863 1460 2920 et
1491 2860 1611 2922 seimus
1643 2858 1728 2924 hune

533 2961 683 3029 vocabuli
717 2983 813 3026 usum
848 2983 905 3049 per
939 2964 1047 3027 omnia
1081 2960 1207 3028 saecula
1242 2968 1454 3049 propagatum
1490 2963 1599 3028 fuisse.
1644 2963 1727 3032 cum

533 3068 694 3153 quotidie,
727 3090 789 3133 non
814 3072 882 3132 sine
906 3068 1091 3144 offensione,
1116 3070 1286 3132 innumera
1311 3089 1329 3132 a
1353 3071 1432 3132 viris
1456 3068 1557 3134 doetis
1580 3076 1614 3135 et
1636 3074 1729 3136 semi·

533 3174 635 3238 doetis
659 3176 801 3258 expungi
826 3174 918 3238 video
941 3172 1065 3238 nullam
1090 3171 1186 3237 aliam
1211 3174 1251 3237 ob
1271 3194 1399 3238 eausam
1418 3195 1514 3258 quam
1534 3175 1620 3259 quod
1640 3176 1729 3241 salva

533 3281 691 3343 sententie
725 3281 835 3343 omitti
869 3287 1018 3363 possunt,
1060 3299 1255 3364 magnopere
1289 3281 1390 3343 miror
1421 3286 1488 3343 tam
1520 3281 1727 3346 manifestum

534 3383 695 3449 emblema
719 3404 844 3460 omnes,
868 3390 1027 3469 quantum
1050 3386 1134 3460 soie,
1159 3384 1198 3448 ed
1221 3383 1307 3449 huno
1331 3384 1417 3449 diem
1439 3384 1599 3451 fefellisse.

579 3599 717 3666 Charon.
742 3597 777 3665 C.
804 3600 832 3664 l.
859 3600 872 3664 θ
899 3599 929 3663 δὲ
953 3598 1099 3675 θξθθυμθς
1126 3600 1191 3664 ἐστι
1216 3602 1268 3664 καὶ
1293 3600 1376 3666 δέδια
1401 3603 1445 3677 μή
1465 3603 1667 3680 βραδύναντά
1688 3631 1727 3682 με

534 3702 602 3769 θλον
628 3706 769 3780 ὑμέτερον
795 3705 894 3782 leion
918 3700 1012 3781 εἶναι,
1038 3706 1247 3785 παραδοὺς
1272 3709 1321 3783 τῷ
1346 3706 1462 3788 ζθΦιρ.
1494 3707 1530 3772 Id
1554 3710 1638 3793 quod
1663 3733 1728 3776 sen·

534 3814 634 3876 tentia
668 3811 795 3896 flegitet
830 3813 977 3886 ποιήσή
1012 3831 1048 3875 eo
1082 3810 1292 3876 confidentius
1328 3834 1462 3898 repono,
1498 3814 1583 3897 quod
1615 3817 1726 3882 eedem

532 3917 610 3981 haee
643 3917 739 3981 verba
769 3936 787 3980 e
818 3914 958 3979 librariis
990 3915 1121 3980 oonfuse
1154 3924 1229 3980 sunt
1259 3921 1292 3981 in
1322 3917 1405 3982 Diel.
1437 3918 1476 3983 D.
1505 3918 1588 3984 Mer.
1615 3920 1647 3998 6,
1673 3925 1728 3987 ubi

534 4044 589 4107 pro
621 4042 674 4097 eo,
707 4021 790 4105 quod
823 4020 924 4105 vulgo
958 4020 1128 4085 edebatur:
1162 4023 1266 4097 πηγήν
1299 4023 1453 4096 ἐπώνυμον
1476 4047 1521 4086 σοι
1546 4026 1727 4097 ἀναδοθῆναι

533 4127 636 4190 ἐάσω
669 4147 688 4189 e
720 4125 833 4190 multis
867 4131 1016 4201 ποιήσω
1050 4130 1227 4191 correctum
1260 4134 1317 4192 est.
1351 4128 1429 4193 Mox
1454 4132 1481 4193 si
1504 4135 1589 4195 reete
1612 4132 1729 4211 didici,

532 4230 1729 4321 quidistereeeaaeteeevettexeranetemintereit,preeetere

532 4336 685 4401 dixerim:
710 4339 754 4410 μή
780 4337 1008 4416 ἐγκαταλθπής
1032 4362 1084 4412 με.

577 4543 658 4609 Ibid.
683 4541 718 4610 G.
744 4544 775 4608 3.
799 4547 884 4608 κατὰ
905 4545 1010 4607 ταῦτοὶ
1032 4544 1066 4615 δή
1088 4546 1199 4609 καὶσὺ
1221 4551 1377 4620 πρᾶττε
1398 4548 1496 4612 θπθσα
1518 4555 1618 4619 καλῶς
1643 4549 1730 4632 ἔχειν

530 4649 658 4731 νομίζεις
693 4652 877 4727 κυβερνήτης
912 4655 962 4714 νῦν
994 4675 1032 4725 γε
1061 4649 1115 4713 ὤν·
1142 4652 1202 4726 ἐγὼ
1228 4653 1273 4729 δέ,
1299 4651 1398 4732 ὥσπερ
1423 4656 1591 4731 ἐπιβάταις
1617 4659 1729 4738 νόμος,

530 4767 627 4837 σιωπή
659 4757 844 4832 καθεδοῦμαι
869 4756 1003 4819 ποὶντα
1030 4758 1268 4833 πειθόμενος
1296 4762 1511 4825 κελεύοντι
1534 4786 1604 4827 σοι.
1631 4766 1732 4832 Prae·
