4525 5950
961 700 1106 748 aturrus.
1580 683 1624 748 ort

433 871 531 947 hum,
556 867 646 933 nullo
671 869 793 933 obiecto
816 866 940 943 addito,
961 888 1036 931 cum
1055 865 1137 931 nihil
1156 869 1199 930 sit
1217 868 1250 930 in
1269 867 1387 930 vicinia
1405 867 1488 952 quod
1508 866 1621 931 obiecti

434 979 505 1040 vice
540 975 634 1061 fungi
665 977 781 1059 possit,
813 995 891 1037 num
923 973 1097 1057 quidquam
1127 972 1306 1059 significare
1337 978 1439 1058 potest
1462 973 1545 1059 quod
1571 973 1623 1036 hic

434 1078 637 1168 requiratur?
661 1080 705 1144 Ut
728 1080 817 1145 locus
841 1079 939 1143 simul
962 1079 994 1142 et
1018 1079 1100 1144 lacer
1123 1079 1155 1143 et
1178 1083 1284 1164 inepta
1303 1078 1448 1144 laborans
1467 1079 1628 1143 abundau-

433 1192 496 1265 tia,
523 1193 697 1263 sanaretur,
722 1190 789 1251 iam
812 1192 885 1251 ante
909 1194 1031 1270 septem
1055 1184 1432 1265 annostMnem.1894)
1456 1187 1537 1250 hano
1556 1207 1627 1272 pro-

433 1297 529 1380 posui
552 1293 739 1359 lectionem:

484 1450 514 1479 „.
530 1450 537 1465 .
552 1448 582 1465 ..
606 1399 730 1486 obligat
760 1420 875 1476 venas,
906 1405 1114 1484 precatusque
1144 1419 1200 1484 per
1223 1397 1384 1464 codicillos
1407 1398 1539 1476 ueniam,
1563 1400 1623 1462 im·

431 1510 510 1572 miti
535 1528 682 1593 responso
705 1504 859 1571 resolvit”

480 1635 582 1699 neque
606 1634 689 1677 nunc
712 1634 764 1677 me
791 1614 859 1677 eius
884 1613 1036 1698 poenitet.

482 1829 520 1890 A.
546 1824 599 1903 Vl,
626 1825 678 1889 15.
711 1824 858 1890 Tiberius
888 1823 1038 1910 neptibus
1065 1825 1132 1887 suis
1156 1825 1288 1888 maritos
1311 1822 1393 1910 legit
1416 1823 1452 1889 h.
1478 1821 1627 1891 Gessium

438 1944 471 1997 et
503 1931 550 1996 M.
574 1930 753 2007 Vinicium,
787 1951 925 2016 quorum
955 1929 1025 2005 hic,
1059 1935 1169 2016 utpote
1201 1929 1300 1994 nobili
1330 1951 1446 2016 genere
1477 1937 1565 1994 ortus
1596 1936 1628 1994 et

433 2037 587 2115 Calibus,
618 2039 651 2102 in
680 2039 856 2122 municipio
880 2035 1106 2101 florentissimo
1131 2043 1163 2100 et
1186 2034 1418 2122 elegantiarum
1442 2035 1554 2122 pleno,
1578 2056 1631 2100 na·

433 2152 508 2220 tus,
540 2144 622 2207 mito
652 2149 721 2208 erat
750 2143 870 2224 tapecia
896 2149 928 2208 et
951 2147 1098 2227 comptae
1121 2142 1296 2208 facundiae.
1322 2141 1450 2208 Cassius
1472 2143 1562 2208 nohis
1585 2145 1629 2208 sic

434 2251 646 2317 describitur:

488 2356 654 2433 „Cassius,
678 2355 795 2440 plebeii
818 2354 937 2419 Romae
961 2357 1103 2439 generis,
1123 2375 1238 2419 verum
1259 2357 1382 2440 antiqui
1405 2355 1626 2440 honoratique,

435 2469 470 2529 et
501 2483 611 2527 severa
640 2464 741 2547 patris
773 2459 941 2547 disciplina
964 2459 1113 2543 eductus,
1138 2460 1293 2526 facilitate
1315 2464 1441 2546 saepius
1463 2483 1560 2548 quam
1583 2464 1629 2527 in·

434 2569 563 2634 dustria
585 2566 899 2632 commendabatur.’'

483 2674 520 2739 ln
553 2673 706 2739 vocabulo
737 2673 858 2755 saepiae
882 2673 990 2738 haeret
1014 2672 1243 2758 Nipperdeius‚
1268 2674 1352 2759 quod
1375 2681 1458 2740 recte
1480 2695 1537 2759 pro
1555 2674 1631 2757 plue

434 2783 513 2869 poni
537 2802 627 2866 posse
650 2802 711 2845 non
736 2779 846 2845 credit.
871 2782 915 2844 At
937 2780 996 2844 hoc
1021 2779 1151 2866 quidem
1174 2779 1266 2845 facile
1289 2781 1371 2858 fero,
1395 2781 1449 2847 sed
1472 2787 1540 2846 tota
1564 2802 1630 2846 sen-

434 2891 540 2954 tentia
571 2886 776 2953 vehementer
810 2887 893 2951 mihi
924 2885 1082 2974 displicet.
1119 2885 1197 2967 Quis
1227 2890 1313 2952 enim
1346 2888 1384 2952 de
1415 2886 1628 2964 adolescente,

431 3015 533 3081 quem
556 2995 651 3059 modo
669 2993 785 3080 legerit
808 3016 906 3058 revere
925 2993 1114 3072 educatum,
1135 2995 1231 3079 paulo
1251 2999 1323 3080 post
1342 3002 1629 3061 commemoratum

429 3106 475 3168 iri
509 3107 670 3188 exspectet
693 3102 857 3186 facilitate
888 3123 964 3167 eum
995 3102 1257 3167 commendatum
1286 3101 1374 3168 esse?
1405 3103 1529 3169 Mirum
1552 3124 1628 3189 ergo

431 3214 567 3296 paterna
599 3212 750 3273 severitas
775 3207 922 3273 effectum
946 3206 1077 3273 hahuit!
1101 3208 1185 3290 Quid
1209 3209 1292 3294 quod
1317 3211 1480 3292 oppaaa'far
1502 3213 1531 3276 ei
1555 3211 1628 3275 ado·

431 3316 577 3389 lescens,
608 3317 700 3380 cuius
732 3312 825 3400 plane
857 3315 1000 3380 diversae
1025 3316 1145 3380 fuerint
1167 3318 1257 3403 origo
1281 3315 1505 3402 educatioque,
1530 3337 1626 3402 quem

433 3442 514 3508 ergo
537 3419 629 3507 plane
653 3420 746 3486 aliter
769 3421 866 3486 fuisse
889 3429 1051 3486 moratum
1075 3426 1116 3486 sit
1140 3430 1398 3487 consentaneum.
1423 3424 1465 3485 At
1488 3423 1540 3487 hic
1563 3423 1626 3486 fuit

433 3527 519 3591 mitia
542 3528 671 3608 inperio.
696 3526 783 3613 Ergo
807 3527 859 3592 hic
882 3530 966 3592 iuter
988 3549 1021 3592 se
1045 3535 1234 3609 opponantur
1258 3531 1357 3605 „mite
1379 3526 1569 3614 ingenium”
1594 3534 1626 3592 et

434 3681 558 3710 .....
562 3632 731 3710 facilitas’',
762 3653 842 3718 quae
867 3654 929 3697 von
953 3653 1082 3717 prorsus
1105 3633 1192 3697 idem
1215 3632 1384 3720 significat.
1410 3631 1625 3699 Credamusne

432 3760 579 3824 unquam
611 3736 759 3804 Tacitum
787 3741 820 3801 in
845 3737 1059 3823 componendo
1084 3738 1339 3824 disponendoque
1363 3745 1430 3804 tam
1453 3740 1551 3805 fuisse
1574 3738 1626 3805 vel

431 3844 655 3931 negligentem
691 3843 742 3909 vel
780 3841 963 3909 infeliceml
1002 3844 1161 3929 Equidem
1196 3844 1383 3910 crediderim
1413 3848 1520 3930 potius
1551 3867 1625 3924 eum

431 3951 531 4019 alteri
560 3949 754 4016 adolescenti
784 3950 823 4015 de
853 3972 910 4015 suo
940 3950 1108 4016 adfluxisse
1139 3972 1259 4028 mores,
1289 3950 1462 4017 dummodo
1485 3954 1530 4017 sic
1553 3974 1627 4017 nan·

432 4061 608 4123 cisoeretur
633 4078 714 4141 quae
738 4063 822 4122 recte
846 4056 1072 4142 eleganterque
1095 4061 1180 4123 inter
1203 4079 1236 4122 se
1260 4065 1503 4143 opponerentur,
1528 4080 1625 4144 quam

431 4168 468 4228 in
506 4163 593 4227 huno
627 4162 775 4229 incidisse
810 4165 942 4228 vitiosae
978 4166 1129 4228 orationis
1164 4163 1342 4249 scopulum.
1377 4163 1464 4250 Ergo
1499 4170 1625 4230 tantum

431 4271 524 4336 abest
546 4277 583 4334 ut
606 4290 680 4334 cum
703 4269 897 4355 Nipperdeio
916 4271 990 4352 plue
1014 4291 1070 4355 pro
1092 4271 1212 4352 saepiae
1231 4270 1449 4356 reponendum
1469 4292 1623 4346 censeam,

433 4386 472 4440 ut
493 4380 686 4440 contrarium
707 4383 898 4461 exspectem.
920 4375 992 4440 Non
1010 4382 1116 4439 tamen
1137 4377 1238 4439 raaia
1257 4376 1310 4441 vel
1329 4376 1485 4441 eiusmodi
1503 4376 1624 4462 aliquid

431 4504 492 4569 pro
524 4484 644 4564 saepiae
674 4482 846 4569 legendum
880 4485 1030 4560 coniicio;
1060 4482 1179 4547 leniore
1203 4482 1360 4547 medicina
1383 4486 1509 4548 restitui
1534 4505 1624 4568 posse

430 4592 556 4675 opinor,
580 4589 665 4674 quod
687 4590 725 4654 ab
750 4592 838 4653 omni
862 4598 951 4674 parte
971 4589 1185 4674 probandum,
1205 4587 1377 4673 tacitoque
1397 4589 1639 4675 dignissimum,

431 4699 487 4760 sit.
520 4694 680 4760 Vocabula
702 4698 788 4759 enim
806 4695 970 4779 facilitate
992 4702 1024 4760 et
1047 4696 1199 4759 industria
1223 4696 1330 4760 sedem
1353 4699 1436 4760 inter
1460 4718 1492 4760 se
1516 4698 1625 4761 iubere

431 4802 544 4866 iubeo:
572 4801 749 4876 „industria
774 4803 901 4885 saepius
924 4821 1020 4887 quam
1043 4800 1196 4866 facilitate
1215 4802 1531 4867 commendabatur.”
1555 4802 1625 4870 Hoc
