4525 5950
539 657 602 723 160
1068 672 1189 724 ersus.

535 842 566 907 δὲ
597 844 640 914 μη
672 842 744 917 πρός
769 841 874 917 όροοόιον
898 842 1164 918 θνπιποιροισνιενὴν
1186 841 1349 919 eiuraret,
1374 838 1391 903 3
1397 864 1469 904 σοιν
1493 842 1576 916 μήτε
1600 839 1730 918 βουλειν

535 955 623 1027 τηρόῳ
653 947 693 1012 et
717 947 866 1027 χρώμενοι
892 948 1090 1027 caramuel
1115 971 1144 1010 τι
1171 945 1258 1021 After
1285 947 1526 1025 ἐπισελῶσι,
1551 947 1672 1013 πάντες
1697 969 1731 1008 σε

535 1055 682 1133 ἰσόψηφοι
706 1053 788 1122 όνπερ
809 1091 839 1101 -
853 1091 887 1101 -
904 1055 937 1118 πό
960 1054 1012 1129 ἐφ’
1034 1054 1140 1118 ἑοιιιπόν
1161 1048 1290 1122 ἕκαστος
1311 1053 1495 1133 restim,
1516 1053 1631 1136 hisque
1649 1073 1732 1138 quse

535 1164 646 1225 statim
678 1168 872 1245 sequuntur:
906 1159 1054 1234 μέγιστον
1086 1160 1115 1222 bi
1148 1169 1185 1239 πῇ
1218 1162 1276 1222 πῶν
1301 1159 1471 1239 χρημάτων
1496 1160 1607 1222 σπάνει
1633 1158 1732 1221 κωλύ-

536 1291 657 1342 σονπιιι,
685 1261 780 1328 θτοιν
805 1275 905 1344 σχολῇ
931 1267 1013 1328 αὐτοὶ
1039 1264 1224 1344 ποριζόμενοι
1249 1265 1519 1339 όιοιριθλλιοσι.
1541 1263 1622 1341 (142
1643 1260 1733 1349 §itt

533 1373 657 1457 Nempe
681 1372 766 1457 qnod
790 1392 886 1456 supra
910 1372 948 1434 de
969 1369 1196 1456 particulata
1218 1374 1345 1446 monui,
1369 1371 1455 1435 idem
1472 1370 1560 1436 valet
1579 1370 1619 1435 de
1640 1366 1732 1432 b'rav:

534 1486 583 1544 est
606 1500 697 1555 cnm,
722 1477 913 1563 respondens
937 1477 999 1541 sere
1023 1477 1138 1542 Latino
1162 1478 1213 1540 att
1233 1477 1285 1542 vel
1305 1478 1561 1562 quandoquidem,
1583 1476 1731 1542 medium

535 1584 769 1670 quodammodo
788 1583 895 1648 locum
916 1590 1049 1668 occupet
1068 1587 1153 1647 inter
1172 1583 1382 1669 temporalem
1403 1592 1435 1648 et
1454 1583 1616 1649 causalem
1635 1586 1735 1668 signi·

535 1692 714 1755 ficationem
731 1691 763 1766 ¹).
785 1690 953 1754 Praeterea
970 1691 1131 1773 improbat
1152 1679 1324 1769 πορίζεσθαι
1345 1691 1377 1774 (§
1390 1688 1426 1753 3:
1449 1689 1499 1753 ἵνοι
1519 1692 1562 1764 μή
1584 1713 1632 1758 τις
1651 1691 1733 1762 ὑμῶν

536 1796 627 1874 σόχιι
648 1797 682 1868 δη
707 1795 821 1871 βοηθῶν
842 1788 885 1865 οἷς
906 1794 1099 1870 ἐξημάρτηκε
1122 1797 1277 1871 πρόφασιν
1297 1797 1457 1870 πορίσηται
1480 1804 1534 1867 τῆς
1556 1794 1734 1872 ἁμαρτίας)

465 1986 468 1990 Δ
536 1900 768 1986 significatione
799 1903 919 1977 activa,
954 1903 1034 1976 „wie
1059 1901 1108 1964 bei
1132 1900 1288 1987 Polybius
1312 1900 1450 1965 aueret.’'
1476 1902 1520 1964 At
1543 1901 1623 1965 duos
1648 1922 1734 1965 com-

537 2009 642 2070 mittit
672 2008 704 2069 in
735 2027 797 2069 uno
821 2005 974 2070 vocabulo
999 2006 1135 2070 notando
1158 2027 1288 2071 errores.
1313 2007 1509 2071 Sententiam
1534 2006 1733 2091 inpeditam,

536 2120 713 2176 contortam
737 2119 821 2175 certe
844 2119 876 2174 et
900 2110 1063 2186 diffusam,
1088 2112 1205 2176 frustra
1229 2113 1377 2197 expedire
1401 2115 1506 2177 conati
1530 2118 1607 2176 sunt
1631 2109 1733 2177 Cobe-

536 2234 605 2292 tus,
637 2216 850 2290 Kirchnerus‚
882 2215 1064 2292 Scheibius;
1096 2217 1216 2281 urendo
1247 2227 1281 2281 et
1312 2217 1446 2282 secando
1470 2217 1537 2292 illi,
1563 2216 1734 2282 Scheibius

535 2325 717 2386 coniectura
741 2329 772 2386 et
795 2324 1057 2406 interpretatione
1081 2325 1263 2407 argutione,
1285 2331 1321 2387 ut
1341 2324 1422 2387 mihi
1442 2323 1573 2408 quidem
1592 2322 1733 2398 videtur,

536 2448 632 2512 quam
665 2430 788 2491 veriore
802 2425 838 2501 ²).
873 2429 1024 2491 Attamen
1054 2430 1088 2490 in
1119 2429 1343 2492 incertioribus
1374 2432 1487 2493 ceteris
1517 2428 1576 2493 boc
1606 2434 1733 2493 certum

536 2542 602 2607 est,
635 2534 756 2615 opinor,
790 2534 844 2617 agi
874 2532 926 2596 hic
958 2532 996 2596 de
1027 2540 1209 2617 praetextu,
1234 2555 1331 2618 quem
1356 2555 1394 2597 ex
1418 2536 1597 2598 amicorum
1621 2532 1734 2597 infido·

536 2660 610 2702 rum
647 2675 688 2686 —
725 2648 763 2702 ut
801 2641 846 2702 ait
884 2637 940 2702 ille
976 2674 1014 2686 -
1046 2660 1179 2704 numero
1217 2638 1334 2723 aliquis
1372 2639 1431 2702 eibi
1469 2642 1646 2723 quaesivit,
1680 2637 1733 2703 vel

537 2751 738 2809 commentus
770 2752 836 2821 eet,
865 2766 928 2827 quo
956 2766 1053 2808 suum
1079 2757 1322 2829 ceterorumque
1348 2748 1382 2809 in
1411 2752 1550 2810 actorem
1575 2744 1732 2810 delictum

536 2852 675 2936 obtegat.
696 2849 765 2929 Quo
785 2853 887 2936 igitur
908 2850 969 2915 alio
990 2852 1080 2915 verbi
1098 2872 1215 2936 genere
1237 2857 1348 2916 utatur
1367 2861 1473 2915 orator
1493 2871 1591 2934 qnam
1605 2849 1732 2917 medio?

535 2956 645 3041 Neque
670 2957 729 3022 hoc
755 2979 883 3034 verum,
910 2957 1081 3038 πορίζεσθιιι
1105 2958 1250 3023 medinm
1274 2958 1359 3044 aputl
1383 2956 1557 3045 Polybium
1588 2961 1731 3043 primum

531 3065 681 3127 inveniri.
713 3062 819 3128 Facile
851 3070 899 3127 eet
922 3062 1069 3148 exempla
1092 3063 1266 3129 cumulare.
1292 3063 1354 3129 Sed
1378 3067 1506 3128 omissis
1532 3068 1729 3130 comicorum

532 3167 612 3232 locis
631 3190 800 3253 provocare
819 3168 930 3233 licebit
951 3169 989 3232 ad
1009 3169 1235 3234 Demosthenis
1260 3169 1329 3233 Orr.
1355 3168 1478 3234 XXXV
1500 3169 1573 3253 §41
1601 3171 1730 3249 (Λάκρι-

482 3261 486 3270 ’
535 3298 584 3343 τος
606 3312 683 3321 --
702 3275 868 3349 ἡγούμενος
894 3275 983 3343 δεινός
1010 3271 1087 3338 εἶναι
1115 3279 1165 3337 καὶ
1189 3276 1293 3357 ῥᾳδίως
1320 3276 1469 3351 λόγους
1494 3278 1729 3352 ποριεῖσθαι

535 3381 601 3454 περὶ
627 3381 736 3443 &itaer
761 3380 984 3459 πραγμάτων)
1009 3388 1040 3443 et
1059 3378 1129 3443 LVI
1150 3379 1223 3464 §49
1244 3382 1282 3459 (ri
1304 3380 1407 3455 μέντοι
1430 3380 1555 3456 ἐξέσται
1577 3390 1640 3451 σοῖς
1664 3405 1732 3443 νιν-

535 3487 652 3561 κνιηροις
666 3522 695 3533 -
711 3522 742 3532 -
757 3485 910 3560 sardam
934 3487 987 3557 πην
1012 3491 1085 3548 νοῦν
1104 3488 1147 3554 εἷς
1167 3484 1257 3563 ἕτερον
1278 3487 1421 3566 ἐμπόριον,
1434 3523 1464 3534 -
1480 3524 1511 3533 -
1525 3510 1585 3550 σοι
1598 3511 1618 3548 a
1629 3488 1646 3550 ύ
1658 3511 1729 3557 τις

543 3638 736 3647 ——--—--.-

570 3715 596 3775 l)
620 3714 704 3777 Itaque
727 3712 788 3761 nihii
812 3728 895 3761 censae
917 3717 969 3761 erat
991 3728 1034 3761 cnr
1060 3713 1235 3762 Herwerdenus
1251 3713 1380 3761 coniiceret
1396 3711 1450 3761 θπι
1471 3709 1665 3760 τοθνοιντόον
1683 3712 1729 3766 τῆς

535 3791 636 3846 inertior
653 3804 720 3849 ›rr-t„
737 3795 781 3843 boc
798 3809 853 3842 eum
874 3793 979 3842 ilobraeo
997 3795 1082 3855 (Adra.
1101 3794 1114 3841 I
1132 3811 1154 3858 p.
1173 3795 1220 3842 203
1235 3816 1258 3836 =
1273 3794 1342 3858 207).

568 3880 595 3930 2,
621 3876 697 3925 Verba
721 3875 796 3939 πθχοι
819 3874 847 3931 δὴ
872 3875 962 3935 βοηθῶν
985 3875 1077 3924 delebat
1099 3875 1202 3924 Cebetas
1226 3877 1280 3938 (Or.
1300 3877 1416 3942 stus-1¹
1443 3876 1489 3923 86:
1509 3876 1571 3925 ‚tuit
1588 3876 1631 3940 qui
1649 3876 1728 3924 deesse

535 3959 625 4021 eliquitl
641 3963 748 4022 putaret;
765 3958 891 4021 adscripsit
904 3957 979 4020 igitur
994 3955 1069 4018 τθχοι
1083 3954 1112 4011 δὴ
1127 3956 1217 4015 βοηθῶν
1235 3959 1356 4018 ‚sortasse
1371 3956 1478 4017 βοηθιῖν”
1493 3973 1579 4022 nempe
1593 3958 1728 4006 addentium

535 4040 572 4089 vel
590 4036 800 4100 restituendum.”)
816 4043 848 4085 st
861 4038 898 4086 his
914 4038 1008 4085 resectis
1022 4038 1078 4101 quiri
1093 4038 1138 4085 sibi
1153 4037 1211 4086 velit
1225 4038 1265 4086 tta
1278 4036 1313 4097 μή
1327 4055 1367 4095 τις
1377 4037 1444 4097 ὑμῶν
1458 4034 1506 4096 οἷς
1520 4036 1728 4102 ἐξημάρτηκε

535 4123 696 4181 πρόφασιν
714 4119 888 4180 πορίσηται
906 4120 964 4175 τῆς
981 4118 1159 4179 ἁμαρτίας,
1177 4120 1286 4183 equidem
1305 4135 1352 4168 non
1368 4121 1443 4182 megia
1460 4125 1557 4184 expeto.
1580 4120 1729 4169 Xircbneruo

534 4208 618 4252 contre
636 4204 682 4258 τῆς
699 4200 825 4260 spamae
841 4200 981 4257 damnabat,
998 4202 1061 4262 qnod
1080 4205 1104 4248 et
1121 4201 1200 4248 hiatus
1217 4200 1263 4263 legi
1282 4201 1401 4249 adversari
1419 4202 1519 4250 iortuse
1536 4203 1664 4251 dicendum
1683 4204 1730 4251 erit

534 4284 651 4348 (seqnitur
666 4289 717 4331 tum
733 4280 849 4343 εἰσόπιν),
863 4287 896 4338 et,
907 4283 969 4344 qnod
980 4282 1075 4329 maioris
1085 4287 1120 4329 est
1129 4282 1244 4330 momenti
1253 4320 1259 4341 ,
1269 4283 1409 4347 primariam
1418 4283 1583 4332 difficultatem
1595 4301 1641 4333 nou
1654 4285 1728 4333 tollit.

535 4367 623 4416 Riectie
639 4366 702 4413 enim
721 4364 840 4411 vocabulis
856 4365 901 4419 τῆς
919 4362 1046 4423 θμοιρπόιις
1063 4364 1092 4411 ad
1110 4365 1232 4423 πρόφασιν
1251 4370 1329 4413 mente
1345 4366 1500 4429 repetendam
1513 4366 1561 4413 erit
1576 4359 1608 4412 clv
1624 4363 1730 4429 ἐξημάρ-

534 4465 596 4504 τηκε
619 4448 655 4495 vel
679 4444 783 4502 τούτων,
801 4461 847 4508 qno
865 4445 926 4492 iacto
945 4450 1050 4493 remanet
1068 4445 1153 4493 vitiosa
1170 4447 1308 4509 tentologia
1327 4447 1449 4495 Scheibius
1467 4446 1614 4510 corrigebat:
1634 4448 1677 4495 ἵνα
1693 4446 1729 4507 μή

535 4548 574 4587 τις
599 4527 674 4589 ὑμῶν,
698 4525 772 4588 τθχιι
795 4524 824 4581 θη
842 4524 931 4585 βοηθῶν
948 4523 1093 4584 (τούτοις)
1110 4528 1250 4589 (incusatis),
1270 4523 1305 4583 alc
1321 4528 1416 4590 (quibus
1434 4529 1513 4591 rebus)
1529 4528 1659 4590 ἡμάρτηκε
1677 4531 1729 4591 (sic)

534 4622 602 4667 xrs,
618 4627 664 4673 qne
681 4610 816 4656 coniectura
835 4606 900 4666 ὑμῶν
918 4607 946 4655 ι1ο
964 4623 1051 4655 corone
1068 4608 1231 4672 accipientium
1250 4610 1310 4666 erit,
1328 4615 1412 4658 contre
1428 4611 1553 4676 scriptoris
1571 4617 1686 4669 mentem,
1704 4612 1728 4659 ui

533 4693 612 4748 satior,
630 4697 653 4738 et
671 4689 811 4752 compositio
829 4688 934 4736 nascitur
950 4687 1010 4736 nulli
1028 4687 1119 4738 homini
1138 4691 1229 4738 Graeco
1248 4706 1322 4753 neque
1340 4690 1439 4754 probata
1456 4707 1531 4755 neque
1549 4692 1627 4758 primo
1643 4692 1729 4742 obtutu

534 4773 665 4822 intellecta.
