4525 5950
644 703 687 770 70
890 786 891 789 Ἴ
1170 718 1311 766 recines.

641 890 743 964 irent,
776 906 941 972 nunquam
972 888 1105 973 propius
1137 884 1283 950 accedere
1306 886 1485 971 potuissent
1507 881 1685 970 agricolae,
1713 879 1767 945 sed
1790 900 1834 944 ar·

643 994 751 1060 dorem
783 996 924 1058 vitantes
958 1014 1082 1078 semper
1116 990 1228 1057 eodem
1258 993 1450 1055 mansissent
1479 987 1660 1056 intervallo.
1699 988 1834 1052 Prorsus

643 1103 837 1166 contrarium
861 1121 938 1186 ergo
963 1100 1014 1164 hic
1037 1101 1212 1185 requiritur
1233 1118 1330 1182 quam
1353 1096 1437 1182 quod
1460 1105 1508 1162 est
1529 1095 1707 1173 traditum,
1730 1093 1836 1180 legen·

644 1206 785 1292 dumque
810 1206 1012 1270 recedentibus
1035 1204 1088 1272 vel
1112 1204 1320 1268 residentibus.

689 1427 727 1490 A.
747 1425 833 1502 XIV,
856 1424 885 1490 6.
912 1426 1090 1510 Agrippina
1112 1423 1244 1489 insidias
1267 1424 1328 1489 sibi
1346 1445 1365 1488 a
1385 1423 1450 1490 filio
1468 1426 1605 1488 structas
1625 1423 1752 1503 evadit,
1774 1444 1838 1489 uno

644 1537 751 1596 tamen
779 1537 909 1618 accepto
932 1531 1064 1596 vulnere
1087 1536 1175 1611 (nam
1199 1551 1232 1594 se
1253 1550 1312 1615 pro
1335 1529 1391 1595 illa
1413 1529 1589 1595 interficia
1613 1534 1725 1596 nautis
1748 1552 1840 1617 passa

644 1643 692 1703 est
715 1639 899 1716 Acerronia)
925 1642 1020 1722 atque
1044 1639 1078 1701 in
1100 1636 1212 1702 villam
1237 1656 1328 1701 suam
1351 1636 1504 1701 infertur:

690 1746 756 1822 „ibi
791 1751 943 1829 reputans
976 1743 1047 1808 ideo
1082 1764 1115 1808 se
1147 1741 1316 1808 fallacibus
1345 1742 1463 1808 litteris
1493 1745 1629 1807 accitam
1661 1742 1841 1809 ethonore

602 1891 606 1900 ·
641 1853 811 1937 praecipuo
834 1850 978 1914 habitam
1000 1897 1053 1913 ...
1075 1850 1242 1914 observans
1262 1851 1361 1913 etiam
1381 1850 1569 1915 Acerroniae
1587 1869 1720 1926 necem,
1741 1849 1841 1915 simul

644 1978 741 2022 suum
772 1954 889 2021 vulnus
919 1957 1091 2042 aspiciens,
1124 1954 1231 2020 solum
1260 1955 1451 2020 insidiarum
1481 1955 1660 2021 remedium
1692 1976 1782 2034 esse,
1814 1958 1840 2021 si

645 2084 705 2128 non
729 2061 994 2147 intellegerentur
1001 2083 1010 2140 ;
1036 2063 1189 2145 misitque
1211 2060 1366 2126 libertum
1391 2059 1572 2147 Agerinum
1596 2082 1622 2126 e.
1636 2081 1668 2146 q.
1682 2062 1732 2126 s.’'

690 2168 788 2234 Hiare
808 2169 904 2234 huius
923 2167 984 2233 loci
1005 2173 1202 2233 structuram
1222 2167 1344 2232 dudum
1364 2174 1412 2233 eet
1429 2166 1648 2246 intellectum
1671 2190 1753 2255 ergo
1771 2176 1841 2256 post

645 2276 888 2357 intellcqcrentar
903 2273 970 2353 (vel
983 2280 1054 2360 post
1065 2279 1141 2355 cese)
1152 2273 1208 2339 alii
1220 2273 1284 2338 alia
1295 2277 1496 2340 inseruerunt
1508 2274 1686 2360 (putavit'’,
1701 2275 1841 2352 „vidit’',

646 2381 813 2460 „sensit’').
844 2380 1003 2466 Equidem
1035 2378 1226 2466 particulam
1256 2403 1327 2465 quc,
1359 2382 1456 2446 verbo
1488 2381 1573 2467 qnod
1603 2386 1650 2445 est
1682 2381 1771 2446 misit
1793 2382 1842 2447 ad·

647 2489 830 2553 haerentem
854 2486 1027 2552 deleverim
1053 2493 1085 2551 et
1108 2494 1180 2571 post
1203 2485 1447 2569 intelleqercntur
1468 2489 1660 2552 inseruerim
1685 2494 1775 2552 rata:
1799 2491 1840 2552 sic

648 2594 777 2660 demum
803 2614 907 2659 sermo
929 2593 1076 2659 Taciteus
1099 2595 1228 2658 restitui
1252 2592 1389 2659 videtur.

695 2802 730 2864 Α.
756 2797 842 2876 XIV,
866 2797 897 2863 9.
930 2801 958 2862 A
988 2797 1241 2883 percussoribus,
1266 2819 1344 2883 quos
1367 2798 1452 2863 Nero
1475 2801 1632 2878 immisit,
1657 2803 1840 2889 Agrippina

646 2904 819 2971 occiditur:
1184 2974 1188 2982 ⁴

694 3011 864 3091 „Gramato
894 3017 942 3077 est
972 3015 1063 3077 nocte
1095 3011 1222 3089 eadem,
1255 3011 1416 3078 convivali
1438 3012 1520 3078 lecto
1542 3020 1575 3078 et
1600 3017 1748 3099 exequiis
1774 3015 1841 3081 vili·

647 3121 722 3197 bus;
756 3140 874 3204 neque,
906 3118 984 3183 dum
1015 3118 1099 3183 Nero
1130 3139 1237 3183 rerum
1262 3119 1453 3203 potiebatur,
1477 3128 1628 3206 congesta
1650 3129 1709 3187 aut
1734 3121 1839 3189 clause

647 3228 775 3292 humus.
804 3225 883 3291 Mox
908 3225 1157 3290 domesticorum
1178 3246 1254 3290 cura
1276 3224 1382 3291 levem
1405 3226 1571 3291 tumulum
1594 3232 1728 3313 accepit,
1756 3233 1837 3295 viam

646 3333 764 3397 Miseni
787 3339 916 3417 propter
940 3337 972 3396 et
995 3330 1105 3396 villam
1131 3328 1273 3398 (laeseris
1296 3331 1491 3397 dictatoris.'’

691 3439 742 3504 Ad
771 3436 854 3503 illud
885 3438 963 3501 eiam
996 3438 1110 3501 Miseni
1127 3445 1254 3520 propter
1276 3441 1338 3503 viri
1361 3438 1447 3503 docti
1470 3444 1640 3504 annotant:
1666 3440 1764 3505 litera
1791 3443 1838 3505 ca

649 3546 764 3609 lubrice
795 3551 899 3608 contre
932 3543 1003 3625 (III,
1031 3546 1063 3622 1)
1094 3549 1125 3609 11
1160 3544 1324 3607 cubiculum
1362 3546 1498 3608 Caesarie
1528 3545 1632 3623 iesca,
1669 3547 1726 3611 sed
1763 3549 1836 3611 eiam

649 3652 761 3717 Miseni
784 3673 848 3716 non
871 3672 939 3716 esse
963 3650 1057 3716 nihili
1080 3650 1275 3715 locutionem
1300 3652 1410 3717 docere
1431 3650 1653 3737 neglexerunt.
1679 3653 1837 3738 Equidem

646 3766 755 3827 autem
785 3757 868 3822 illud
899 3778 960 3823 non
990 3777 1169 3842 concoquo,
1194 3756 1248 3821 sed
1271 3757 1434 3823 lenissima
1457 3779 1575 3843 repono
1599 3761 1836 3826 emendatione:

649 3866 790 3944 „Miseni
813 3866 900 3928 viam
924 3862 1085 3949 propter'’‚
1109 3869 1147 3927 ut
1169 3863 1285 3927 Miseni
1308 3866 1350 3929 sit
1371 3864 1542 3930 locatirus.

694 4086 732 4150 Α.
759 4083 844 4161 XIV,
871 4084 923 4149 11.
957 4083 1088 4148 Mortua
1118 4085 1296 4170 Agrippina
1326 4083 1409 4149 Nero
1433 4083 1603 4169 epistolam
1627 4086 1668 4151 ad
1691 4095 1836 4155 senatum

650 4193 770 4268 mittit,
800 4212 861 4277 qua
893 4211 1001 4255 omnes
1032 4192 1101 4255 eius
1131 4190 1261 4255 insidias
1285 4191 1534 4257 machinationes
1557 4195 1837 4277 importunitates,

649 4318 726 4383 quas
748 4300 817 4382 ipse
838 4299 904 4362 iam
928 4299 1073 4382 princeps
1096 4305 1246 4382 expertus
1271 4300 1330 4374 sit,
1354 4304 1536 4363 enumerat:

696 4402 913 4489 „Temporum
936 4424 1061 4488 quoque
1081 4400 1332 4470 Claudianorum
1352 4403 1481 4489 obliqua
1499 4407 1709 4472 insectatione
1728 4416 1838 4473 cuncta

649 4512 718 4575 eius
741 4509 967 4575 dominationis
990 4507 1113 4596 flagitia
1136 4512 1170 4574 in
1193 4516 1330 4575 matrem
1355 4509 1539 4588 transtulit,
1565 4509 1695 4597 publica
1714 4513 1837 4580 fortuna

650 4618 823 4681 extinctam
853 4617 999 4681 referens.
1032 4615 1179 4701 Namque
1202 4623 1235 4682 et
1257 4617 1462 4704 naufragium
1484 4618 1647 4682 narrabat:
1673 4621 1761 4704 quod
1784 4622 1838 4687 for-

649 4727 773 4787 tuitum
795 4724 908 4800 fnisse,
934 4726 1006 4808 quis
1029 4723 1106 4787 adeo
1130 4723 1225 4788 hebes
1245 4726 1456 4802 inveniretur,
1482 4729 1519 4789 ut
1541 4723 1682 4789 crederet
1690 4723 1725 4789 1”

695 4828 781 4902 Male
815 4829 896 4895 duae
930 4829 989 4896 hae
1020 4832 1195 4898 sententiae
1225 4832 1310 4895 inter
1337 4851 1370 4896 se
1401 4831 1584 4909 cohaerent,
1613 4833 1723 4918 inepto
1755 4836 1837 4899 enim
