4525 5950
640 690 704 755 102
1008 705 1051 751 sn
1074 701 1306 751 arrsrorurnls
1329 701 1466 749 rnnrou.

635 872 823 935 recentiores
853 870 1059 955 grammatici
1090 870 1118 930 si
1151 890 1187 942 „e
1215 866 1305 929 Pluto
1320 865 1459 951 fabulo”
1483 864 1622 929 allatum
1645 866 1830 928 invenirent

635 975 763 1060 aliquod
795 975 985 1050 verbulum,
1019 973 1087 1037 fieri
1116 974 1169 1037 vir
1195 978 1321 1057 poterat
1344 974 1421 1057 quin
1445 971 1661 1053 Aristophanis
1685 969 1828 1035 fabulam

633 1081 730 1166 longe
762 1082 963 1146 notissimam
994 1078 1168 1164 significari
1191 1084 1349 1163 putarent.
1375 1074 1492 1142 Contra
1516 1079 1584 1142 veri
1607 1082 1657 1141 est
1680 1075 1830 1140 dissimil-

633 1188 753 1251 limum
787 1185 974 1263 „Pollucem
1008 1205 1065 1250 suo
1094 1186 1199 1268 ipsius
1230 1204 1335 1248 errore
1365 1181 1534 1249 Cratinum
1563 1184 1751 1247 nominasse
1774 1203 1828 1266 pro

634 1293 867 1376 Aristophana''
904 1294 1034 1369 (immo:
1078 1287 1202 1355 Cratini
1243 1288 1380 1353 Plutum
1418 1290 1600 1353 nominasse
1636 1309 1694 1373 pro
1730 1287 1825 1352 Pluto

633 1398 879 1482 Aristophanis).

680 1613 712 1691 7)
743 1613 906 1694 ἐμπαίζειν
937 1614 1073 1678 verbum
1104 1615 1208 1677 rarius
1238 1615 1395 1678 excitatur
1418 1635 1435 1678 e
1458 1611 1555 1677 Pluto
1579 1612 1699 1677 Aneod.
1726 1612 1825 1677 Behlr.

632 1743 662 1806 p.
686 1719 739 1783 95.
765 1719 896 1784 Frustra
921 1723 954 1783 in
978 1717 1084 1783 fabula
1108 1724 1217 1783 nostra
1240 1722 1429 1804 quaesieris,
1455 1725 1488 1783 at
1512 1724 1600 1783 extat
1623 1721 1658 1782 in
1676 1717 1824 1784 Thesmo-

633 1824 887 1911 phoriszusis1);
916 1846 978 1910 quo
1003 1824 1072 1890 loco
1098 1831 1166 1889 tam
1188 1825 1317 1889 insolite
1341 1832 1389 1889 est
1413 1824 1553 1901 dictum,
1577 1831 1614 1888 ut
1637 1833 1826 1909 corruptum

632 1932 787 1997 habeatur
806 1931 900 1996 bodie
923 1952 980 2016 pro
1004 1930 1199 2008 συμπαίζειν,
1223 1933 1269 1995 ita
1293 1938 1330 1995 ut
1354 1931 1446 1996 facile
1467 1932 1557 1995 nobis
1577 1930 1825 2015 persuadeamus

634 2040 732 2102 etiam
756 2036 835 2101 olim
859 2042 971 2101 notatu
995 2036 1131 2122 dignum
1154 2056 1222 2100 esse
1246 2039 1363 2101 visum.
1395 2035 1457 2101 Pro
1481 2034 1579 2101 Pluto
1601 2038 1707 2122 igitur
1731 2035 1825 2101 Thes-

634 2144 891 2227 mophoriazusas
915 2143 1050 2207 scribere
1073 2141 1207 2206 debebat
1230 2145 1472 2228 grammaticus.

680 2358 714 2438 8)
747 2361 903 2437 „iudicat
936 2358 986 2423 δννὶ
1019 2363 1072 2423 τοῦ
1104 2359 1143 2423 ῦ”
1168 2362 1201 2423 in
1226 2360 1446 2444 Aristophanis
1469 2358 1566 2425 Pluto
1590 2359 1657 2446 legi
1679 2363 1828 2445 perhibet

638 2468 871 2550 grammat-icus
893 2469 927 2529 in
951 2465 1052 2530 Belrh.
1077 2465 1194 2530 Anecd.
1219 2488 1249 2549 p.
1277 2464 1351 2529 113.
1376 2465 1465 2544 Quod
1490 2470 1527 2529 ut
1550 2466 1700 2532 credibile
1725 2467 1827 2533 videri

635 2574 753 2655 possit,
782 2591 949 2635 sumamus
973 2575 1096 2655 oportet
1119 2570 1266 2635 Ionicum
1289 2570 1430 2656 aliquem
1455 2571 1619 2636 hominem
1641 2570 1827 2656 loquentem

633 2674 701 2739 illic
733 2676 887 2761 prodiisse
899 2678 936 2755 ²).
969 2675 1031 2741 Sed
1060 2678 1235 2741 scribatur:
1262 2679 1419 2755 „ionicus
1445 2677 1495 2740 δννὶ
1519 2683 1572 2740 τοῦ
1597 2677 1658 2754 Η”,
1682 2685 1828 2764 spectant

634 2784 722 2845 enim
747 2782 824 2845 haec
849 2781 887 2845 ad
911 2779 1002 2846 Pluti
1027 2803 1156 2847 versum
1181 2780 1265 2845 266:
1288 2781 1482 2858 ,,ρ“νπῶννα”.
1503 2783 1607 2862 Quam
1627 2804 1691 2848 non
1712 2805 1826 2850 vanam

634 2908 701 2951 esse
733 2890 947 2972 suspicionem
980 2893 1138 2952 testantur
1162 2887 1281 2952 scholia
1304 2888 1343 2952 ad
1365 2887 1461 2952 illum
1486 2909 1633 2954 versum:
1660 2889 1749 2965 „iare
1775 2891 1825 2953 καὶ

635 2994 749 3072 ῥυπόω,
774 3000 825 3071 -ῶ,
851 2995 901 3056 καὶ
926 2994 1049 3071 lucrio,
1075 2996 1111 3062 ὦς
1138 2996 1290 3071 ἐνταῦθα,
1314 2996 1365 3057 καὶ
1391 2995 1557 3073 ρυπαίνω”.
1581 3033 1623 3043 -
1648 2996 1775 3082 Nempe
1794 2999 1825 3061 iu

634 3101 709 3162 crisi
734 3098 906 3163 Homerica
930 3102 1038 3163 minus
1061 3106 1185 3163 certum
1209 3100 1376 3164 videbatur
1397 3102 1571 3165 verborum
1594 3104 1705 3180 ῥνπνῦν
1729 3110 1762 3167 et
1784 3106 1827 3181 ῥα

635 3208 698 3267 πᾶν
723 3204 892 3269 discrimen
901 3226 909 3282 ;
936 3202 1052 3280 εἵματα
1077 3206 1272 3284 ῥερυπωμένα
1297 3214 1589 3271 commemorantur
1613 3203 1634 3286 ζ
1642 3205 1696 3284 59,
1717 3207 1774 3273 sed
1793 3209 1826 3279 tt

634 3308 731 3390 ῥυπόω
765 3310 800 3389 (l.
826 3330 853 3373 a.
878 3311 910 3373 οὐ
936 3312 1044 3387 Arado)
1069 3309 1145 3374 r72
1169 3310 1274 3389 ψ115
1298 3312 1337 3375 ab
1359 3314 1564 3378 intransitive
1586 3316 1684 3392 ῥυπᾶν
1709 3316 1827 3377 sordem

633 3422 682 3479 est
705 3415 858 3491 ductum,
891 3417 1100 3501 participium
1124 3425 1234 3481 autem
1258 3418 1413 3496 ῥυπόωντα
1439 3418 1477 3482 ab
1502 3417 1574 3482 aliis
1599 3456 1641 3468 -
1666 3421 1771 3484 inrito
1794 3421 1826 3483 ni

635 3519 728 3585 fallor
753 3521 939 3586 Aristarcho
966 3558 1004 3569 -
1031 3522 1229 3587 scribebatur
1252 3522 1401 3601 ρννόεντα
1426 3522 1459 3604 (ζ
1469 3523 1512 3590 87
1536 3529 1621 3604 etc).

682 3735 716 3815 9)
739 3736 788 3800 Ex
809 3758 925 3801 novem
946 3757 1026 3822 quae
1047 3738 1241 3803 videbantur
1259 3742 1453 3819 testimoniis
1471 3740 1631 3805 infirmata
1651 3748 1728 3806 sunt
1746 3749 1826 3809 octo.

636 3842 789 3927 Superest
821 3864 932 3908 unum.
965 3843 1143 3908 Scholiasta
1174 3844 1214 3908 ad
1244 3845 1322 3909 Ran.
1351 3845 1437 3910 1093
1470 3848 1521 3924 „lv
1545 3847 1672 3927 Πλούτῳ
1698 3848 1825 3928 norff

636 3949 694 4013 hos
718 3949 892 4013 versiculos
915 3949 993 4013 dicit
1015 3948 1113 4014 lectos
1137 3970 1220 4013 esse:

977 4060 1034 4117 τῶν
1058 4055 1313 4134 λαμπαδηφόρων
1337 4082 1371 4120 τε
1395 4058 1481 4121 πλεί-

1067 4184 1147 4224 στων
1171 4162 1272 4224 αἰτίαν

1020 4273 1082 4337 ταῖς
1108 4267 1250 4337 ὑστάταις
1276 4274 1440 4331 πλατειῶν.

637 4368 684 4433 Hi
707 4371 807 4435 iambi
831 4371 914 4436 unde
938 4371 1026 4435 ducti
1050 4374 1113 4435 sint
1136 4375 1259 4450 noscio;
1283 4374 1337 4437 sed
1361 4381 1433 4458 post
1454 4376 1561 4439 omnia
1583 4396 1664 4459 qnae
1688 4376 1827 4462 disputa·

672 4643 699 4707 l)
717 4642 858 4706 Thesmopb.
876 4643 933 4695 915.

673 4726 700 4787 2)
724 4724 760 4773 Cf.
786 4724 879 4789 ῥνΦιῑν]
902 4725 932 4772 τὸ
958 4724 1036 4786 ῥοφεῖν
1055 4725 1145 4782 'idirco'
1164 4724 1242 4782 οὕτως
1259 4728 1382 4791 Ἱππῶναξ
1399 4729 1490 4791 (Phot.)
1506 4734 1530 4777 at
1548 4729 1721 4796 Hippocraten
1740 4731 1825 4798 fribus]

636 4809 701 4873 (post
719 4805 774 4866 alia)
792 4805 896 4868 ῥοφῆσαι
915 4810 951 4855 et:
971 4805 1108 4872 dedimiae]
1125 4806 1281 4868 ῥνφνσόμιθα
1298 4810 1435 4873 (Hesych.).
