4525 5950
959 729 1101 778 rac1rua.
1554 709 1620 778 407

426 918 539 979 papea
569 893 736 979 adscripsit
766 893 894 969 aninam
927 892 1011 977 quod
1043 892 1208 958 eduabua
1230 893 1487 957 annotationibus
1509 899 1622 957 natum

432 1008 484 1066 est
504 1000 663 1064 comminus
680 999 777 1062 minua
795 1001 829 1063 in
848 1003 976 1063 textum
988 998 1157 1063 aberravit.
1178 997 1254 1063 Fuit
1265 1019 1338 1063 cnm
1352 1003 1499 1083 putarem
1511 1019 1622 1064 rocem

430 1108 497 1184 aed,
523 1127 602 1191 quae
626 1126 710 1171 nunc
734 1110 807 1170 ante
831 1112 978 1190 tamquam
997 1104 1128 1191 legitur,
1150 1107 1280 1170 retineri
1299 1125 1389 1189 posse
1409 1112 1441 1169 et
1459 1107 1506 1169 ita
1525 1110 1624 1169 traus-

431 1215 513 1298 poni
536 1219 575 1276 nt
595 1209 775 1298 legeretur:
799 1212 853 1275 aed
874 1211 945 1292 ccci
965 1211 1046 1274 inter
1069 1213 1167 1273 undae
1190 1232 1257 1296 sqq.
1282 1209 1343 1276 Sed
1366 1209 1463 1297 longe
1486 1217 1623 1297 praestat

430 1319 610 1405 asyndeton
641 1318 727 1402 quod
758 1316 840 1382 dedi.
872 1315 940 1382 Hoc
971 1321 1095 1381 certum
1125 1322 1175 1381 est
1205 1336 1308 1381 errare
1336 1315 1543 1402 Madvigium
1567 1338 1624 1403 pro

430 1425 504 1488 iilic
538 1426 758 1490 conficientem
790 1423 883 1486 illuc:
916 1421 1090 1487 absurdum
1121 1424 1208 1487 enim
1238 1421 1367 1487 ridetur
1396 1425 1457 1487 niti
1488 1423 1521 1486 in
1543 1423 1626 1486 illud

433 1529 522 1617 quod
545 1537 689 1594 11111111.
713 1529 784 1594 Η11
807 1528 885 1595 dicit
908 1526 1054 1594 Tacitus:
1076 1529 1201 1605 „sicubi
1220 1527 1354 1613 pedibus
1371 1528 1483 1594 stabile
1502 1528 1625 1613 aliquid

433 1639 522 1702 nacti
553 1641 661 1714 erant,
693 1635 788 1700 illum
819 1634 928 1701 locum
960 1635 1102 1701 obtinere
1134 1634 1337 1712 studebant’,
1363 1656 1425 1701 non
1448 1656 1525 1722 ergo
1549 1636 1625 1699 ilice

432 1742 489 1809 sed
515 1743 584 1806 illic
606 1743 798 1808 nitebantur.
1309 1767 1314 1775 ·

480 1848 524 1914 H.
549 1847 586 1925 V,
613 1846 665 1913 17.
697 1847 792 1914 Stant
823 1851 926 1934 parati
957 1848 995 1913 ad
1026 1847 1202 1933 proelium,
1232 1848 1315 1933 quod
1339 1851 1399 1913 toti
1422 1848 1506 1914 bello
1529 1849 1625 1914 finem

432 1957 598 2022 facturum
622 1960 823 2041 exspectant,
850 1952 989 2021 Cerealis
1012 1960 1045 2019 11
1068 1952 1185 2020 Civilis
1208 1976 1282 2020 cum
1306 1975 1364 2019 suo
1388 1963 1522 2041 uterque
1542 1977 1627 2021 exer·

432 2066 522 2139 citu,
557 2069 652 2147 atque
688 2061 809 2127 milites
840 2062 1038 2126 orationibus
1070 2067 1201 2127 monent
1232 2062 1476 2146 hortanturque.
1511 2059 1626 2128 Civilis

434 2167 614 2236 Germanos
636 2189 711 2233 snos
734 2172 767 2233 11
790 2167 854 2233 1111
876 2167 967 2232 docet
989 2173 1038 2232 et:

485 2275 593 2355 „Quae
623 2274 782 2361 provideri
812 2279 884 2339 astu
907 2273 997 2339 ducis
1020 2274 1216 2359 oportuerit,
1238 2275 1382 2358 provisa,
1407 2295 1536 2360 campos
1558 2296 1625 2340 ma-

435 2383 549 2448 dentes
573 2393 605 2446 et
627 2383 707 2466 ipsis
730 2401 863 2466 gnaros,
888 2378 1020 2465 paludes
1044 2380 1190 2445 hostibus
1212 2379 1356 2445 noxias.’'

485 2486 547 2552 Hic
582 2507 707 2572 quoque
742 2485 912 2572 Leopoldio
944 2488 1047 2572 primo
1078 2485 1221 2550 subolnit
1252 2486 1355 2564 fraus;
1388 2487 1540 2552 hactenus
1570 2508 1627 2572 per

436 2595 569 2682 longam
592 2592 792 2659 saeculorum
816 2594 931 2658 seriem
954 2613 1055 2677 aequo
1079 2595 1186 2658 animo
1206 2591 1351 2658 tulerunt
1369 2595 1431 2658 viri
1450 2593 1536 2659 docti
1555 2599 1628 2680 post

436 2722 556 2784 caespes
584 2702 734 2763 madentes
763 2705 1027 2765 commemoratas
1045 2699 1187 2781 paludes,
1211 2706 1377 2785 tamquam
1401 2703 1428 2765 si
1452 2700 1626 2786 quidquam

434 2812 614 2874 interesset.
649 2806 743 2871 Nunc
777 2827 871 2883 varo,
905 2806 944 2870 ab
973 2804 1031 2869 illo
1062 2807 1195 2882 moniti,
1227 2807 1358 2890 posthac
1388 2808 1432 2871 sic
1462 2805 1624 2894 legemus:

435 2933 590 2999 „campos
620 2912 783 2978 madentes
813 2916 845 2977 et
875 2913 953 2997 ipsis
985 2932 1120 2998 111111,
1152 2911 1299 2978 hostibus
1327 2913 1470 2991 noxios'’,
1502 2919 1534 2979 et
1565 2914 1626 2978 sibi

432 3020 600 3088 redditum
622 3017 771 3084 Tacitum
794 3020 880 3105 grati
903 3038 1122 3105 agnoscemus.
1424 3011 1427 3018 ’

481 3115 547 3191 Ubi
570 3124 696 3191 dicendi
719 3123 816 3189 finem
839 3124 915 3189 lecit
938 3121 1052 3191 Civilis
1075 3130 1190 3209 atque:

484 3252 581 3311 „sono
612 3252 776 3296 armorum
808 3231 1023 3317 tripudiisque
1053 3234 1114 3310 (ita
1144 3230 1212 3295 11111
1243 3237 1327 3311 mos)
1356 3233 1528 3318 approbata
1551 3242 1627 3297 sunt

434 3340 538 3415 dicta,
571 3339 655 3402 saris
684 3336 921 3424 glandibusque
944 3342 977 3402 et
1000 3341 1112 3402 ceteris
1135 3337 1313 3403 missilibus
1336 3335 1494 3425 proelium
1517 3342 1628 3426 incipi-

436 3453 501 3523 tur,
534 3465 637 3531 neque
669 3450 778 3509 nostro
808 3444 913 3510 milite
945 3443 1098 3530 paludem
1120 3445 1321 3531 ingrediente
1344 3452 1376 3511 et
1398 3443 1567 3511 Germanis
1589 3455 1627 3513 ut

434 3551 588 3617 elicerent
610 3548 872 3616 lacessentibus.'’

482 3655 534 3721 Illi
566 3655 650 3722 male
674 3659 716 3721 111
739 3658 795 3740 qui
818 3658 942 3742 primus
966 3660 1028 3721 isto
1051 3664 1086 3720 ct
1108 3657 1249 3721 elicerent
1271 3660 1437 3723 interiecto
1461 3658 1628 3745 elegantis·

434 3766 554 3829 simam
584 3762 752 3849 periodum
781 3769 896 3847 (neque
927 3769 1034 3827 nostro
1066 3762 1171 3828 milite
1200 3762 1350 3849 paludem
1373 3765 1571 3851 ingrediente
1596 3772 1627 3830 et

436 3868 607 3937 Germanis
638 3868 879 3949 lacessentibus)
911 3871 1103 3955 corruperit¹
1119 3876 1151 3935 11
1182 3870 1317 3935 ridicule
1347 3869 1514 3956 loquacem
1537 3872 1626 3937 nobis

435 3976 588 4042 Tacitum
610 3973 800 4040 exhibuerit.
824 3975 908 4040 Nam
932 3974 1008 4059 quid
1032 3977 1065 4038 in
1088 3975 1148 4041 hac
1172 3978 1351 4041 narratione
1375 3977 1539 4041 lacessendi
1561 3999 1628 4042 rer-

434 4084 533 4158 bum,
558 4084 602 4146 sic
626 4081 710 4146 nude
734 4083 895 4167 positum,
921 4082 982 4145 sibi
1007 4080 1087 4145 velit
1111 4084 1218 4166 quiris
1241 4102 1320 4167 puer
1339 4081 1506 4169 intelligit,
1527 4105 1627 4168 neque

434 4190 475 4255 ad
510 4189 656 4253 hostium
691 4187 879 4265 consilium,
914 4187 948 4251 id
979 4190 1145 4274 agentium
1178 4193 1215 4252 11
1244 4188 1404 4254 Romanos
1434 4189 1467 4253 in
1484 4191 1627 4272 paludem

435 4294 584 4372 illiciant,
616 4293 853 4380 designandum
883 4292 989 4358 ullum
1020 4292 1107 4359 alind
1139 4296 1313 4380 excogitari
1343 4300 1469 4379 poterat
1492 4296 1626 4361 verbum

435 4403 582 4485 ineptius
605 4420 701 4485 quam
723 4402 831 4485 ipsum
856 4400 998 4463 eliciendi
1019 4398 1111 4463 illud.

890 4552 1187 4633 (Continuabcatrcr).
