4525 5950
621 690 686 756 128
1092 707 1333 755 onnosrnunns.

665 875 682 958 ᾗ
703 873 745 937 33
768 895 799 957 p.
824 872 908 937 200:
933 878 1009 951 χρῆν
1034 873 1130 935 τοίνυν
1154 873 1205 934 κκί
1227 871 1296 941 τοὺς
1318 873 1372 942 riv
1394 873 1451 935 ὑπὸ
1471 879 1529 935 τῶν
1550 875 1703 948 πρινίνων
1726 874 1818 950 πιίξιν

621 981 649 1042 ἐν
681 990 719 1060 τῇ
748 982 889 1060 πολιτείᾳ
912 977 1158 1052 παραδεδομένην
1183 977 1331 1046 λιπόντας
1357 979 1437 1058 [καί
1463 981 1815 1055 πολιτευομένους

620 1085 634 1147 δ
645 1099 662 1146 λ
673 1110 680 1148 ι
692 1108 713 1160 y
725 1109 744 1146 ιι
755 1090 874 1163 ρχικῶ
886 1088 914 1165 ς]
939 1086 1069 1156 οίτίμονς
1095 1089 1147 1147 τοῦ
1173 1083 1397 1158 συμβουλεύειν
1423 1086 1494 1158 ὑμῖν
1519 1087 1625 1156 αὐτοῖς
1650 1087 1816 1150 ποιεῖσίσιι.

618 1189 813 1273 interpolata
836 1190 933 1254 verba
956 1193 1071 1253 misere
1095 1188 1261 1275 languent.

946 1432 1055 1487 ΥΠΕΡ
1081 1430 1487 1487 ΜΕΓΑΛΟΠΟΛΙΤΩΝ.

666 1590 723 1676 §5
756 1612 787 1675 p.
813 1589 897 1655 203:
930 1589 1076 1653 σκεπτέον
1107 1591 1151 1665 μίν
1184 1588 1321 1666 πρότερον
1354 1588 1457 1657 τούσδε
1487 1589 1631 1663 γενέσθαι
1663 1589 1815 1667 Φοβερσὺς

619 1697 671 1759 καί
704 1696 865 1771 μεγιίλους
900 1694 1038 1769 έιίσωμεν
1071 1694 1087 1766 ἢ
1120 1700 1219 1756 ’κεῖνοι
1251 1695 1348 1771 μικροί
1381 1695 1574 1769 γενήσονται.
1606 1693 1643 1757 In
1667 1693 1815 1759 Parisino

619 1800 701 1866 libro
726 1805 774 1864 est
797 1825 839 1864 τε
863 1801 1130 1876 γενήσονται,
1156 1799 1239 1863 unde
1264 1798 1464 1864 effinxerarn:
1489 1801 1815 1876 γεγενήσονται,

619 1907 674 1971 sed
698 1905 833 1971 Weilius
865 1928 916 1971 me
945 1909 1118 1971 antevortit
1148 1912 1180 1969 et
1205 1904 1349 1970 Blassius
1373 1905 1483 1970 Weilii
1507 1907 1723 1970 ooreotionom
1747 1927 1817 1991 pro

622 2013 720 2077 bavit.

669 2226 750 2312 §18
774 2250 804 2313 p.
830 2227 913 2292 206:
948 2230 1140 2308 αἱρετώτερον
1173 2233 1308 2305 ἠγοῦμαι
1341 2233 1393 2293 τδν
1424 2231 1561 2308 Ὀρωπδν
1592 2230 1646 2293 έῖιν
1675 2232 1818 2301 ἢΛσικε-

626 2334 788 2411 δαιμονίοις
822 2340 987 2407 Μεσσήνην
1018 2336 1159 2412 προέσίοιι
1184 2336 1264 2416 [noi
1291 2335 1622 2417 Πελοπίουκσον].
1653 2333 1817 2399 Ultimum

624 2440 683 2504 hoo
717 2443 863 2525 spurium
899 2441 1037 2517 videtur,
1074 2440 1129 2504 sed
1165 2439 1242 2504 talia
1274 2443 1385 2504 sentiri
1416 2446 1568 2525 possunt,
1607 2442 1675 2505 sine
1706 2439 1819 2504 multis

624 2547 812 2633 ambagibus
836 2546 1048 2610 demonstrari
1071 2566 1133 2610 non
1155 2550 1298 2629 possunt.

670 2763 752 2848 §18
784 2786 815 2847 p.
841 2762 917 2828 206.
950 2760 1104 2828 Codicum
1134 2762 1231 2827 leobio
1263 2768 1328 2828 est:
1361 2765 1392 2826 οὐ
1425 2763 1488 2842 γὰρ
1519 2761 1557 2826 ἂν
1588 2766 1727 2840 ἡγοῦμαι
1752 2765 1818 2841 περὶ

628 2870 734 2933 τούτου
766 2871 853 2944 μόνον
888 2873 958 2945 ἡμῖν
990 2865 1066 2932 είνοιι
1097 2870 1149 2932 τὸν
1182 2869 1273 2945 λόγον
1306 2871 1378 2945 πρδς
1405 2870 1554 2947 ἐκείνους,
1578 2871 1653 2933 ἀλλ’
1677 2870 1758 2932 ε’σίσυ
1784 2871 1819 2932 τί

626 2976 659 3050 γ’
694 2976 818 3038 ἐπελθὸν
853 2977 950 3039 εἰπεῖν
985 2996 1053 3049 μοι·
1087 2977 1153 3052 περ)
1185 2982 1306 3038 πολλῶν
1338 2976 1364 3037 δ’
1397 2977 1435 3039 ιἰν
1467 2970 1552 3049 οἶμαι
1584 2976 1714 3040 κίνδυνον
1746 2978 1818 3050 ἡμῖν

625 3082 777 3158 γενέσθαι.
803 3081 866 3146 Hic
890 3084 1014 3166 primus
1038 3079 1177 3147 Cobetus
1201 3084 1320 3145 vitium
1345 3081 1495 3146 odoratus
1519 3090 1567 3146 est
1590 3082 1819 3147 mordiciis.

625 3208 655 3271 p.
688 3186 741 3252 sl.
780 3186 943 3264 ‚,Soribe’'‚
974 3190 1096 3272 inquit,
1131 3189 1225 3263 ,ἡμῖν
1259 3182 1335 3250 είνιιι
1368 3188 1417 3250 τὸν
1449 3187 1542 3263 λόγον
1574 3189 1820 3266 spississimis,

625 3300 697 3357 tum
731 3301 801 3378 post
826 3295 921 3358 breve
945 3293 1129 3358 silentium:
1155 3294 1229 3356 ἀλλ’
1255 3295 1334 3356 εἰίσιο
1360 3294 1394 3356 τό
1420 3296 1453 3368 γ’
1479 3293 1604 3356 ἐπελθὸν
1628 3295 1725 3357 εἰπεῖν
1749 3319 1818 3370 μοι,

625 3399 737 3464 deinde
773 3407 924 3483 tanquam
953 3400 1062 3483 spuria
1093 3399 1268 3463 abiicienda
1300 3405 1375 3462 sunt
1407 3399 1520 3462 verba:
1553 3398 1619 3477 περὶ
1646 3402 1768 3464 πολλῶν
1794 3399 1819 3461 δ’

626 3505 663 3570 ἂν
694 3501 780 3578 οίμοιι
812 3508 942 3570 κίνδυνον
973 3507 1044 3577 ἡμῖν
1077 3504 1254 3579 γενέσίκι.”
1287 3503 1379 3568 Hanc
1409 3508 1625 3589 suspicionem
1650 3514 1686 3569 ut
1710 3504 1821 3571 confir·

622 3618 742 3689 maret,
775 3615 937 3696 optimum
967 3611 1164 3697 praesidium
1195 3609 1334 3676 Oobetus
1366 3612 1545 3688 habuisset,
1576 3614 1604 3675 si
1627 3618 1752 3675 veteres
1775 3614 1822 3674 in-

624 3724 778 3802 terpretes
801 3718 886 3802 apud
910 3714 949 3782 G.
975 3717 1017 3781 H.
1043 3716 1249 3781 Sebaeferum
1273 3716 1485 3781 consuluisset
1509 3715 1561 3781 vel
1585 3718 1684 3780 etiam
1705 3715 1820 3780 Walzii

622 3824 781 3888 Indicam:
815 3826 935 3887 etenim
967 3822 1189 3907 Hermogenes
1220 3844 1250 3907 p.
1277 3822 1342 3886 346
1374 3823 1432 3886 hoo
1464 3822 1553 3886 affert
1576 3824 1816 3892 ἀπσσιωπιίσεως

623 3928 826 4013 exemplum:
859 3931 891 3991 οὐ
915 3930 978 4004 γὰρ
1006 3929 1070 4006 περί
1097 3929 1227 3990 τούτων·
1252 3929 1326 3989 ἀλλ’
1352 3927 1431 3990 εὀίσω
1457 3927 1492 3989 τί
1514 3930 1548 4003 γ’
1573 3927 1698 3990 έπελίδν
1722 3928 1818 3991 εἰπεῖν

623 4059 685 4110 μοι.
718 4033 941 4118 adstipulatus
972 4038 1020 4097 est
1052 4030 1171 4099 Oobsto
1205 4031 1358 4108 Weilius,
1390 4032 1502 4097 deinde
1530 4035 1716 4118 supervenit
1741 4032 1822 4098 Her-

625 4139 807 4215 werdenus,
840 4142 893 4203 cui
920 4141 1029 4203 Mean.
1062 4136 1149 4202 1875
1177 4160 1207 4223 p.
1233 4135 1296 4202 127
1327 4138 1408 4202 nihil
1426 4141 1604 4223 genuinum
1626 4146 1676 4202 est
1695 4145 1822 4222 praeter

624 4266 764 4330 eaquae
794 4245 917 4331 legerat
941 4244 1025 4328 apud
1050 4243 1301 4329 Hermogenem.
1335 4244 1380 4307 De
1405 4246 1509 4327 priore
1533 4247 1708 4308 sententiae
1731 4251 1820 4328 parta

625 4352 768 4416 Blassius
802 4353 977 4426 consentit,
1015 4349 1069 4413 sed
1105 4352 1135 4412 ei
1170 4353 1311 4435 genuina
1347 4357 1421 4413 sunt
1452 4349 1511 4413 ills
1542 4361 1720 4434 postrema:
1752 4350 1818 4426 περὶ

626 4456 977 4531 πολλῶν-γενέσθαι,
1014 4475 1075 4539 qua
1111 4457 1144 4517 in
1180 4477 1213 4519 re
1246 4462 1329 4519 certe
1362 4477 1435 4519 eum
1468 4477 1530 4519 non
1561 4462 1736 4539 sequentur
1766 4458 1820 4539 qui

628 4585 702 4629 oum
737 4562 949 4626 Herwerdeno
984 4558 1252 4646 subintelligunt:
1290 4560 1362 4625 Non
1398 4563 1483 4624 enim
1520 4564 1630 4646 agitur
1660 4560 1699 4625 de
1730 4560 1821 4623 ιιιιὲιιε

628 4669 738 4754 oppidi
768 4671 980 4752 possessione,
1012 4666 1067 4731 sed
1098 4666 1136 4731 de
1167 4670 1318 4731 universa
1348 4674 1455 4732 nostra
1486 4665 1607 4741 salute;
1638 4688 1702 4730 non
1734 4670 1819 4730 enim

627 4776 776 4838 futurum
807 4783 874 4838 erat
905 4772 1083 4858 perieulum
1114 4774 1180 4849 περὶ
1211 4776 1343 4848 πολλῶν,
1375 4772 1429 4837 ssd
1462 4775 1525 4850 περὶ
1553 4775 1685 4837 πάντων.
1711 4772 1746 4837 si
1770 4795 1819 4838 res
