<?xml version="1.0" encoding="UTF-8"?>
<!DOCTYPE html PUBLIC "-//W3C//DTD XHTML 1.0 Transitional//EN"
    "http://www.w3.org/TR/xhtml1/DTD/xhtml1-transitional.dtd">
<html xmlns="http://www.w3.org/1999/xhtml" xml:lang="en" lang="en">
 <head>
  <title>
</title>
<meta http-equiv="Content-Type" content="text/html;charset=utf-8" />
  <meta name='ocr-system' content='tesseract 3.04.00' />
  <meta name='ocr-capabilities' content='ocr_page ocr_carea ocr_par ocr_line ocrx_word'/>
</head>
<body>
  <div class='ocr_page' id='page_1' title='image "./mnemosyne07verdgoog_0547.png"; bbox 0 0 4525 5950; ppageno 0'>
   <div class='ocr_carea' id='block_1_1' title="bbox 967 678 1626 745">
    <p class='ocr_par' dir='ltr' id='par_1_1' title="bbox 967 678 1626 745">
     <span class='ocr_line' id='line_1_1' title="bbox 967 678 1626 745; baseline -0.002 -1"><span class='ocrx_word' id='word_1_1' title='bbox 967 697 1108 745; x_wconf 79' lang='lat' dir='ltr'>uacuus.</span> <span class='ocrx_word' id='word_1_2' title='bbox 1585 678 1626 745; x_wconf 80' lang='lat'>71</span> 
     </span>
    </p>
   </div>
   <div class='ocr_carea' id='block_1_2' title="bbox 433 861 1631 1377">
    <p class='ocr_par' dir='ltr' id='par_1_2' title="bbox 433 861 1631 1377">
     <span class='ocr_line' id='line_1_2' title="bbox 435 861 1629 949; baseline -0.003 -18"><span class='ocrx_word' id='word_1_3' title='bbox 435 863 567 931; x_wconf 79' lang='lat' dir='ltr'>vinculo</span> <span class='ocrx_word' id='word_1_4' title='bbox 597 866 725 930; x_wconf 82' lang='lat' dir='ltr'>iunctae</span> <span class='ocrx_word' id='word_1_5' title='bbox 757 871 841 929; x_wconf 90' lang='lat' dir='ltr'>sunt.</span> <span class='ocrx_word' id='word_1_6' title='bbox 867 865 916 930; x_wconf 83' lang='lat' dir='ltr'>An</span> <span class='ocrx_word' id='word_1_7' title='bbox 941 863 1030 930; x_wconf 90' lang='lat' dir='ltr'>ullus</span> <span class='ocrx_word' id='word_1_8' title='bbox 1054 865 1106 930; x_wconf 89' lang='lat' dir='ltr'>hic</span> <span class='ocrx_word' id='word_1_9' title='bbox 1131 867 1350 930; x_wconf 87' lang='lat' dir='ltr'>coniunctioni</span> <span class='ocrx_word' id='word_1_10' title='bbox 1374 887 1498 949; x_wconf 79' lang='lat' dir='ltr'>nomque</span> <span class='ocrx_word' id='word_1_11' title='bbox 1520 861 1629 930; x_wconf 78' lang='lat' dir='ltr'>locus?</span> 
     </span>
     <span class='ocr_line' id='line_1_3' title="bbox 433 970 1629 1057; baseline -0.001 -21"><span class='ocrx_word' id='word_1_12' title='bbox 433 971 509 1036; x_wconf 91' lang='lat' dir='ltr'>Non</span> <span class='ocrx_word' id='word_1_13' title='bbox 541 973 668 1056; x_wconf 89' lang='lat' dir='ltr'>opinor:</span> <span class='ocrx_word' id='word_1_14' title='bbox 700 992 802 1056; x_wconf 89' lang='lat' dir='ltr'>neque</span> <span class='ocrx_word' id='word_1_15' title='bbox 834 973 920 1035; x_wconf 90' lang='lat' dir='ltr'>euim</span> <span class='ocrx_word' id='word_1_16' title='bbox 951 973 1033 1036; x_wconf 88' lang='lat' dir='ltr'>ratio</span> <span class='ocrx_word' id='word_1_17' title='bbox 1063 970 1114 1036; x_wconf 87' lang='lat' dir='ltr'>hic</span> <span class='ocrx_word' id='word_1_18' title='bbox 1137 970 1288 1036; x_wconf 73' lang='lat' dir='ltr'>redditur</span> <span class='ocrx_word' id='word_1_19' title='bbox 1305 991 1407 1055; x_wconf 92' lang='lat' dir='ltr'>neque</span> <span class='ocrx_word' id='word_1_20' title='bbox 1431 973 1629 1057; x_wconf 83' lang='lat' dir='ltr'>praeteritio,</span> 
     </span>
     <span class='ocr_line' id='line_1_4' title="bbox 434 1076 1631 1165; baseline -0.001 -23"><span class='ocrx_word' id='word_1_21' title='bbox 434 1099 518 1164; x_wconf 89' lang='lat' dir='ltr'>quae</span> <span class='ocrx_word' id='word_1_22' title='bbox 543 1077 671 1155; x_wconf 89' lang='lat' dir='ltr'>dicitur,</span> <span class='ocrx_word' id='word_1_23' title='bbox 696 1076 742 1142; x_wconf 85' lang='lat' dir='ltr'>fit.</span> <span class='ocrx_word' id='word_1_24' title='bbox 767 1076 830 1142; x_wconf 80' lang='lat' dir='ltr'>Sed</span> <span class='ocrx_word' id='word_1_25' title='bbox 854 1098 910 1162; x_wconf 92' lang='lat' dir='ltr'>pro</span> <span class='ocrx_word' id='word_1_26' title='bbox 934 1100 1058 1163; x_wconf 82' lang='lat' dir='ltr'>numque</span> <span class='ocrx_word' id='word_1_27' title='bbox 1080 1076 1153 1164; x_wconf 91' lang='lat' dir='ltr'>lege</span> <span class='ocrx_word' id='word_1_28' title='bbox 1176 1077 1308 1162; x_wconf 69' lang='lat' dir='ltr'>iuraque,</span> <span class='ocrx_word' id='word_1_29' title='bbox 1333 1079 1463 1165; x_wconf 89' lang='lat' dir='ltr'>egregie</span> <span class='ocrx_word' id='word_1_30' title='bbox 1483 1077 1631 1163; x_wconf 78' lang='lat' dir='ltr'><strong>procedet</strong></span> 
     </span>
     <span class='ocr_line' id='line_1_5' title="bbox 435 1177 1630 1269; baseline -0.002 -20"><span class='ocrx_word' id='word_1_31' title='bbox 435 1186 549 1249; x_wconf 88' lang='lat' dir='ltr'>oratio.</span> <span class='ocrx_word' id='word_1_32' title='bbox 582 1183 650 1248; x_wconf 89' lang='lat' dir='ltr'>Hoc</span> <span class='ocrx_word' id='word_1_33' title='bbox 682 1187 768 1248; x_wconf 91' lang='lat' dir='ltr'>enim</span> <span class='ocrx_word' id='word_1_34' title='bbox 801 1184 867 1249; x_wconf 88' lang='lat' dir='ltr'>fere</span> <span class='ocrx_word' id='word_1_35' title='bbox 899 1183 982 1248; x_wconf 90' lang='lat' dir='ltr'>dicet</span> <span class='ocrx_word' id='word_1_36' title='bbox 1006 1183 1154 1249; x_wconf 75' lang='lat' dir='ltr'><strong>Tacitus:</strong></span> <span class='ocrx_word' id='word_1_37' title='bbox 1180 1187 1281 1269; x_wconf 83' lang='lat' dir='ltr'>„quin</span> <span class='ocrx_word' id='word_1_38' title='bbox 1304 1177 1465 1250; x_wconf 86' lang='lat' dir='ltr'>etiamad</span> <span class='ocrx_word' id='word_1_39' title='bbox 1487 1204 1558 1249; x_wconf 91' lang='lat' dir='ltr'>eam</span> <span class='ocrx_word' id='word_1_40' title='bbox 1582 1189 1630 1249; x_wconf 90' lang='lat' dir='ltr'>est</span> 
     </span>
     <span class='ocr_line' id='line_1_6' title="bbox 434 1289 1373 1377; baseline 0 -22"><span class='ocrx_word' id='word_1_41' title='bbox 434 1311 625 1377; x_wconf 90' lang='lat' dir='ltr'>progressus</span> <span class='ocrx_word' id='word_1_42' title='bbox 648 1289 885 1375; x_wconf 90' lang='lat' dir='ltr'>impudentiam</span> <span class='ocrx_word' id='word_1_43' title='bbox 908 1297 946 1355; x_wconf 88' lang='lat' dir='ltr'>ut</span> <span class='ocrx_word' id='word_1_44' title='bbox 967 1291 1176 1377; x_wconf 78' lang='lat' dir='ltr'>naufragium</span> <span class='ocrx_word' id='word_1_45' title='bbox 1199 1291 1373 1355; x_wconf 88' lang='lat' dir='ltr'>uarraret.&#39;&#39;</span> 
     </span>
    </p>
   </div>
   <div class='ocr_carea' id='block_1_3' title="bbox 428 1498 1631 4040">
    <p class='ocr_par' dir='ltr' id='par_1_3' title="bbox 431 1498 1630 1802">
     <span class='ocr_line' id='line_1_7' title="bbox 485 1498 1630 1588; baseline 0.001 -22"><span class='ocrx_word' id='word_1_46' title='bbox 485 1504 522 1567; x_wconf 78' lang='lat' dir='ltr'>A.</span> <span class='ocrx_word' id='word_1_47' title='bbox 547 1501 633 1580; x_wconf 85' lang='lat' dir='ltr'>XIV,</span> <span class='ocrx_word' id='word_1_48' title='bbox 658 1501 713 1566; x_wconf 85' lang='lat'>20.</span> <span class='ocrx_word' id='word_1_49' title='bbox 738 1498 822 1568; x_wconf 86' lang='lat' dir='ltr'>Oum</span> <span class='ocrx_word' id='word_1_50' title='bbox 845 1501 929 1568; x_wconf 89' lang='lat' dir='ltr'>Nero</span> <span class='ocrx_word' id='word_1_51' title='bbox 951 1500 1044 1567; x_wconf 91' lang='lat' dir='ltr'>ludos</span> <span class='ocrx_word' id='word_1_52' title='bbox 1067 1502 1319 1588; x_wconf 80' lang='lat' dir='ltr'>quinquennales</span> <span class='ocrx_word' id='word_1_53' title='bbox 1341 1505 1525 1569; x_wconf 90' lang='lat' dir='ltr'>institueret</span> <span class='ocrx_word' id='word_1_54' title='bbox 1542 1524 1630 1569; x_wconf 91' lang='lat' dir='ltr'>more</span> 
     </span>
     <span class='ocr_line' id='line_1_8' title="bbox 434 1609 1630 1696; baseline -0.002 -20"><span class='ocrx_word' id='word_1_55' title='bbox 434 1609 579 1689; x_wconf 86' lang='lat' dir='ltr'>Graeco,</span> <span class='ocrx_word' id='word_1_56' title='bbox 615 1610 824 1675; x_wconf 86' lang='lat' dir='ltr'>vehementer</span> <span class='ocrx_word' id='word_1_57' title='bbox 862 1630 933 1675; x_wconf 89' lang='lat' dir='ltr'>eam</span> <span class='ocrx_word' id='word_1_58' title='bbox 969 1631 1037 1675; x_wconf 89' lang='lat' dir='ltr'>rem</span> <span class='ocrx_word' id='word_1_59' title='bbox 1073 1609 1297 1695; x_wconf 76' lang='lat' dir='ltr'>improbabant</span> <span class='ocrx_word' id='word_1_60' title='bbox 1331 1613 1394 1676; x_wconf 86' lang='lat' dir='ltr'>viri</span> <span class='ocrx_word' id='word_1_61' title='bbox 1429 1611 1630 1696; x_wconf 81' lang='lat' dir='ltr'>antiquitatis</span> 
     </span>
     <span class='ocr_line' id='line_1_9' title="bbox 431 1716 1291 1802; baseline 0 -20"><span class='ocrx_word' id='word_1_62' title='bbox 431 1726 572 1784; x_wconf 88' lang='lat' dir='ltr'>tenaces.</span> <span class='ocrx_word' id='word_1_63' title='bbox 596 1716 711 1782; x_wconf 81' lang='lat' dir='ltr'>Totam</span> <span class='ocrx_word' id='word_1_64' title='bbox 735 1738 805 1782; x_wconf 89' lang='lat' dir='ltr'>rem</span> <span class='ocrx_word' id='word_1_65' title='bbox 826 1737 862 1782; x_wconf 90' lang='lat' dir='ltr'>eo</span> <span class='ocrx_word' id='word_1_66' title='bbox 886 1723 1028 1802; x_wconf 91' lang='lat' dir='ltr'>spectare</span> <span class='ocrx_word' id='word_1_67' title='bbox 1053 1716 1212 1782; x_wconf 87' lang='lat' dir='ltr'>affirmant</span> <span class='ocrx_word' id='word_1_68' title='bbox 1236 1721 1291 1782; x_wconf 90' lang='lat' dir='ltr'>ut:</span> 
     </span>
    </p>

    <p class='ocr_par' dir='ltr' id='par_1_4' title="bbox 428 1823 1631 2229">
     <span class='ocr_line' id='line_1_10' title="bbox 484 1823 1631 1910; baseline -0.001 -21"><span class='ocrx_word' id='word_1_69' title='bbox 484 1824 588 1910; x_wconf 85' lang='lat' dir='ltr'>„quod</span> <span class='ocrx_word' id='word_1_70' title='bbox 620 1844 755 1909; x_wconf 88' lang='lat' dir='ltr'>usquam</span> <span class='ocrx_word' id='word_1_71' title='bbox 786 1826 947 1909; x_wconf 91' lang='lat' dir='ltr'>corrumpi</span> <span class='ocrx_word' id='word_1_72' title='bbox 971 1829 1003 1888; x_wconf 88' lang='lat' dir='ltr'>et</span> <span class='ocrx_word' id='word_1_73' title='bbox 1027 1844 1230 1908; x_wconf 91' lang='lat' dir='ltr'>corrumpere</span> <span class='ocrx_word' id='word_1_74' title='bbox 1253 1828 1366 1908; x_wconf 88' lang='lat' dir='ltr'>queat,</span> <span class='ocrx_word' id='word_1_75' title='bbox 1390 1825 1424 1887; x_wconf 94' lang='lat' dir='ltr'>in</span> <span class='ocrx_word' id='word_1_76' title='bbox 1448 1823 1526 1888; x_wconf 89' lang='lat' dir='ltr'>urbe</span> <span class='ocrx_word' id='word_1_77' title='bbox 1548 1825 1631 1888; x_wconf 86' lang='lat' dir='ltr'>visa·</span> 
     </span>
     <span class='ocr_line' id='line_1_11' title="bbox 431 1929 1629 2016; baseline -0.002 -20"><span class='ocrx_word' id='word_1_78' title='bbox 431 1939 500 2009; x_wconf 87' lang='lat' dir='ltr'>tur,</span> <span class='ocrx_word' id='word_1_79' title='bbox 525 1931 757 2016; x_wconf 78' lang='lat' dir='ltr'>degeneretque</span> <span class='ocrx_word' id='word_1_80' title='bbox 780 1929 896 1995; x_wconf 87' lang='lat' dir='ltr'>studiis</span> <span class='ocrx_word' id='word_1_81' title='bbox 920 1932 1060 1995; x_wconf 82' lang='lat' dir='ltr'>externis</span> <span class='ocrx_word' id='word_1_82' title='bbox 1079 1933 1233 1995; x_wconf 82' lang='lat' dir='ltr'>iuventus</span> <span class='ocrx_word' id='word_1_83' title='bbox 1260 1977 1378 1996; x_wconf 84' lang='grc'><strong>......</strong></span> <span class='ocrx_word' id='word_1_84' title='bbox 1403 1931 1629 1995; x_wconf 67' lang='lat' dir='ltr'>:iniustitiam</span> 
     </span>
     <span class='ocr_line' id='line_1_12' title="bbox 430 2035 1630 2124; baseline -0.003 -20"><span class='ocrx_word' id='word_1_85' title='bbox 430 2041 549 2124; x_wconf 80' lang='lat' dir='ltr'>augeri</span> <span class='ocrx_word' id='word_1_86' title='bbox 572 2044 604 2102; x_wconf 94' lang='lat' dir='ltr'>et</span> <span class='ocrx_word' id='word_1_87' title='bbox 627 2037 771 2103; x_wconf 89' lang='lat' dir='ltr'>decurias</span> <span class='ocrx_word' id='word_1_88' title='bbox 794 2039 941 2122; x_wconf 89' lang='lat' dir='ltr'>equitum</span> <span class='ocrx_word' id='word_1_89' title='bbox 964 2040 1135 2124; x_wconf 89' lang='lat' dir='ltr'>egregium</span> <span class='ocrx_word' id='word_1_90' title='bbox 1159 2036 1322 2102; x_wconf 90' lang='lat' dir='ltr'>iudicandi</span> <span class='ocrx_word' id='word_1_91' title='bbox 1346 2057 1465 2102; x_wconf 92' lang='lat' dir='ltr'>munus</span> <span class='ocrx_word' id='word_1_92' title='bbox 1489 2035 1630 2121; x_wconf 83' lang='lat' dir='ltr'>expletu-</span> 
     </span>
     <span class='ocr_line' id='line_1_13' title="bbox 428 2142 1577 2229; baseline -0.003 -19"><span class='ocrx_word' id='word_1_93' title='bbox 428 2166 503 2223; x_wconf 90' lang='lat' dir='ltr'>ros,</span> <span class='ocrx_word' id='word_1_94' title='bbox 528 2147 555 2208; x_wconf 88' lang='lat' dir='ltr'>si</span> <span class='ocrx_word' id='word_1_95' title='bbox 579 2144 693 2209; x_wconf 84' lang='lat' dir='ltr'>fractos</span> <span class='ocrx_word' id='word_1_96' title='bbox 718 2164 809 2209; x_wconf 90' lang='lat' dir='ltr'>sonos</span> <span class='ocrx_word' id='word_1_97' title='bbox 833 2149 866 2209; x_wconf 88' lang='lat' dir='ltr'>et</span> <span class='ocrx_word' id='word_1_98' title='bbox 889 2142 1089 2208; x_wconf 89' lang='lat' dir='ltr'>dulcedinem</span> <span class='ocrx_word' id='word_1_99' title='bbox 1114 2164 1231 2209; x_wconf 82' lang='lat' dir='ltr'>vocum</span> <span class='ocrx_word' id='word_1_100' title='bbox 1255 2146 1357 2229; x_wconf 88' lang='lat' dir='ltr'>perite</span> <span class='ocrx_word' id='word_1_101' title='bbox 1381 2142 1577 2209; x_wconf 89' lang='lat' dir='ltr'>audissent.&#39;’</span> 
     </span>
    </p>

    <p class='ocr_par' dir='ltr' id='par_1_5' title="bbox 431 2248 1631 4040">
     <span class='ocr_line' id='line_1_14' title="bbox 481 2248 1631 2337; baseline 0 -22"><span class='ocrx_word' id='word_1_102' title='bbox 481 2250 580 2316; x_wconf 78' lang='lat' dir='ltr'>Totus</span> <span class='ocrx_word' id='word_1_103' title='bbox 620 2251 671 2316; x_wconf 93' lang='lat' dir='ltr'>hic</span> <span class='ocrx_word' id='word_1_104' title='bbox 706 2250 794 2316; x_wconf 91' lang='lat' dir='ltr'>locus</span> <span class='ocrx_word' id='word_1_105' title='bbox 827 2253 861 2314; x_wconf 94' lang='lat' dir='ltr'>in</span> <span class='ocrx_word' id='word_1_106' title='bbox 894 2249 1001 2315; x_wconf 90' lang='lat' dir='ltr'>codice</span> <span class='ocrx_word' id='word_1_107' title='bbox 1038 2252 1267 2315; x_wconf 86' lang='lat' dir='ltr'>vitiosissimus</span> <span class='ocrx_word' id='word_1_108' title='bbox 1302 2256 1358 2316; x_wconf 86' lang='lat' dir='ltr'>est.</span> <span class='ocrx_word' id='word_1_109' title='bbox 1396 2248 1464 2315; x_wconf 88' lang='lat' dir='ltr'>Iam</span> <span class='ocrx_word' id='word_1_110' title='bbox 1500 2252 1631 2337; x_wconf 88' lang='lat' dir='ltr'>egregia</span> 
     </span>
     <span class='ocr_line' id='line_1_15' title="bbox 433 2355 1630 2443; baseline -0.004 -19"><span class='ocrx_word' id='word_1_111' title='bbox 433 2357 660 2424; x_wconf 87' lang='lat' dir='ltr'>emendatione</span> <span class='ocrx_word' id='word_1_112' title='bbox 683 2355 812 2443; x_wconf 79' lang='lat' dir='ltr'>Lipsius</span> <span class='ocrx_word' id='word_1_113' title='bbox 836 2356 984 2420; x_wconf 79' lang='lat' dir='ltr'>iustitium</span> <span class='ocrx_word' id='word_1_114' title='bbox 1008 2356 1113 2438; x_wconf 70' lang='lat' dir='ltr'>angeri</span> <span class='ocrx_word' id='word_1_115' title='bbox 1137 2356 1224 2422; x_wconf 87' lang='lat' dir='ltr'>dedit</span> <span class='ocrx_word' id='word_1_116' title='bbox 1247 2377 1305 2441; x_wconf 92' lang='lat' dir='ltr'>pro</span> <span class='ocrx_word' id='word_1_117' title='bbox 1329 2355 1464 2421; x_wconf 90' lang='lat' dir='ltr'>absurdo</span> <span class='ocrx_word' id='word_1_118' title='bbox 1487 2357 1535 2420; x_wconf 78' lang='lat' dir='ltr'>ius</span> <span class='ocrx_word' id='word_1_119' title='bbox 1559 2356 1630 2421; x_wconf 82' lang='lat' dir='ltr'>titia</span> 
     </span>
     <span class='ocr_line' id='line_1_16' title="bbox 431 2462 1630 2549; baseline -0.003 -20"><span class='ocrx_word' id='word_1_120' title='bbox 431 2465 568 2545; x_wconf 72' lang='lat' dir='ltr'>cuparii,</span> <span class='ocrx_word' id='word_1_121' title='bbox 593 2484 695 2549; x_wconf 88' lang='lat' dir='ltr'>neque</span> <span class='ocrx_word' id='word_1_122' title='bbox 719 2469 881 2548; x_wconf 87' lang='lat' dir='ltr'>praeterea</span> <span class='ocrx_word' id='word_1_123' title='bbox 906 2462 1114 2549; x_wconf 84' lang='lat' dir='ltr'>Madvigiana</span> <span class='ocrx_word' id='word_1_124' title='bbox 1138 2465 1332 2529; x_wconf 84' lang='lat' dir='ltr'>correctione</span> <span class='ocrx_word' id='word_1_125' title='bbox 1352 2470 1469 2527; x_wconf 78' lang='lat' dir='ltr'>coctum</span> <span class='ocrx_word' id='word_1_126' title='bbox 1488 2463 1531 2526; x_wconf 79' lang='lat' dir='ltr'>iri</span> <span class='ocrx_word' id='word_1_127' title='bbox 1550 2483 1630 2548; x_wconf 92' lang='lat' dir='ltr'>opus</span> 
     </span>
     <span class='ocr_line' id='line_1_17' title="bbox 434 2568 1630 2656; baseline -0.003 -19"><span class='ocrx_word' id='word_1_128' title='bbox 434 2593 505 2637; x_wconf 90' lang='lat' dir='ltr'>esse</span> <span class='ocrx_word' id='word_1_129' title='bbox 526 2574 649 2656; x_wconf 91' lang='lat' dir='ltr'>opinor.</span> <span class='ocrx_word' id='word_1_130' title='bbox 671 2568 772 2647; x_wconf 81' lang='lat' dir='ltr'>Tum,</span> <span class='ocrx_word' id='word_1_131' title='bbox 792 2576 877 2635; x_wconf 88' lang='lat' dir='ltr'>recte</span> <span class='ocrx_word' id='word_1_132' title='bbox 896 2576 934 2634; x_wconf 89' lang='lat' dir='ltr'>ut</span> <span class='ocrx_word' id='word_1_133' title='bbox 955 2569 1103 2654; x_wconf 91' lang='lat' dir='ltr'>equidem</span> <span class='ocrx_word' id='word_1_134' title='bbox 1122 2590 1249 2647; x_wconf 88' lang='lat' dir='ltr'>censeo,</span> <span class='ocrx_word' id='word_1_135' title='bbox 1272 2568 1447 2656; x_wconf 85' lang='lat' dir='ltr'>Seyffertus</span> <span class='ocrx_word' id='word_1_136' title='bbox 1459 2569 1630 2653; x_wconf 71' lang='lat' dir='ltr'>expleturae</span> 
     </span>
     <span class='ocr_line' id='line_1_18' title="bbox 434 2674 1629 2762; baseline -0.003 -19"><span class='ocrx_word' id='word_1_137' title='bbox 434 2680 570 2744; x_wconf 90' lang='lat' dir='ltr'>coniecit</span> <span class='ocrx_word' id='word_1_138' title='bbox 589 2698 645 2762; x_wconf 91' lang='lat' dir='ltr'>pro</span> <span class='ocrx_word' id='word_1_139' title='bbox 664 2676 832 2758; x_wconf 71' lang='lat' dir='ltr'>expleturos</span> <span class='ocrx_word' id='word_1_140' title='bbox 851 2681 884 2740; x_wconf 86' lang='lat' dir='ltr'>et</span> <span class='ocrx_word' id='word_1_141' title='bbox 903 2683 976 2741; x_wconf 87' lang='lat' dir='ltr'>ante</span> <span class='ocrx_word' id='word_1_142' title='bbox 995 2697 1067 2741; x_wconf 89' lang='lat' dir='ltr'>eam</span> <span class='ocrx_word' id='word_1_143' title='bbox 1078 2696 1191 2741; x_wconf 81' lang='lat' dir='ltr'>vocem</span> <span class='ocrx_word' id='word_1_144' title='bbox 1203 2674 1629 2752; x_wconf 74' lang='lat' dir='ltr'>Halminsinseruitmeliue,</span> 
     </span>
     <span class='ocr_line' id='line_1_19' title="bbox 433 2781 1628 2870; baseline 0.001 -24"><span class='ocrx_word' id='word_1_145' title='bbox 433 2785 521 2870; x_wconf 92' lang='lat' dir='ltr'>quod</span> <span class='ocrx_word' id='word_1_146' title='bbox 552 2781 816 2868; x_wconf 86' lang='lat' dir='ltr'>supplementum</span> <span class='ocrx_word' id='word_1_147' title='bbox 847 2782 930 2846; x_wconf 92' lang='lat' dir='ltr'>mihi</span> <span class='ocrx_word' id='word_1_148' title='bbox 961 2781 1090 2867; x_wconf 88' lang='lat' dir='ltr'>quidem</span> <span class='ocrx_word' id='word_1_149' title='bbox 1115 2784 1228 2866; x_wconf 85' lang='lat' dir='ltr'>utique</span> <span class='ocrx_word' id='word_1_150' title='bbox 1251 2785 1463 2847; x_wconf 88' lang='lat' dir='ltr'>necessarium</span> <span class='ocrx_word' id='word_1_151' title='bbox 1491 2782 1628 2847; x_wconf 83' lang='lat' dir='ltr'>videtur.</span> 
     </span>
     <span class='ocr_line' id='line_1_20' title="bbox 433 2887 1629 2975; baseline -0.003 -19"><span class='ocrx_word' id='word_1_152' title='bbox 433 2889 499 2956; x_wconf 78' lang='lat' dir='ltr'>Sed</span> <span class='ocrx_word' id='word_1_153' title='bbox 522 2910 607 2953; x_wconf 90' lang='lat' dir='ltr'>nunc</span> <span class='ocrx_word' id='word_1_154' title='bbox 629 2908 689 2975; x_wconf 93' lang='lat' dir='ltr'>ego</span> <span class='ocrx_word' id='word_1_155' title='bbox 713 2890 811 2953; x_wconf 90' lang='lat' dir='ltr'>etiam</span> <span class='ocrx_word' id='word_1_156' title='bbox 834 2891 867 2952; x_wconf 96' lang='lat' dir='ltr'>in</span> <span class='ocrx_word' id='word_1_157' title='bbox 892 2890 954 2952; x_wconf 92' lang='lat' dir='ltr'>isto</span> <span class='ocrx_word' id='word_1_158' title='bbox 971 2888 1073 2970; x_wconf 78' lang='lat' dir='ltr'>perite</span> <span class='ocrx_word' id='word_1_159' title='bbox 1096 2888 1250 2952; x_wconf 60' lang='lat' dir='ltr'>auderent</span> <span class='ocrx_word' id='word_1_160' title='bbox 1269 2888 1391 2954; x_wconf 89' lang='lat' dir='ltr'>haereo.</span> <span class='ocrx_word' id='word_1_161' title='bbox 1416 2887 1526 2975; x_wconf 90' lang='lat' dir='ltr'>Neque</span> <span class='ocrx_word' id='word_1_162' title='bbox 1543 2891 1629 2954; x_wconf 90' lang='lat' dir='ltr'>enim</span> 
     </span>
     <span class='ocr_line' id='line_1_21' title="bbox 433 2994 1630 3083; baseline -0.003 -20"><span class='ocrx_word' id='word_1_163' title='bbox 433 2996 616 3083; x_wconf 87' lang='lat' dir='ltr'>significare</span> <span class='ocrx_word' id='word_1_164' title='bbox 650 3016 686 3061; x_wconf 88' lang='lat' dir='ltr'>ea</span> <span class='ocrx_word' id='word_1_165' title='bbox 721 2994 818 3060; x_wconf 86' lang='lat' dir='ltr'>verba</span> <span class='ocrx_word' id='word_1_166' title='bbox 853 3002 1004 3080; x_wconf 87' lang='lat' dir='ltr'>possunt:</span> <span class='ocrx_word' id='word_1_167' title='bbox 1042 3001 1230 3080; x_wconf 88' lang='lat' dir='ltr'>„tamquam</span> <span class='ocrx_word' id='word_1_168' title='bbox 1263 2994 1370 3061; x_wconf 91' lang='lat' dir='ltr'>callidi</span> <span class='ocrx_word' id='word_1_169' title='bbox 1402 2996 1440 3061; x_wconf 88' lang='lat' dir='ltr'>de</span> <span class='ocrx_word' id='word_1_170' title='bbox 1471 2995 1630 3062; x_wconf 88' lang='lat' dir='ltr'>eiusmodi</span> 
     </span>
     <span class='ocr_line' id='line_1_22' title="bbox 434 3100 1630 3187; baseline -0.003 -17"><span class='ocrx_word' id='word_1_171' title='bbox 434 3104 558 3170; x_wconf 88' lang='lat' dir='ltr'>artibus</span> <span class='ocrx_word' id='word_1_172' title='bbox 588 3102 711 3168; x_wconf 90' lang='lat' dir='ltr'>iudices</span> <span class='ocrx_word' id='word_1_173' title='bbox 741 3100 937 3179; x_wconf 87' lang='lat' dir='ltr'>audissent”,</span> <span class='ocrx_word' id='word_1_174' title='bbox 970 3123 1089 3187; x_wconf 89' lang='lat' dir='ltr'>neque,</span> <span class='ocrx_word' id='word_1_175' title='bbox 1121 3103 1150 3166; x_wconf 89' lang='lat' dir='ltr'>si</span> <span class='ocrx_word' id='word_1_176' title='bbox 1180 3109 1326 3187; x_wconf 86' lang='lat' dir='ltr'>possent,</span> <span class='ocrx_word' id='word_1_177' title='bbox 1360 3101 1398 3167; x_wconf 91' lang='lat' dir='ltr'>de</span> <span class='ocrx_word' id='word_1_178' title='bbox 1428 3122 1466 3168; x_wconf 88' lang='lat' dir='ltr'>ea</span> <span class='ocrx_word' id='word_1_179' title='bbox 1488 3123 1521 3167; x_wconf 94' lang='lat' dir='ltr'>re</span> <span class='ocrx_word' id='word_1_180' title='bbox 1545 3123 1630 3167; x_wconf 87' lang='lat' dir='ltr'>nunc</span> 
     </span>
     <span class='ocr_line' id='line_1_23' title="bbox 433 3207 1629 3298; baseline -0.002 -23"><span class='ocrx_word' id='word_1_181' title='bbox 433 3214 554 3298; x_wconf 85' lang='lat' dir='ltr'>agitur.</span> <span class='ocrx_word' id='word_1_182' title='bbox 587 3210 745 3275; x_wconf 82' lang='lat' dir='ltr'>Universa</span> <span class='ocrx_word' id='word_1_183' title='bbox 776 3214 884 3273; x_wconf 88' lang='lat' dir='ltr'>tamen</span> <span class='ocrx_word' id='word_1_184' title='bbox 911 3207 973 3272; x_wconf 93' lang='lat' dir='ltr'>loci</span> <span class='ocrx_word' id='word_1_185' title='bbox 997 3210 1155 3273; x_wconf 86' lang='lat' dir='ltr'>sententia</span> <span class='ocrx_word' id='word_1_186' title='bbox 1178 3207 1353 3273; x_wconf 90' lang='lat' dir='ltr'>admodum</span> <span class='ocrx_word' id='word_1_187' title='bbox 1375 3215 1424 3274; x_wconf 85' lang='lat' dir='ltr'>est</span> <span class='ocrx_word' id='word_1_188' title='bbox 1446 3210 1629 3295; x_wconf 91' lang='lat' dir='ltr'>perspicua:</span> 
     </span>
     <span class='ocr_line' id='line_1_24' title="bbox 435 3314 1628 3401; baseline -0.002 -18"><span class='ocrx_word' id='word_1_189' title='bbox 435 3316 638 3397; x_wconf 88' lang='lat' dir='ltr'>„meliusne”</span> <span class='ocrx_word' id='word_1_190' title='bbox 659 3318 831 3401; x_wconf 91' lang='lat' dir='ltr'>antiquarii</span> <span class='ocrx_word' id='word_1_191' title='bbox 850 3314 900 3380; x_wconf 92' lang='lat' dir='ltr'>illi</span> <span class='ocrx_word' id='word_1_192' title='bbox 920 3321 1036 3401; x_wconf 86' lang='lat' dir='ltr'>rogant</span> <span class='ocrx_word' id='word_1_193' title='bbox 1056 3316 1224 3392; x_wconf 90' lang='lat' dir='ltr'>„homiues</span> <span class='ocrx_word' id='word_1_194' title='bbox 1244 3336 1283 3380; x_wconf 85' lang='lat' dir='ltr'>ex</span> <span class='ocrx_word' id='word_1_195' title='bbox 1304 3315 1414 3381; x_wconf 89' lang='lat' dir='ltr'>ordine</span> <span class='ocrx_word' id='word_1_196' title='bbox 1428 3314 1628 3401; x_wconf 88' lang='lat' dir='ltr'>amplissimo</span> 
     </span>
     <span class='ocr_line' id='line_1_25' title="bbox 433 3420 1630 3510; baseline -0.003 -20"><span class='ocrx_word' id='word_1_197' title='bbox 433 3424 756 3510; x_wconf 88' lang='lat' dir='ltr'>splendidissimoque</span> <span class='ocrx_word' id='word_1_198' title='bbox 777 3423 932 3509; x_wconf 82' lang='lat' dir='ltr'>gravibus</span> <span class='ocrx_word' id='word_1_199' title='bbox 956 3424 1023 3486; x_wconf 89' lang='lat' dir='ltr'>suis</span> <span class='ocrx_word' id='word_1_200' title='bbox 1046 3423 1080 3485; x_wconf 91' lang='lat' dir='ltr'>in</span> <span class='ocrx_word' id='word_1_201' title='bbox 1104 3420 1267 3506; x_wconf 84' lang='lat' dir='ltr'>republica</span> <span class='ocrx_word' id='word_1_202' title='bbox 1290 3422 1477 3487; x_wconf 90' lang='lat' dir='ltr'>muneribus</span> <span class='ocrx_word' id='word_1_203' title='bbox 1498 3423 1630 3508; x_wconf 86' lang='lat' dir='ltr'>fungen-</span> 
     </span>
     <span class='ocr_line' id='line_1_26' title="bbox 434 3527 1629 3608; baseline -0.003 -13"><span class='ocrx_word' id='word_1_204' title='bbox 434 3539 499 3608; x_wconf 89' lang='lat' dir='ltr'>tur,</span> <span class='ocrx_word' id='word_1_205' title='bbox 531 3528 721 3595; x_wconf 87' lang='lat' dir='ltr'>melioreane</span> <span class='ocrx_word' id='word_1_206' title='bbox 752 3549 804 3594; x_wconf 90' lang='lat' dir='ltr'>eos</span> <span class='ocrx_word' id='word_1_207' title='bbox 837 3527 1024 3593; x_wconf 85' lang='lat' dir='ltr'>habebimus</span> <span class='ocrx_word' id='word_1_208' title='bbox 1048 3527 1292 3593; x_wconf 84' lang='lat' dir='ltr'>iurisconsultus</span> <span class='ocrx_word' id='word_1_209' title='bbox 1315 3534 1348 3593; x_wconf 90' lang='lat' dir='ltr'>et</span> <span class='ocrx_word' id='word_1_210' title='bbox 1370 3528 1508 3607; x_wconf 90' lang='lat' dir='ltr'>iudices,</span> <span class='ocrx_word' id='word_1_211' title='bbox 1533 3532 1561 3593; x_wconf 91' lang='lat' dir='ltr'>si</span> <span class='ocrx_word' id='word_1_212' title='bbox 1582 3529 1629 3592; x_wconf 80' lang='lat' dir='ltr'>in·</span> 
     </span>
     <span class='ocr_line' id='line_1_27' title="bbox 433 3635 1629 3721; baseline 0 -20"><span class='ocrx_word' id='word_1_213' title='bbox 433 3644 522 3702; x_wconf 79' lang='lat' dir='ltr'>eunte</span> <span class='ocrx_word' id='word_1_214' title='bbox 540 3644 638 3701; x_wconf 76' lang='lat' dir='ltr'>octale</span> <span class='ocrx_word' id='word_1_215' title='bbox 660 3639 798 3701; x_wconf 90' lang='lat' dir='ltr'>istarum</span> <span class='ocrx_word' id='word_1_216' title='bbox 822 3655 948 3709; x_wconf 88' lang='lat' dir='ltr'>rerum,</span> <span class='ocrx_word' id='word_1_217' title='bbox 972 3656 1050 3721; x_wconf 91' lang='lat' dir='ltr'>quas</span> <span class='ocrx_word' id='word_1_218' title='bbox 1075 3637 1217 3701; x_wconf 89' lang='lat' dir='ltr'>nuncin</span> <span class='ocrx_word' id='word_1_219' title='bbox 1241 3637 1407 3702; x_wconf 89' lang='lat' dir='ltr'>civitatem</span> <span class='ocrx_word' id='word_1_220' title='bbox 1430 3635 1629 3702; x_wconf 91' lang='lat' dir='ltr'>introducere</span> 
     </span>
     <span class='ocr_line' id='line_1_28' title="bbox 432 3737 1630 3830; baseline -0.002 -21"><span class='ocrx_word' id='word_1_221' title='bbox 432 3743 542 3809; x_wconf 88' lang='lat' dir='ltr'>studet</span> <span class='ocrx_word' id='word_1_222' title='bbox 575 3746 738 3830; x_wconf 88' lang='lat' dir='ltr'>princeps,</span> <span class='ocrx_word' id='word_1_223' title='bbox 775 3743 946 3828; x_wconf 90' lang='lat' dir='ltr'>participes</span> <span class='ocrx_word' id='word_1_224' title='bbox 981 3737 1143 3807; x_wconf 79' lang='lat' dir='ltr'>fuerintl&#39;&#39;</span> <span class='ocrx_word' id='word_1_225' title='bbox 1187 3741 1271 3807; x_wconf 88' lang='lat' dir='ltr'>Nam</span> <span class='ocrx_word' id='word_1_226' title='bbox 1301 3744 1488 3827; x_wconf 86' lang='lat' dir='ltr'>praesertim</span> <span class='ocrx_word' id='word_1_227' title='bbox 1520 3741 1559 3807; x_wconf 93' lang='lat' dir='ltr'>de</span> <span class='ocrx_word' id='word_1_228' title='bbox 1588 3744 1630 3807; x_wconf 89' lang='lat' dir='ltr'>iis</span> 
     </span>
     <span class='ocr_line' id='line_1_29' title="bbox 433 3847 1628 3935; baseline -0.002 -20"><span class='ocrx_word' id='word_1_229' title='bbox 433 3851 530 3916; x_wconf 90' lang='lat' dir='ltr'>rebus</span> <span class='ocrx_word' id='word_1_230' title='bbox 560 3851 613 3915; x_wconf 89' lang='lat' dir='ltr'>hic</span> <span class='ocrx_word' id='word_1_231' title='bbox 644 3850 698 3935; x_wconf 89' lang='lat' dir='ltr'>agi</span> <span class='ocrx_word' id='word_1_232' title='bbox 729 3850 945 3934; x_wconf 89' lang='lat' dir='ltr'>cogitarique,</span> <span class='ocrx_word' id='word_1_233' title='bbox 977 3868 1055 3934; x_wconf 92' lang='lat' dir='ltr'>quas</span> <span class='ocrx_word' id='word_1_234' title='bbox 1086 3854 1188 3912; x_wconf 79' lang='lat' dir='ltr'>tenero</span> <span class='ocrx_word' id='word_1_235' title='bbox 1211 3855 1295 3911; x_wconf 75' lang='lat' dir='ltr'>actor</span> <span class='ocrx_word' id='word_1_236' title='bbox 1318 3847 1472 3913; x_wconf 92' lang='lat' dir='ltr'>ludorum</span> <span class='ocrx_word' id='word_1_237' title='bbox 1493 3847 1628 3913; x_wconf 88' lang='lat' dir='ltr'>illorum</span> 
     </span>
     <span class='ocr_line' id='line_1_30' title="bbox 434 3953 1628 4040; baseline -0.001 -19"><span class='ocrx_word' id='word_1_238' title='bbox 434 3959 596 4023; x_wconf 85' lang='lat' dir='ltr'>occasione</span> <span class='ocrx_word' id='word_1_239' title='bbox 628 3954 724 4020; x_wconf 89' lang='lat' dir='ltr'>faciet</span> <span class='ocrx_word' id='word_1_240' title='bbox 754 3953 990 4040; x_wconf 86' lang='lat' dir='ltr'>spectabitque,</span> <span class='ocrx_word' id='word_1_241' title='bbox 1015 3953 1211 4032; x_wconf 80' lang='lat' dir='ltr'>velariis,</span> <span class='ocrx_word' id='word_1_242' title='bbox 1236 3975 1316 4040; x_wconf 89' lang='lat' dir='ltr'>quae</span> <span class='ocrx_word' id='word_1_243' title='bbox 1341 3956 1529 4020; x_wconf 80' lang='lat' dir='ltr'>citavimus:</span> <span class='ocrx_word' id='word_1_244' title='bbox 1555 3955 1628 4032; x_wconf 88' lang='lat' dir='ltr'>„de-</span> 
     </span>
    </p>
   </div>
   <div class='ocr_carea' id='block_1_4' title="bbox 431 4059 1628 4448">
    <p class='ocr_par' dir='ltr' id='par_1_6' title="bbox 431 4059 1628 4448">
     <span class='ocr_line' id='line_1_31' title="bbox 432 4059 1627 4151; baseline -0.002 -23"><span class='ocrx_word' id='word_1_245' title='bbox 432 4069 627 4151; x_wconf 88' lang='lat' dir='ltr'>generetque</span> <span class='ocrx_word' id='word_1_246' title='bbox 661 4060 777 4126; x_wconf 86' lang='lat' dir='ltr'>studiis</span> <span class='ocrx_word' id='word_1_247' title='bbox 811 4062 951 4125; x_wconf 88' lang='lat' dir='ltr'>externis</span> <span class='ocrx_word' id='word_1_248' title='bbox 980 4059 1155 4126; x_wconf 83' lang='lat' dir='ltr'>iuventus&#39;’</span> <span class='ocrx_word' id='word_1_249' title='bbox 1187 4081 1284 4146; x_wconf 88' lang='lat' dir='ltr'>quam</span> <span class='ocrx_word' id='word_1_250' title='bbox 1315 4063 1457 4126; x_wconf 85' lang='lat' dir='ltr'>maxime</span> <span class='ocrx_word' id='word_1_251' title='bbox 1487 4066 1627 4148; x_wconf 87' lang='lat' dir='ltr'>apparet.</span> 
     </span>
     <span class='ocr_line' id='line_1_32' title="bbox 431 4166 1628 4255; baseline -0.001 -21"><span class='ocrx_word' id='word_1_252' title='bbox 431 4170 520 4255; x_wconf 80' lang='lat' dir='ltr'>Ergo</span> <span class='ocrx_word' id='word_1_253' title='bbox 552 4188 613 4233; x_wconf 94' lang='lat' dir='ltr'>non</span> <span class='ocrx_word' id='word_1_254' title='bbox 646 4167 759 4232; x_wconf 90' lang='lat' dir='ltr'>dubito</span> <span class='ocrx_word' id='word_1_255' title='bbox 788 4170 866 4252; x_wconf 92' lang='lat' dir='ltr'>quin</span> <span class='ocrx_word' id='word_1_256' title='bbox 889 4187 946 4251; x_wconf 94' lang='lat' dir='ltr'>pro</span> <span class='ocrx_word' id='word_1_257' title='bbox 963 4166 1064 4249; x_wconf 80' lang='lat' dir='ltr'>perite</span> <span class='ocrx_word' id='word_1_258' title='bbox 1086 4166 1261 4254; x_wconf 88' lang='lat' dir='ltr'>legendum</span> <span class='ocrx_word' id='word_1_259' title='bbox 1284 4169 1327 4232; x_wconf 92' lang='lat' dir='ltr'>sit</span> <span class='ocrx_word' id='word_1_260' title='bbox 1343 4168 1454 4250; x_wconf 77' lang='lat' dir='ltr'>pueri,</span> <span class='ocrx_word' id='word_1_261' title='bbox 1478 4188 1541 4253; x_wconf 90' lang='lat' dir='ltr'>qua</span> <span class='ocrx_word' id='word_1_262' title='bbox 1563 4189 1628 4233; x_wconf 89' lang='lat' dir='ltr'>cor-</span> 
     </span>
     <span class='ocr_line' id='line_1_33' title="bbox 434 4272 1627 4362; baseline -0.002 -21"><span class='ocrx_word' id='word_1_263' title='bbox 434 4278 575 4342; x_wconf 88' lang='lat' dir='ltr'>rectione</span> <span class='ocrx_word' id='word_1_264' title='bbox 605 4273 769 4339; x_wconf 90' lang='lat' dir='ltr'>lenissima</span> <span class='ocrx_word' id='word_1_265' title='bbox 800 4274 928 4339; x_wconf 87' lang='lat' dir='ltr'>tandem</span> <span class='ocrx_word' id='word_1_266' title='bbox 959 4272 1129 4359; x_wconf 90' lang='lat' dir='ltr'>aliquando</span> <span class='ocrx_word' id='word_1_267' title='bbox 1161 4279 1248 4339; x_wconf 87' lang='lat' dir='ltr'>totus</span> <span class='ocrx_word' id='word_1_268' title='bbox 1278 4273 1367 4340; x_wconf 91' lang='lat' dir='ltr'>locus</span> <span class='ocrx_word' id='word_1_269' title='bbox 1397 4276 1431 4339; x_wconf 91' lang='lat' dir='ltr'>in</span> <span class='ocrx_word' id='word_1_270' title='bbox 1461 4277 1627 4362; x_wconf 88' lang='lat' dir='ltr'>integrum</span> 
     </span>
     <span class='ocr_line' id='line_1_34' title="bbox 433 4380 767 4448; baseline -0.012 0"><span class='ocrx_word' id='word_1_271' title='bbox 433 4384 605 4448; x_wconf 89' lang='lat' dir='ltr'>restitutus</span> <span class='ocrx_word' id='word_1_272' title='bbox 629 4380 767 4447; x_wconf 86' lang='lat' dir='ltr'>videtur.</span> 
     </span>
    </p>
   </div>
   <div class='ocr_carea' id='block_1_5' title="bbox 431 4590 1626 4886">
    <p class='ocr_par' dir='ltr' id='par_1_7' title="bbox 431 4590 1626 4886">
     <span class='ocr_line' id='line_1_35' title="bbox 477 4590 1626 4680; baseline 0.001 -22"><span class='ocrx_word' id='word_1_273' title='bbox 477 4596 516 4658; x_wconf 86' lang='grc' dir='ltr'>Α.</span> <span class='ocrx_word' id='word_1_274' title='bbox 540 4590 626 4669; x_wconf 85' lang='lat' dir='ltr'>XIV,</span> <span class='ocrx_word' id='word_1_275' title='bbox 651 4590 705 4657; x_wconf 84' lang='lat'>29.</span> <span class='ocrx_word' id='word_1_276' title='bbox 730 4591 792 4672; x_wconf 81' lang='lat' dir='ltr'>Qui</span> <span class='ocrx_word' id='word_1_277' title='bbox 812 4591 965 4657; x_wconf 89' lang='lat' dir='ltr'>hactenus</span> <span class='ocrx_word' id='word_1_278' title='bbox 985 4594 1018 4656; x_wconf 94' lang='lat' dir='ltr'>in</span> <span class='ocrx_word' id='word_1_279' title='bbox 1039 4592 1205 4657; x_wconf 89' lang='lat' dir='ltr'>Britannia</span> <span class='ocrx_word' id='word_1_280' title='bbox 1223 4593 1425 4678; x_wconf 86' lang='lat' dir='ltr'>praefuerant</span> <span class='ocrx_word' id='word_1_281' title='bbox 1442 4592 1626 4680; x_wconf 89' lang='lat' dir='ltr'>legionibus</span> 
     </span>
     <span class='ocr_line' id='line_1_36' title="bbox 431 4697 925 4784; baseline -0.004 -18"><span class='ocrx_word' id='word_1_282' title='bbox 431 4700 519 4766; x_wconf 91' lang='lat' dir='ltr'>haud</span> <span class='ocrx_word' id='word_1_283' title='bbox 543 4697 686 4765; x_wconf 88' lang='lat' dir='ltr'>multum</span> <span class='ocrx_word' id='word_1_284' title='bbox 712 4699 925 4784; x_wconf 87' lang='lat' dir='ltr'>profecerant:</span> 
     </span>
     <span class='ocr_line' id='line_1_37' title="bbox 481 4804 1626 4886; baseline 0.005 -14"><span class='ocrx_word' id='word_1_285' title='bbox 481 4806 565 4886; x_wconf 78' lang='lat' dir='ltr'>,Sed</span> <span class='ocrx_word' id='word_1_286' title='bbox 594 4814 666 4871; x_wconf 93' lang='lat' dir='ltr'>tum</span> <span class='ocrx_word' id='word_1_287' title='bbox 698 4804 854 4870; x_wconf 89' lang='lat' dir='ltr'>Paulinus</span> <span class='ocrx_word' id='word_1_288' title='bbox 886 4804 1061 4872; x_wconf 79' lang='lat' dir='ltr'>Suetonius</span> <span class='ocrx_word' id='word_1_289' title='bbox 1092 4806 1255 4872; x_wconf 87' lang='lat' dir='ltr'>obtinebat</span> <span class='ocrx_word' id='word_1_290' title='bbox 1284 4806 1470 4886; x_wconf 87' lang='lat' dir='ltr'>Britannos,</span> <span class='ocrx_word' id='word_1_291' title='bbox 1494 4810 1626 4878; x_wconf 80' lang='lat' dir='ltr'>scient&#39;a</span> 
     </span>
    </p>
   </div>
   <div class='ocr_carea' id='block_1_6' title="bbox 0 0 2268 5942">
    <p class='ocr_par' dir='ltr' id='par_1_8' title="bbox 0 0 2268 5942">
     <span class='ocr_line' id='line_1_38' title="bbox 0 0 2268 5942; baseline 0 0"><span class='ocrx_word' id='word_1_292' title='bbox 0 0 2268 5942; x_wconf 95' lang='lat' dir='ltr'> </span> 
     </span>
    </p>
   </div>
  </div>
 </body>
</html>
