4525 5950
946 702 1102 755 roseros.
1554 686 1620 756 211

433 872 566 958 quidem
596 872 734 950 iudicio,
766 872 819 938 sed
852 872 961 937 sedulo
996 880 1029 937 et
1062 875 1108 937 ita
1143 879 1180 936 ut
1214 872 1275 937 sibi
1308 872 1429 958 aliquid
1465 879 1623 959 praestare

433 980 610 1056 rideretur,
645 978 728 1064 quod
763 981 895 1065 cognitu
930 984 1013 1044 esset
1044 978 1273 1064 dignissimum
1305 985 1337 1044 et
1365 977 1471 1044 lucem
1502 979 1625 1044 afferret

433 1085 624 1151 Terentium
648 1085 840 1172 legentibus.

481 1191 564 1259 Oum
597 1194 694 1258 huius
725 1195 873 1279 magistri
903 1191 1158 1269 lucubrationes,
1182 1194 1238 1277 qui
1261 1212 1279 1256 a
1303 1190 1434 1277 reliquis
1456 1190 1626 1278 interpola

434 1300 560 1364 toribus
591 1322 654 1366 non
685 1303 792 1363 minus
817 1299 914 1364 distat
938 1319 1034 1384 quam
1057 1318 1075 1362 a
1098 1297 1222 1364 Donato
1246 1304 1278 1364 ot
1301 1298 1442 1364 medium
1467 1299 1626 1385 quendam

433 1403 544 1470 locum
578 1407 663 1470 inter
693 1412 843 1489 utrosque
879 1404 1018 1482 obtinet,
1054 1407 1169 1489 cuique
1203 1411 1275 1490 post
1309 1407 1417 1490 ipsum
1453 1407 1624 1470 commenti

435 1517 599 1576 auctorem
632 1509 767 1588 scholia,
801 1532 861 1575 non
892 1509 995 1575 dicam
1027 1512 1167 1595 optima,
1198 1510 1251 1574 sed
1282 1509 1424 1596 plurima
1455 1517 1485 1577 et
1509 1511 1627 1597 longis·

435 1619 518 1681 sima
550 1617 745 1703 adsignanda
772 1637 839 1683 esse
862 1616 1023 1695 videntur,
1049 1618 1146 1682 huius
1168 1625 1271 1703 igitur
1292 1616 1529 1683 lucubrationes
1552 1638 1627 1683 cum
1727 1636 1732 1645 ·

435 1744 652 1809 persequerer,
689 1721 827 1788 aliorum
858 1744 983 1808 quoque
1014 1726 1247 1809 magistrorum
1278 1723 1415 1790 duorum
1442 1723 1496 1789 vel
1526 1726 1627 1789 trium

435 1831 576 1916 vestigia
599 1832 676 1894 satis
700 1839 785 1895 certa
809 1832 949 1915 repperi,
975 1829 1013 1894 de
1037 1831 1152 1915 quibus
1176 1837 1284 1916 postea
1302 1830 1418 1917 agendi
1436 1829 1526 1896 locus
1544 1831 1626 1895 mihi

437 1934 575 2000 dabitur.
600 1926 697 2000 Nunc'
717 1939 812 2001 unius
837 1934 1025 2023 Philosophi
1049 1935 1185 2013 scholia,
1205 1957 1285 2021 quae
1304 1937 1515 2023 deprehendi,
1534 1939 1628 2002 omis-

436 2043 483 2105 sis
514 2040 618 2107 dubiis
649 2052 681 2107 et
711 2045 842 2107 incertis
870 2045 1034 2128 tripartito
1066 2043 1216 2119 referam,
1249 2064 1362 2129 nempe
1390 2065 1471 2129 quae
1490 2050 1627 2109 tractant

437 2151 647 2214 sermonis
678 2149 972 2226 differentias,
1004 2146 1309 2214 vocabulorum
1341 2151 1628 2236 significatio

436 2274 508 2318 nes
537 2263 577 2319 et
608 2262 766 2341 styma,
800 2258 1113 2320 sententiarum
1142 2257 1533 2341 interpretationes.
1563 2255 1627 2320 Ad-

435 2360 511 2426 dam
532 2365 629 2427 etiam
651 2363 713 2427 duo
734 2362 927 2428 scholiorum
947 2382 1081 2448 genera,
1102 2382 1183 2447 quae
1202 2361 1259 2426 has
1278 2361 1453 2448 peculiares
1472 2361 1627 2428 formulas

438 2468 628 2533 ostendunt:
652 2492 710 2532 non
734 2451 933 2548 (nee)—eed
956 2475 988 2533 ot
1010 2476 1162 2532 utrum-1
1178 2475 1274 2532 utram
1297 2493 1337 2532 an
1361 2471 1445 2548 sim,
1469 2489 1547 2554 quas
1571 2467 1626 2534 ille

436 2595 501 2639 non
524 2574 656 2660 quidem
680 2574 785 2652 solus,
810 2575 864 2640 sed
887 2584 1012 2661 praeter
1035 2583 1154 2640 ceteros
1176 2575 1339 2641 adamavit
1362 2579 1408 2640 ita
1430 2578 1520 2641 utin
1541 2575 1627 2640 scho-

435 2681 491 2746 liis
521 2684 655 2767 originis
686 2682 800 2746 dubiae
831 2693 1001 2769 patronum
1032 2703 1129 2746 suum
1160 2685 1250 2767 quasi
1282 2682 1459 2769 designent.
1490 2682 1626 2746 initium

436 2788 551 2853 faciam
575 2788 614 2852 ab
637 2787 805 2853 Andria.

482 2893 528 2958 De
546 2894 686 2958 hominis
706 2901 809 2959 aetate
828 2894 887 2959 hoc
907 2900 1034 2959 tantum
1053 2893 1214 2959 adfirmari
1232 2901 1352 2981 potest,
1373 2916 1446 2961 cum
1463 2896 1626 2981 scripsisse

435 3008 511 3087 post
544 3000 723 3078 Donatum,
761 3004 816 3087 qui
851 3008 931 3067 teste
966 3000 1123 3086 discipulo
1155 3000 1354 3088 Hieronymo
1385 3004 1467 3067 circa
1497 3023 1525 3067 a.
1559 3000 1624 3066 353

436 3107 557 3173 Romae
587 3110 722 3194 insignis
753 3108 939 3185 habebatur,
971 3114 1003 3172 et
1033 3115 1105 3171 ante
1129 3107 1271 3172 medium
1296 3107 1461 3172 saeculum
1485 3107 1538 3184 Vl,
1561 3129 1625 3193 quo

435 3221 579 3298 tempore
602 3222 710 3279 nostra
733 3217 910 3279 commenti
933 3216 1072 3279 recensio
1096 3220 1166 3278 orta
1184 3235 1253 3279 esse
1272 3215 1402 3279 videtur
1421 3214 1626 3293 (Wesener

434 3322 533 3406 praef.
563 3343 594 3407 p.
626 3328 714 3401 xus).
750 3322 832 3387 Puto
867 3328 975 3387 autem
1012 3343 1085 3386 eum
1121 3343 1185 3387 non
1219 3321 1324 3386 multo
1359 3328 1432 3408 post
1462 3321 1624 3387 Donatum

435 3427 610 3505 laborasse,
644 3450 718 3493 cum
747 3427 844 3492 huius
868 3428 1059 3504 aemulatio,
1084 3449 1181 3513 quam
1205 3428 1347 3505 affectat,
1372 3431 1455 3493 inter
1478 3426 1625 3513 aequales

434 3541 491 3599 aut
515 3555 667 3619 suppares
687 3534 879 3621 probabilior
898 3537 941 3598 sit
958 3555 1055 3619 quam
1077 3536 1160 3598 inter
1178 3542 1282 3599 aetate
1301 3537 1398 3599 nimis
1418 3534 1582 3600 distantes.

481 3639 541 3704 Sed
562 3639 692 3704 uliares
712 3642 982 3725 estgravissima.
1003 3639 1052 3703 Ex
1073 3638 1225 3725 peculiari
1237 3638 1430 3705 scholiorum
1442 3640 1624 3706 condicione

439 3745 478 3809 ad
509 3746 802 3811 Phormionem
834 3745 918 3828 113,
952 3746 1008 3809 uhi
1031 3767 1092 3810 non
1117 3749 1225 3811 omnia
1248 3749 1280 3810 in
1305 3768 1406 3811 unum
1430 3754 1625 3834 congregata

437 3850 592 3937 leguntur
623 3858 661 3916 ut
690 3856 725 3916 in
755 3850 876 3937 reliquo
907 3858 1101 3930 commento,
1134 3852 1188 3915 sed
1211 3852 1314 3916 divisa
1336 3855 1370 3916 in
1394 3851 1473 3917 duos
1497 3853 1624 3918 ordines

435 3959 519 4022 inter
541 3979 575 4022 se
594 3958 753 4034 diversos,
774 3979 910 4043 quorum
930 3959 1016 4042 prior
1034 3956 1152 4023 scholia
1172 3957 1288 4022 Donati
1307 3965 1339 4022 et
1359 3958 1623 4043 interpolatorum

438 4066 580 4128 continet
610 4084 628 4128 a
658 4085 705 4128 vs.
731 4062 750 4128 7
775 4062 814 4128 ad
837 4064 934 4129 finem
956 4083 1084 4128 scaenae
1107 4085 1155 4129 vs.
1181 4063 1234 4141 93,
1259 4064 1339 4129 alter
1363 4065 1426 4129 alia
1450 4065 1621 4130 eorundem

436 4192 454 4236 a
477 4192 525 4235 vs.
552 4171 571 4234 5
596 4170 635 4235 ad
661 4191 705 4234 vs.
728 4169 781 4246 93,
807 4168 1052 4235 Wessnerus
1077 4176 1149 4254 post
1172 4169 1401 4235 Sabhadini
1425 4170 1531 4249 (Stud.
1551 4170 1622 4236 Ital.

436 4274 465 4340 ΙΙ
492 4297 520 4360 p.
547 4277 625 4360 deq.
652 4276 766 4360 12sq.)
791 4275 828 4341 de
847 4278 1020 4340 commenti
1041 4278 1164 4361 origine
1185 4280 1229 4340 sio
1249 4276 1393 4341 concludi
1414 4299 1503 4362 posse
1524 4280 1623 4362 suspi-

436 4391 537 4457 catur,
570 4383 666 4466 praef.
698 4404 729 4468 p.
754 4401 848 4447 xnvrz
874 4380 1082 4458 „Genuinum
1108 4382 1225 4448 Donati
1248 4398 1466 4448 commentum
1490 4386 1523 4446 in
1548 4383 1624 4446 duo-

434 4510 509 4552 rum
539 4498 760 4574 excerptorum
792 4509 906 4553 manus
937 4488 1066 4564 incidit,
1098 4493 1153 4574 qui
1185 4498 1310 4555 servato
1334 4492 1472 4555 auctoris
1496 4493 1623 4553 nomine

431 4594 486 4672 (cf.
514 4595 610 4677 praef.
635 4616 665 4680 p.
691 4613 818 4659 xxxam
838 4595 875 4659 de
895 4593 991 4659 schol.
1014 4592 1148 4674 Victor.)
1166 4595 1284 4660 scholia
1304 4598 1478 4659 maximam
1500 4606 1622 4679 partem

430 4700 508 4789 plus
532 4705 679 4768 minusve
703 4704 928 4768 transformata
950 4705 983 4765 in
1007 4700 1269 4768 Terentianorum
1293 4703 1437 4768 codicum
1462 4706 1622 4788 margines

427 4808 675 4874 transtulerunt.
699 4809 890 4874 Procedente
916 4816 1057 4892 tempore
1077 4812 1201 4887 evenit,
1222 4816 1260 4873 ut
1279 4811 1385 4874 variae
1404 4808 1622 4875 adnotationes
