4525 5950
646 684 714 750 258
1149 705 1314 754 rmueuoa.

651 872 710 932 viri
743 870 826 934 doct-i
858 869 1026 936 lectionem
1056 871 1209 935 traditam
1232 870 1391 957 explicent
1414 874 1531 949 nescio,
1557 874 1707 957 suspicor
1729 879 1836 936 aumm

648 997 758 1040 omnes
787 979 820 1040 in
853 975 991 1041 Dissenii
1022 985 1053 1041 et
1078 977 1309 1043 Wunderliobii
1332 980 1529 1063 acquiescere
1553 978 1837 1055 annotationibus,

648 1080 831 1146 docentium
855 1082 1001 1146 tristitiae
1024 1083 1242 1147 dissolvendam
1265 1083 1375 1148 eodem
1398 1083 1491 1149 modo
1515 1083 1640 1149 dictum
1663 1105 1753 1161 ease,
1777 1105 1838 1169 qno

648 1188 731 1273 apud
755 1185 938 1254 Ciceronem
962 1188 1057 1271 tequea
1078 1190 1191 1253 solvere
1213 1196 1246 1254 et
1268 1189 1353 1275 apud
1375 1189 1548 1255 Horatium
1567 1213 1692 1272 operam
1712 1190 1838 1255 cotetae.

646 1294 744 1373 Quasi
764 1315 837 1359 vero
858 1295 939 1359 nibil
958 1297 1085 1359 intersit
1103 1318 1179 1380 quae
1198 1295 1342 1361 solvendi
1359 1297 1448 1361 verbi
1460 1298 1566 1381 form
1584 1298 1631 1360 sio
1649 1299 1839 1382 genitivum

647 1401 809 1466 adsciscat.
842 1401 926 1466 Nam
958 1401 1042 1485 qnod
1071 1404 1163 1466 aiunt
1191 1402 1407 1465 dissolvendum
1439 1404 1512 1466 dore
1541 1401 1628 1466 idem
1659 1402 1843 1488 essequod

647 1508 816 1584 diesoloere,
851 1508 884 1572 id
918 1509 1048 1594 quidem
1083 1508 1176 1593 plane
1207 1508 1299 1573 nihili
1331 1516 1388 1573 est.
1421 1508 1551 1577 Confert
1575 1509 1845 1575 Wunderlicbim

647 1612 813 1701 Lygdami
837 1635 964 1678 versum
988 1613 1058 1695 (III,
1083 1614 1114 1692 6,
1127 1614 1171 1679 28
1195 1614 1280 1699 apud
1303 1613 1404 1694 Tibi:

1181 1719 1276 1786 Venti
1298 1725 1467 1787 temeraria
1490 1707 1564 1788 vota

825 1829 940 1892 Aerias
964 1833 996 1892 et
1021 1827 1120 1892 nubes
1145 1827 1322 1912 diripienda
1345 1829 1456 1893 ferant.

694 1932 784 2011 Quod
808 1932 846 1997 de
868 1932 964 1996 centia
986 1934 1167 2018 nubibusque
1189 1935 1363 1999 rectissime
1387 1935 1513 2014 dicitur,
1537 1941 1570 1999 at
1593 1934 1694 2021 plane
1722 1937 1847 2003 diversa

648 2046 696 2104 est
720 2038 785 2102 cini
808 2042 900 2104 ratio.
923 2039 966 2104 Et
988 2038 1095 2103 Ovidii
1120 2039 1207 2104 Fast.
1230 2039 1272 2115 II,
1298 2040 1381 2104 521:

828 2144 947 2210 Usibus
971 2145 1127 2210 admoniti
1150 2145 1288 2210 dammis
1312 2147 1459 2212 torrenda
1482 2147 1636 2212 dederuut
1661 2149 1795 2229 (sarrai,

650 2253 705 2337 qui
736 2271 847 2315 versus
877 2251 929 2316 vel
959 2254 1100 2316 maxime
1123 2250 1400 2317 Wunderlicbium
1425 2252 1603 2338 redarguit:
1638 2252 1742 2319 docet
1767 2259 1849 2321 enim

651 2358 746 2421 doadi
776 2358 928 2434 verbum,
961 2379 1036 2423 cum
1067 2358 1255 2423 adiunctum
1287 2359 1348 2422 sibi
1379 2359 1475 2424 babet
1503 2360 1729 2440 perendinam,
1756 2385 1848 2428 snum

651 2465 713 2528 sibi
736 2463 880 2550 flaffltare
904 2463 1046 2528 datam.
1072 2463 1246 2541 Perstabit,
1271 2473 1320 2528 sat
1343 2466 1425 2540 ecio,
1448 2467 1482 2528 in
1503 2464 1705 2531 editionibus
1729 2467 1850 2533 Tibulli

654 2569 750 2635 lectio
782 2570 914 2647 tradita,
946 2575 979 2635 at
1006 2591 1066 2657 ego
1091 2591 1217 2655 semper
1239 2571 1368 2656 posthac
1392 2569 1444 2636 vel
1465 2574 1578 2636 inritis
1604 2575 1770 2640 omnibus
1792 2576 1851 2641 edi·

653 2677 776 2741 toribus
799 2675 924 2762 legam:

831 2788 957 2868 pectora
978 2781 1120 2849 laetitiae
1144 2782 1346 2849 dissoluenda
1369 2782 1466 2848 dedit.

696 2889 812 2955 Bacchi
841 2892 932 2954 iussu
962 2887 1085 2954 laetitia
1115 2899 1242 2975 pectora
1264 2889 1411 2967 de‘asotoit,
1435 2891 1519 2954 curis
1544 2892 1712 2956 nimirum
1739 2902 1773 2959 et
1798 2893 1851 2960 sol

656 2997 836 3074 licitudine‚
861 2997 899 3062 of.
925 2995 984 3061 Ov.
1010 2996 1088 3061 Met.
1117 2996 1184 3073 VII,
1210 2996 1274 3062 186

1059 3102 1215 3168 Homines
1237 3104 1443 3188 volucresque
1467 3104 1612 3188 ferasque

833 3209 979 3275 Solverat
1002 3209 1068 3275 alta
1091 3213 1181 3295 quies

658 3325 690 3383 et
713 3316 754 3392 x,
781 3314 845 3380 369

832 3420 972 3508 Corpora
994 3444 1125 3487 somnus
1149 3421 1298 3488 solverat.

664 3648 899 3657 -------

1103 3813 1146 3858 sl)
1170 3810 1392 3859 PLU'I'ARCHUH.

697 3980 796 4045 Marc.
822 3979 841 4043 3
866 3980 986 4058 (Sint).
1017 3974 1153 4044 Romani
1185 3981 1275 4043 iussu
1304 3976 1460 4044 librorum
1483 3977 1728 4065 Sibyllinorum
1753 3980 1845 4047 Grae

657 4109 730 4152 oum
760 4084 994 4172 Graecumque,
1026 4084 1158 4152 Gallum
1186 4083 1375 4171 Gallumque
1399 4089 1489 4150 vivos
1510 4088 1545 4149 in
1568 4085 1635 4150 foro
1661 4087 1776 4153 boario
1800 4088 1844 4152 de

658 4194 821 4269 foderunt,
853 4188 894 4260 οἷς
928 4192 971 4255 ἔτι
1004 4194 1054 4254 καὶ
1088 4198 1137 4255 νῦν
1170 4193 1199 4253 ἐν
1230 4195 1271 4270 τῷ
1300 4194 1462 4271 Νοεμβρίῳ
1486 4194 1556 4266 μηνὶ
1581 4191 1688 4266 δρῶσιν
1712 4191 1845 4269 Ἕλλησι

657 4300 709 4363 καὶ
736 4302 895 4369 Γαλάταις
919 4300 1100 4375 ἀπορρήτους
1124 4300 1173 4360 καὶ
1195 4299 1340 4366 ἀθεάτους
1360 4301 1537 4376 ἱερουργίας.
1558 4298 1646 4374 Nou,
1669 4307 1710 4363 ut
1727 4303 1846 4386 opinor,

656 4407 789 4469 miserae
820 4403 894 4470 illae
926 4407 1077 4469 victimae
1109 4403 1226 4468 honore
1259 4403 1314 4468 illo
1346 4404 1572 4480 afficiebantur,
1606 4410 1656 4479 et,
1683 4408 1712 4469 si
1737 4407 1847 4471 afficio·

657 4513 782 4585 bantur,
806 4532 862 4575 cur
885 4509 1043 4577 Graecum
1067 4506 1261 4593 Gallumque
1286 4510 1392 4574 adesse
1416 4510 1502 4574 nefas
1524 4506 1612 4573 eratl
1636 4509 1711 4575 Non
1733 4517 1848 4578 retinet

657 4639 709 4681 me
732 4617 839 4681 hiatus
862 4626 968 4682 metus
991 4618 1164 4701 quominus
1187 4636 1243 4700 pro
1266 4611 1307 4685 οἷς
1332 4615 1505 4702 legendum
1528 4636 1676 4681 censeam
1701 4615 1746 4682 οὗ.

1646 4721 1678 4788 J.
1703 4723 1735 4790 J.
1762 4725 1806 4791 H.

1152 4843 1342 4852 -——-.-..
