4525 5950
1057 704 1222 753 nuomuua.
1692 683 1734 750 57

539 890 636 934 nemo
661 868 845 934 reformidet
852 890 860 947 ;
886 871 942 953 qui
965 869 1074 955 refelli
1097 891 1160 934 non
1184 873 1301 955 possit,
1327 872 1415 935 arcui
1436 875 1483 934 est
1503 868 1734 955 imponendus,

539 978 568 1039 si
592 973 812 1039 adversarium
831 973 987 1060 configere
1008 974 1099 1041 velis.
1123 975 1236 1061 ltaque
1257 975 1401 1062 legatur:
1424 975 1734 1052 ἀναπελὲγιισιρ.

540 1079 629 1144 Alibi
664 1101 726 1144 non
759 1101 922 1145 occurrere
952 1083 980 1144 si
1010 1081 1090 1146 forte
1121 1082 1269 1158 obiicias,
1301 1089 1333 1147 et
1363 1082 1445 1145 mihi
1476 1083 1509 1146 id
1541 1080 1732 1167 religionem

539 1185 648 1263 affert,
681 1187 791 1251 fateor.
824 1185 1026 1272 Quamquam
1058 1187 1193 1252 conferri
1224 1193 1357 1272 possunt
1379 1190 1413 1251 in
1437 1186 1575 1252 eundem
1599 1187 1732 1252 modum

537 1292 677 1356 formata
707 1298 868 1369 sescenta;
908 1300 939 1358 et
971 1313 1068 1377 quam
1100 1292 1206 1358 multa
1236 1293 1320 1378 apud
1353 1293 1532 1358 Lucianum
1565 1300 1641 1358 sunt
1672 1295 1734 1358 sin-

539 1395 685 1484 gularia!

584 1615 666 1681 Ibid.
700 1613 736 1681 Ο.
759 1615 814 1682 27.
839 1615 915 1681 ἀλλ’
941 1615 1045 1694 ἔγωγέ
1064 1640 1098 1680 σε
1120 1618 1174 1692 ήδή
1197 1618 1345 1694 ἐμβαλὼν
1367 1618 1396 1689 ir
1419 1618 1470 1680 τόν
1491 1624 1618 1691 μυλῶνα
1639 1617 1734 1681 πεθσιο

539 1719 618 1786 εἶναι
635 1723 785 1798 δεσπότης
808 1725 912 1787 ιιαπά
935 1724 999 1787 τόν
1019 1724 1142 1802 χείρω
1164 1722 1297 1800 λόγον.
1319 1724 1734 1808 Ιθοθῑηρθοσιιθοιηνοδιοευε

538 1828 578 1893 ad
599 1833 794 1915 scepticum,
816 1833 871 1915 qui
892 1832 998 1895 omnia
1018 1830 1159 1894 humana
1178 1834 1210 1894 et
1229 1833 1333 1915 ipsam
1352 1833 1534 1895 auctionem
1554 1829 1734 1894 indubium

539 1942 644 2000 vocat.
670 1934 732 1999 sed
756 1935 833 2020 quid
857 1937 920 2000 sibi
944 1935 1018 2000 vult
1041 1936 1148 1999 κατὰ
1173 1937 1238 1999 τόν
1263 1937 1384 2015 χείρω
1410 1933 1555 2011 λόγινθ
1578 1936 1627 1999 An
1647 1935 1734 2000 idem

538 2039 624 2124 quod
656 2037 760 2112 ήπτω
792 2039 935 2117 λόγονθ
971 2043 1014 2105 At
1045 2041 1078 2105 id
1108 2040 1172 2106 loci
1204 2042 1360 2106 sententia
1390 2043 1523 2126 respuit.
1553 2043 1605 2104 An
1636 2039 1732 2105 fidem

538 2146 715 2211 habeamus
737 2150 906 2232 interpreti
928 2148 1026 2213 verbe
1049 2145 1170 2214 Graeca
1193 2147 1383 2214 Germanice
1406 2146 1567 2213 reddenti:
1586 2148 1651 2232 auf
1666 2147 1731 2211 eine

537 2253 757 2332 ανιανιρονιιθνιο
787 2253 872 2316 Art?
901 2254 1015 2339 Nugae
1044 2254 1104 2319 hae
1128 2261 1222 2330 sunt,
1247 2274 1327 2337 quae
1351 2273 1427 2318 vera
1447 2252 1583 2319 lectione
1606 2258 1731 2339 reperta

537 2357 761 2442 explodentur.
792 2357 966 2444 scripserat
989 2361 1056 2423 sine
1080 2359 1191 2424 dubio:
1218 2358 1322 2422 νασά
1348 2361 1414 2424 rto
1436 2366 1574 2438 χειρῶν
1598 2358 1642 2421 λθ
1650 2382 1731 2434 γον.

538 2462 644 2543 Quam
676 2467 821 2548 apposite
852 2463 891 2529 ad
922 2465 1085 2529 bominem
1118 2464 1350 2530 confutandum
1379 2472 1410 2529 et
1433 2463 1633 2529 irridendum
1656 2465 1734 2529 haec

539 2569 626 2633 diota
650 2569 828 2646 videantur,
853 2568 1031 2635 considere!
1056 2570 1135 2635 ‘Tua
1159 2570 1262 2648 ratio',
1282 2573 1405 2654 inquit,
1428 2571 1542 2635 ‘omnis
1561 2573 1666 2655 posita
1686 2575 1735 2634 est

537 2679 571 2740 in
609 2677 810 2760 captionibus
841 2684 872 2741 et
906 2679 1006 2762 spinis
1037 2677 1211 2742 disserendi
1243 2685 1338 2762 atque
1371 2676 1558 2753 definiendi;
1591 2678 1644 2740 oui
1666 2679 1732 2740 iam

538 2802 646 2847 meam
672 2785 829 2847 rationem
854 2803 1029 2868 opponam,
1054 2804 1135 2868 quae
1158 2805 1315 2848 manuum
1340 2790 1387 2847 est
1412 2789 1445 2848 et
1467 2782 1677 2859 lacertorum,
1702 2789 1734 2846 et

537 2909 593 2974 per
614 2891 683 2951 vim
704 2895 736 2952 et
756 2888 944 2953 violentiam
965 2889 1024 2953 tibi
1045 2911 1097 2955 me
1118 2890 1285 2954 dominum
1306 2895 1401 2953 tuum
1422 2910 1488 2954 esse
1507 2887 1732 2975 persuadebit'.

537 2993 674 3057 Prorsus
694 2993 805 3059 eodem
826 2995 919 3060 modo
939 2995 1023 3079 apud
1043 2996 1235 3060 Aeschinem
1249 2995 1384 3060 dicitur:
1405 2996 1419 3058 ε’
1430 3021 1444 3057 ν
1465 3001 1608 3075 χειρῶν
1629 2994 1731 3075 νόμῳ

536 3101 599 3170 soie
631 3101 791 3169 πολιτείας
823 3102 957 3165 διαλύειν
989 3100 1098 3181 (1,5);
1132 3122 1234 3186 neque
1266 3100 1421 3166 dissimile
1444 3110 1509 3166 est:
1534 3102 1563 3164 ἐν
1587 3109 1625 3181 πή
1649 3100 1729 3182 χειρὶ

536 3205 572 3268 τὸ
598 3205 712 3268 δίκαιον
737 3207 881 3283 τιθέμενοι
905 3207 1071 3284 (Piscator.
1096 3205 1132 3273 O.
1160 3207 1226 3286 10).

585 3409 739 3475 Piscator.
764 3407 800 3477 G.
826 3408 856 3475 3.
882 3409 1037 3475 αἰδέσεσθε
1062 3410 1126 3490 γάρ
1150 3408 1221 3481 ioue
1246 3410 1287 3473 σά
1313 3407 1372 3482 ἔπή
1397 3409 1448 3472 καὶ
1475 3408 1508 3472 οὐ
1534 3406 1733 3486 παρόψεσθε

536 3514 768 3593 ῥαψῳδήσαντά
800 3539 853 3592 με.
885 3514 1080 3580 Iamdudum
1112 3514 1325 3595 περιόψεσθε
1356 3521 1533 3580 correctum
1558 3513 1732 3599 oportebat.

536 3617 1255 3707 1110.δυουᾶθθθιοθ,ορίιιοσεοῦτωςάς
1281 3619 1552 3699 ἀνδραπόδοις
1576 3620 1731 3692 ἀληθῶς

536 3725 590 3789 οἴει
616 3726 832 3805 διαλόγεσθαι;
859 3726 913 3792 sed
933 3730 1124 3812 transposita
1145 3726 1320 3812 particula:
1345 3724 1435 3796 οὕτως
1462 3724 1730 3803 ἀνδραπόδοις

536 3832 583 3902 ὥς
610 3832 782 3909 ἀλήθῶς;
808 3837 840 3897 et
863 3834 896 3895 in
921 3832 955 3898 O.
982 3832 1003 3897 9
1026 3831 1196 3896 manifesto
1217 3835 1373 3897 vitiosum
1396 3838 1460 3896 est:
1483 3836 1624 3894 τοιοῦτον
1645 3832 1732 3909 ὑπερ-

536 3934 621 4014 Φθροι
651 3946 711 4007 τοῖς
738 3937 859 4009 διααθοις
886 3938 938 4001 καὶ
963 3939 997 4001 ia
1021 3939 1192 4016 περιουσίας
1219 3939 1564 4015 ἀπολογήσασθαι
1591 3937 1730 4011 ὑπολαμ-

532 4043 624 4119 iletre
661 4064 716 4127 pro
751 4045 1103 4120 ἀπολογήσεσθαι.
1141 4044 1291 4109 Nondum
1328 4064 1457 4109 oausam
1493 4043 1631 4120 dixerat,
1672 4043 1727 4107 sed

534 4148 682 4213 dicturus
712 4156 795 4227 erat;
827 4149 867 4213 of.
900 4148 935 4216 O.
961 4148 999 4213 8:
1025 4151 1085 4225 ἐγὼ
1111 4151 1142 4214 δὲ
1167 4153 1489 4225 ἀπολογήσομαι
1516 4151 1587 4224 πρὸς
1612 4151 1653 4212 τόν
1675 4150 1727 4224 ε’γ-

534 4255 702 4324 κλήματα.
734 4254 800 4319 Nee
831 4257 936 4341 magis
959 4276 1073 4320 sanum
1099 4255 1228 4319 videtur
1251 4258 1284 4319 in
1308 4253 1343 4321 O.
1372 4255 1429 4320 13:
1456 4256 1587 4319 ἐνταῦθα
1611 4255 1673 4334 γάρ
1698 4255 1728 4317 ἐν

535 4363 723 4439 Κεραμεικῷ·
748 4361 978 4436 ὑπομενοῦμεν
1003 4363 1117 4440 αὖτήν;
1144 4361 1228 4447 quod
1252 4362 1326 4427 indo
1351 4363 1390 4427 ab
1414 4362 1555 4427 Homero
1578 4369 1662 4426 recte
1685 4361 1729 4425 (li-

531 4470 621 4530 citur
644 4465 681 4529 de
704 4487 758 4543 eo,
784 4469 839 4552 qui
862 4467 1016 4532 hostilem
1041 4469 1199 4554 impetum
1225 4471 1378 4546 sustinet,
1399 4490 1459 4532 non
1485 4471 1582 4544 item,
1607 4470 1729 4550 siquis

530 4574 634 4637 otiose
656 4571 859 4637 inambulans
883 4571 1057 4638 adventum
1081 4573 1217 4638 alicuius
1242 4574 1464 4660 praestolatur.
1490 4574 1589 4638 Unice
1612 4594 1728 4637 rerum

530 4684 601 4742 est:
637 4683 888 4755 περιμενοῦμεν,
921 4683 958 4742 ut
984 4681 1018 4742 in
1050 4679 1109 4743 hoc
1139 4682 1209 4764 ipso
1242 4679 1368 4764 dialogo
1392 4676 1441 4757 (O.
1469 4676 1540 4757 17):
1570 4678 1607 4740 σὺ
1632 4675 1726 4755 δέ,ἀ

528 4788 699 4862 Ἔλεγχε,
724 4785 818 4850 αὐτοῦ
843 4787 1016 4862 περθμενε.
