4525 5950
824 537 866 583 sn
890 536 1022 584 nasoon
1045 537 1246 585 nrromruu.
1563 520 1629 586 355

433 710 506 768 tam
529 724 612 770 nora
636 702 687 768 vel
711 701 872 768 recondita
897 702 1053 787 quaedam
1077 703 1213 788 profert,
1238 724 1318 788 quae
1338 724 1394 768 nos
1413 706 1445 768 in
1467 703 1632 769 admirati·

435 831 534 875 onem
561 811 686 895 rapiant
708 811 832 896 ingenii
856 807 956 874 felicis
980 816 1013 873 et
1034 809 1181 874 inaudita
1204 807 1383 887 molientis,
1409 831 1506 896 quam
1530 813 1631 875 animi

435 915 566 982 candidi
584 915 823 993 fortitudinem,
844 918 1075 994 sinceritatem,
1095 915 1339 1002 simplicitatem
1357 918 1475 1004 ubique
1490 919 1630 1003 ingenue

437 1027 587 1088 testatur.

484 1131 591 1214 Atque
622 1129 699 1194 baec
722 1128 884 1193 hactenus.
910 1125 1045 1192 Tardius
1068 1133 1178 1192 autem
1200 1129 1369 1214 ingenium
1394 1130 1562 1195 manifesto
1586 1151 1634 1195 ar-

437 1243 547 1322 gaunt
576 1235 656 1314 loci,
687 1234 744 1299 ubi
767 1236 902 1318 scriptor
925 1231 1258 1311 Commentariorum,
1282 1242 1451 1320 postquam
1474 1238 1551 1301 novi
1573 1235 1631 1301 ali·

437 1343 517 1428 quid
552 1348 608 1407 aut
643 1339 813 1427 paululum
847 1338 969 1404 insoliti
1003 1339 1156 1424 protulit,
1198 1343 1349 1406 continuo
1383 1340 1629 1427 explicationem

435 1449 612 1534 adiungere
632 1454 665 1513 et
684 1445 887 1511 difficultates
908 1445 961 1510 vel
981 1448 1150 1523 minimae,
1172 1468 1252 1532 quae
1268 1468 1307 1512 ne
1319 1447 1629 1535 mediocrisquidem

435 1557 562 1640 ingenii
584 1552 738 1619 lectorem
762 1558 938 1630 morentur,
963 1572 1119 1638 exponere
1143 1556 1236 1618 anxie
1258 1562 1366 1634 curat;
1391 1553 1513 1620 scilicet
1535 1556 1631 1622 homo

437 1659 630 1737 benevolus,
670 1680 767 1744 quem
802 1658 880 1723 talia
911 1661 1039 1744 saepius
1069 1665 1257 1738 vexassent,
1289 1659 1450 1745 quaelibet
1482 1663 1631 1749 expedire

438 1766 595 1853 planaque
629 1765 758 1831 reddere
793 1764 880 1830 cordi
915 1765 1021 1830 babet.
1056 1763 1109 1830 Sic
1145 1772 1236 1852 tropo
1270 1765 1394 1853 aliquo,
1428 1790 1490 1834 non
1524 1776 1631 1835 tamen

435 1875 535 1937 nimis
565 1873 699 1938 obscuro
724 1871 777 1938 vel
801 1872 930 1949 audaci,
954 1874 1106 1938 instituto
1130 1872 1377 1958 explicationem
1402 1881 1434 1940 et
1458 1897 1556 1962 paene
1579 1899 1631 1943 ex·

436 1981 636 2045 cusationem
672 1979 784 2044 addam
818 1985 915 2044 amat.
951 1977 988 2042 Ε.
1013 2001 1047 2065 g.
1078 1977 1132 2044 IV.
1158 1979 1212 2058 36,
1244 1980 1364 2045 seminia
1394 1985 1556 2048 notionem
1581 1984 1632 2048 his

440 2087 548 2151 verbis
570 2084 747 2171 amplificat
772 2091 802 2150 et
827 2084 865 2150 de
888 2086 1038 2150 omnibus
1061 2085 1156 2150 rebus
1180 2089 1256 2153 novi
1279 2087 1356 2172 quid
1380 2109 1418 2153 ex
1442 2109 1475 2154 se
1498 2092 1632 2177 gignen·
1708 2085 1711 2090 ’

438 2192 529 2258 tibus
551 2191 697 2258 adhibet:
724 2192 871 2271 ,,ττὲρμοο
895 2193 959 2269 γὰρ
982 2190 1089 2270 τρότον
1113 2193 1182 2257 τινὰ
1207 2198 1271 2257 τῖον
1295 2195 1329 2256 τό
1354 2193 1383 2258 όν
1408 2200 1462 2259 τοῦ
1482 2195 1517 2271 ἐξ
1535 2198 1631 2261 αὐτοῦ

440 2299 594 2373 ἐσομένου.
626 2301 665 2363 σὺ
697 2299 727 2364 δὲ
759 2297 839 2374 μόνοι
870 2298 1039 2375 οτέρμοιτοι
1071 2298 1219 2380 Φοντόζρ
1250 2301 1292 2365 τὰ
1315 2301 1360 2372 εἰς
1383 2307 1442 2378 γῆν
1466 2302 1484 2378 ἢ
1509 2305 1629 2384 μήτραν

439 2405 735 2482 καταβαλλόμενοι·
757 2409 847 2468 τοῦτο
867 2405 898 2468 δὲ
917 2406 989 2470 λόον
1009 2403 1189 2469 όδνωτνκόν.”
1211 2404 1264 2470 Sic
1282 2405 1336 2471 IV.
1357 2406 1410 2485 48,
1431 2429 1505 2473 cum
1518 2431 1631 2476 vocem

438 2514 640 2584 ἀποθνήσκειν
664 2512 702 2576 de
725 2511 857 2576 urbibus
880 2511 1027 2587 adhibet,
1051 2511 1184 2576 vocibus
1205 2513 1263 2589 „ir'
1282 2509 1376 2584 οὕτως
1396 2515 1494 2578 slrc”
1514 2516 1632 2582 additis

436 2618 612 2685 locutionis
634 2618 808 2684 duumtem
831 2615 1011 2682 leniendam
1034 2623 1067 2682 et
1085 2617 1319 2702 quodammodo
1338 2622 1550 2687 excusandam
1570 2623 1632 2688 sibi

435 2747 506 2792 esse
529 2731 633 2811 putat.
657 2724 710 2790 sic
729 2723 766 2789 V.
791 2723 832 2789 10
856 2745 966 2790 vocem
990 2723 1187 2789 involutionis
1211 2726 1262 2803 „s'v
1285 2726 1411 2808 τονοοότρ
1435 2729 1541 2807 τρόπον
1562 2730 1633 2794 τννόι

436 2830 640 2911 eynesdord
662 2831 793 2897 adhibet
811 2831 851 2896 ad
870 2853 979 2897 rernm
998 2837 1203 2897 externarum
1223 2832 1451 2899 obscuritatem
1467 2835 1632 2922 designan-

436 2939 522 3006 dam.
559 2938 612 3005 Sic
642 2936 711 3003 Vll.
739 2936 779 3002 16
810 2940 892 3005 ratio
922 2958 990 3004 sese
1021 2939 1090 3023 ipsa
1121 2959 1183 3003 non
1216 2939 1384 3019 ηὲνοχλεῖν,
1417 2935 1473 3005 οἷον
1506 2941 1631 3020 as'yo,’'

435 3047 566 3112 dicitur.
590 3045 642 3111 Sic
666 3045 723 3110 IX.
744 3046 765 3110 2
785 3067 898 3111 vocem
912 3052 1026 3128 pestem
1050 3045 1155 3118 λοιμόν
1179 3044 1218 3110 de
1241 3048 1342 3111 animi
1366 3068 1491 3134 quoque
1510 3050 1631 3115 morbis

435 3161 469 3219 at
502 3155 594 3218 vitiis
617 3151 722 3218 valere
748 3152 817 3217 fuse
840 3151 1048 3217 demonstrat.
1073 3151 1126 3217 Sic
1149 3151 1191 3217 X.
1218 3150 1236 3217 7
1261 3154 1435 3234 Φόείρνοόνν
1460 3155 1630 3221 adhibetur

439 3265 660 3338 „causareris
684 3263 737 3322 τοῦ
761 3258 990 3322 οὶλλονοῦοόοιν.”

485 3365 584 3431 Hisce
623 3367 805 3450 praemissis
845 3364 991 3430 accedere
1030 3363 1125 3430 liceat
1159 3365 1198 3430 ad
1232 3362 1317 3431 locos
1351 3367 1537 3446 nonnullos,
1574 3372 1630 3453 qui

436 3472 601 3548 Nauckio,
638 3473 707 3536 viro
741 3473 825 3536 inter
855 3474 1044 3537 recentiores
1077 3474 1225 3537 omnium
1255 3475 1375 3558 optime
1406 3474 1445 3538 de
1475 3476 1629 3541 Antonini

437 3581 566 3663 scriptis
596 3581 730 3654 merito,
761 3580 902 3663 suspecti
931 3579 993 3642 visi
1025 3585 1117 3654 sunt,
1145 3598 1219 3663 prae
1242 3582 1374 3644 scatens
1397 3582 1501 3667 igitur
1524 3580 1630 3667 digni,

435 3687 494 3771 qui
526 3684 636 3772 paullo
668 3686 771 3750 fusius
802 3706 821 3750 a
852 3685 943 3750 nobis
974 3690 1160 3749 tractentur.
1185 3684 1221 3750 In
1246 3687 1363 3772 quibus
1385 3688 1631 3773 interpretandis

435 3814 514 3859 cum
545 3795 595 3856 vir
625 3795 830 3858 acutissimus
856 3794 1018 3876 imprimis
1042 3790 1277 3876 prolixitatem,
1302 3792 1509 3878 languorem,
1533 3796 1632 3859 abun-

434 3899 580 3965 dantiam
611 3900 771 3964 notaverit
800 3903 833 3962 et
864 3896 1087 3982 interpolatori
1111 3917 1209 3981 quam
1235 3897 1345 3963 Marco
1367 3899 1541 3965 attribuere
1564 3921 1630 3966 ma·

433 4004 552 4081 luerit,
590 4004 765 4069 videndum
797 4009 863 4081 est,
901 4023 940 4067 an
969 4001 1074 4068 lenius
1106 4012 1138 4068 et
1170 4006 1302 4090 aequius
1334 4004 1371 4069 de
1402 4007 1443 4069 iis
1473 4006 1631 4072 iudicium

434 4112 519 4177 farre
543 4112 720 4196 possimus,
745 4110 822 4174 dum
849 4129 902 4186 ea,
927 4129 1007 4193 quae
1032 4109 1070 4174 de
1095 4108 1199 4174 Marci
1223 4110 1358 4175 tardiore
1377 4112 1506 4196 ingenio
1525 4111 1631 4199 dispu-

434 4219 599 4293 tavimus,
621 4216 839 4291 recordantes,
860 4214 988 4292 eadem,
1009 4236 1089 4301 quae
1113 4236 1210 4300 supra
1233 4219 1434 4293 notavimus,
1457 4220 1526 4283 sive
1550 4221 1630 4284 vitia

433 4326 506 4389 sive
529 4325 738 4408 proprietates
762 4323 984 4408 agnoscimus;
1010 4342 1107 4406 quae,
1132 4321 1227 4386 modo
1250 4320 1371 4387 leuiora
1390 4325 1469 4400 sint,
1490 4332 1628 4390 autnon

429 4429 739 4497 animadvertuntur
763 4436 819 4493 ant
842 4426 934 4493 facile
953 4427 1182 4506 condonantur,
1204 4428 1330 4506 eadem,
1351 4430 1406 4493 ubi
1426 4428 1523 4495 latius
1542 4451 1629 4516 gras-

430 4544 549 4602 santur
577 4542 609 4601 et
641 4537 782 4620 apertius
814 4556 846 4600 se
878 4534 1032 4620 produnt,
1066 4541 1234 4621 tamquam
1265 4533 1480 4601 intolerabilia
1510 4537 1629 4603 concla-

435 4651 580 4708 martur.
