4525 5950
620 1286 1169 1377 OBSERVATIUNOULAE
1198 1288 1268 1378 Dii
1297 1288 1425 1377 tuan
1452 1287 1684 1376 ROMANO.

1085 1490 1210 1531 scalpsit

926 1640 955 1706 J.
981 1639 1016 1708 0.
1040 1641 1187 1706 NABuR
1210 1642 1369 1708 S.A.11L.

791 1793 1028 1873 (vontinmao
1052 1816 1088 1856 ec
1116 1794 1180 1858 Vol.
1205 1794 1296 1858 XXX
1310 1817 1383 1876 pap.
1409 1792 1498 1875 331).

1052 2083 1238 2119 m

1052 2336 1235 2404 LXXXIX.

853 2538 895 2585 ns
918 2536 1065 2586 nrsnoars
1088 2537 1248 2586 uteremur
1262 2520 1286 2601 ¹)
1308 2537 1445 2587 omenta.

593 2725 697 2805 Quem
728 2744 820 2810 saepe
849 2722 980 2789 laudavi
1003 2725 1159 2789 iuvenum
1182 2723 1359 2802 cultorem,
1383 2746 1444 2790 non
1470 2725 1573 2790 famae
1596 2726 1740 2790 tribuens

550 2831 599 2896 sed
632 2836 783 2915 expertus
812 2831 897 2914 ipse,
929 2850 1015 2894 nunc
1046 2834 1156 2894 autem
1188 2834 1334 2915 ereptum
1359 2831 1420 2895 sibi
1443 2829 1559 2916 lugent
1581 2853 1643 2896 non
1663 2828 1740 2897 Ger-

547 2940 632 3004 mani
664 2942 810 3015 tantum,
834 2935 887 3002 sed
912 2940 1070 3022 quotquot
1094 2937 1213 3022 ubique
1236 2935 1380 3003 Romano
1404 2939 1469 3002 iuri
1493 2957 1622 3023 operam
1645 2958 1740 3004 nava

545 3066 634 3122 mus,
670 3050 739 3109 erat
772 3044 859 3109 enim
891 3045 926 3107 in
961 3063 998 3107 eo
1031 3064 1104 3107 cum
1138 3063 1265 3108 summa
1296 3043 1456 3121 doctrina,
1490 3046 1581 3108 cuius
1612 3050 1739 3109 exstant

544 3157 771 3227 monumenta,
807 3151 975 3214 coniuncta
1010 3148 1207 3213 incredibilis
1238 3152 1340 3214 animi
1375 3150 1576 3236 benignitas,
1612 3151 1738 3235 scripsit

543 3255 630 3321 haud
664 3259 711 3320 ita
745 3255 868 3340 pridem
903 3255 1035 3319 Pernice
1048 3253 1075 3334 2)
1110 3257 1162 3320 ins
1200 3258 1347 3341 pignoris
1382 3253 1543 3340 duplicem
1579 3258 1738 3340 originem

542 3363 676 3428 habere:
703 3365 858 3427 actionem
883 3360 1088 3439 Seruianam,
1111 3361 1146 3426 id
1168 3369 1217 3427 est
1239 3383 1309 3427 eam
1333 3362 1430 3426 edicti
1453 3369 1596 3447 partem,
1620 3365 1737 3447 quain

541 3489 612 3534 rem
637 3470 719 3533 actio
744 3470 943 3553 proponitur,
965 3474 997 3532 et
1016 3467 1174 3533 vendendi
1195 3471 1389 3553 pactionem,
1410 3467 1443 3532 id
1462 3474 1510 3533 est
1529 3467 1736 3552 prudentium

540 3577 786 3650 auctoritatem,
811 3594 892 3658 quae
917 3580 1048 3658 propter
1071 3577 1251 3658 pactionem
1276 3574 1413 3639 vendere
1435 3575 1597 3658 permittit
1610 3571 1645 3653 ³).
1677 3573 1738 3638 sed

538 3685 701 3767 praestat,
733 3682 767 3743 ni
799 3678 901 3756 fallor,
926 3681 1100 3763 unicuique
1124 3681 1170 3745 rei
1194 3701 1292 3744 unam
1316 3685 1349 3745 et
1371 3677 1551 3765 simplicem
1578 3682 1736 3767 originem

539 3786 729 3871 adsignare:
762 3806 850 3861 eam,
883 3784 967 3849 unde
992 3787 1124 3850 initium
1148 3788 1284 3870 ceperit;
1309 3806 1390 3870 quae
1414 3784 1526 3850 deinde
1549 3789 1736 3851 accesserint

537 3900 570 3957 et
605 3893 652 3955 rei
683 3891 797 3955 faciem
831 3893 1104 3956 commutaverint
1136 3889 1189 3955 vel
1212 3889 1337 3975 plenius
1361 3893 1588 3975 expresserint,
1613 3912 1650 3956 ea
1673 3913 1736 3956 non

535 3998 675 4083 originis
693 3994 762 4061 loco
782 3996 836 4061 sed
856 3998 1073 4061 mutationum
1094 4017 1228 4061 numero
1248 3996 1373 4061 habere.
1394 3996 1504 4061 Fuerit
1522 3999 1626 4083 igitur
1644 4000 1734 4083 origo

533 4104 684 4189 pignoris
714 4100 814 4166 altera
846 4108 935 4166 utra:
969 4104 1051 4166 aetio
1082 4105 1246 4188 proposita
1277 4101 1328 4168 vel
1361 4101 1517 4167 vendendi
1547 4105 1651 4187 pactio
1681 4102 1734 4166 vel

534 4210 658 4274 horum
677 4214 846 4285 neutrum,
868 4207 922 4272 sed
943 4209 1069 4292 potius,
1091 4227 1172 4291 quae
1192 4211 1349 4272 sententia
1368 4214 1416 4273 est
1436 4205 1569 4295 Georgii
1581 4208 1733 4274 Friderici

571 4451 598 4513 1)
628 4452 661 4499 De
682 4449 734 4499 iura
756 4449 864 4514 pignoris
887 4449 1061 4515 praehistorico
1085 4454 1109 4499 et
1131 4449 1361 4515 antepnehistcrico
1383 4450 1542 4500 consulendus
1564 4454 1600 4500 eet
1623 4451 1733 4510 Hersen,

530 4532 636 4596 On'qiu
652 4533 682 4581 dc
697 4530 860 4596 timidique
877 4532 982 4583 romine
998 4533 1089 4597 (isac)
1107 4549 1129 4598 p.
1150 4534 1257 4583 aa-cl.

565 4616 595 4678 8)
612 4613 727 4664 zeitschr.
744 4615 788 4663 der
804 4615 909 4664 San-St.
929 4615 964 4665 lx
981 4616 1066 4677 (1888)
1085 4631 1107 4679 p.
1127 4616 1184 4664 808.

567 4699 595 4760 8)
617 4711 655 4746 -er
671 4695 774 4746 muts
791 4712 836 4745 aas
852 4697 909 4746 mci
933 4694 1055 4747 Wsmts:
1073 4698 1116 4748 der
1132 4697 1195 4746 actio
1212 4697 1326 4747 Servium
1343 4698 1395 4747 und
1408 4699 1452 4747 der
1464 4694 1727 4762 Varkausrtercdsffl

526 4780 571 4832 Oi.
592 4777 714 4828 Windsch.
733 4778 819 4841 (1881)
836 4779 930 4841 saw.
