4525 5950
523 659 590 726 272
997 677 1249 728 narsrormrurs.

573 842 627 907 Vs.
654 839 729 908 117.
754 842 888 918 σέβομαι
913 840 1118 924 κλῄζουσα
1141 843 1251 918 σεμνὸν

748 949 837 1023 νθνον
861 948 1090 1029 ὀλβίζουσα
1114 954 1239 1021 Λατοῦς

745 1052 897 1132 ’Ἄρτεμιν
922 1058 1121 1133 ἀπειρολεχῆ.

534 1159 638 1225 Miror
661 1158 835 1245 asyndeton
860 1157 1012 1241 κλῄζουσα
1037 1159 1217 1237 ὀλβίζουσα.
1242 1161 1328 1225 Num
1352 1161 1434 1226 forte
1456 1160 1538 1226 fuit:

1130 1268 1240 1342 σεμνθν

753 1371 841 1449 νθνον
864 1369 881 1435 θ
888 1386 907 1435 λ
915 1370 1026 1450 βκθν
1048 1381 1116 1450 τε)
1141 1377 1265 1444 Λατοῦς
1290 1370 1375 1438 eall

571 1552 625 1620 Vs.
652 1554 727 1620 120.
750 1561 894 1631 Marci
917 1579 977 1634 τε,
1003 1555 1216 1634 κροθμοισθ
1239 1557 1270 1619 r'
1293 1555 1437 1627 ’λσιοίδος

748 1660 815 1725 ποδί
841 1661 1016 1742 παράρυθμ’
1040 1661 1176 1740 εθρυθμοι
1202 1662 1364 1740 Φρονίοιο]ι

748 1766 920 1843 δινεθμοιτα
946 1768 1092 1847 Χαρίτων.

525 1873 622 1938 Recte
655 1873 752 1939 verba
781 1895 844 1939 non
876 1879 962 1939 certa
991 1876 1114 1938 ratione
1146 1871 1319 1951 sanabilia,
1350 1877 1443 1939 utin
1471 1872 1570 1939 libris
1596 1883 1724 1951 extant,

521 1979 623 2045 edidit
642 1978 830 2045 vLseuwen.
852 1978 921 2044 Hoc
942 1985 1049 2044 tamen
1069 1981 1249 2064 perspicere
1270 1980 1353 2043 mihi
1372 1978 1483 2045 videor
1503 1982 1618 2065 prima
1631 1981 1726 2046 verbs

522 2091 619 2149 Λατῶ
643 2108 676 2148 τε
701 2105 770 2150 esse
793 2084 1053 2171 dittographsma
1076 2084 1250 2150 eorundem
1274 2087 1307 2149 in
1331 2107 1378 2151 rs.
1406 2085 1469 2150 123

748 2190 886 2267 σέβομαι
911 2197 1030 2256 Aac&
1054 2193 1083 2253 τ’
1106 2189 1250 2254 θινοισσοιν

522 2301 554 2361 et
585 2294 663 2361 olim
694 2299 728 2361 in
758 2296 873 2362 lacuna
902 2297 1002 2362 fuisse
1033 2299 1266 2382 imperativum
1290 2295 1490 2382 iungendum
1517 2319 1600 2363 cum
1626 2299 1725 2364 subst.

525 2404 703 2481 κρούματα,
728 2424 759 2468 v.
784 2425 810 2468 c.

749 2507 897 2586 (κροῦσίν
921 2515 980 2584 τε)
1005 2509 1201 2587 κροθμντ’
1226 2504 1426 2578 Ἀσιάδος.

522 2610 573 2680 Of.
598 2614 698 2677 ἄεισον
722 2635 770 2679 vs.
797 2612 873 2678 116.

567 2793 622 2860 Vs.
647 2794 724 2860 206.
748 2795 810 2860 ίθοθ
834 2818 873 2873 με
900 2794 1099 2872 ,,κλίσεειν”.
1125 2797 1167 2868 νὴ
1193 2796 1242 2858 Δί
1251 2819 1271 2856 οι
1294 2794 1445 2870 βινεῖσθαι
1469 2795 1527 2869 μὲν
1552 2791 1608 2859 οὖν

749 2902 829 2981 οἱσοὶρ
855 2904 871 2975 ἦ
897 2900 1053 2981 ιερθΦοιοίς
1078 2924 1135 2980 γε,
1160 2900 1194 2972 sir
1219 2901 1280 2977 Δί’,
1306 2899 1428 2969 εἰκθτυς
1453 2900 1532 2980 ἔχει.

522 3006 567 3070 Ut
599 3005 699 3072 altero
731 3006 800 3073 loco
834 3010 865 3080 νὴ
899 3009 963 3072 Δία
996 3010 1119 3092 optime
1152 3027 1185 3071 se
1208 3006 1321 3083 habet,
1344 3008 1391 3070 ita
1413 3008 1518 3091 priore
1544 3007 1665 3075 dubito
1689 3032 1726 3075 an

521 3115 640 3178 rectius
663 3112 807 3199 legatur:

749 3220 810 3284 ίδοθ
835 3242 876 3295 γε
902 3218 1101 3297 ,,κλίσσειν”.
1125 3219 1182 3292 μοὶ
1207 3218 1302 3294 Δία,
1327 3218 1477 3294 βινεῖσθαι
1503 3219 1565 3293 μὲν
1590 3218 1642 3286 οὖν

522 3322 638 3387 addicet
654 3324 790 3409 furori!
812 3348 872 3389 οιοοι
896 3326 941 3388 ι’θο
959 3348 1019 3407 per
1041 3325 1150 3402 Ιονοοιο,
1175 3324 1232 3387 imo
1251 3324 1428 3405 ενθορὶθοιθ.
1446 3323 1621 3393 Facillime
1642 3331 1727 3414 prior

523 3451 634 3496 versus
657 3452 696 3495 ex
720 3434 893 3515 posteriore
916 3433 1024 3515 potuit
1046 3432 1218 3514 comumpi.

567 3624 620 3690 Vs.
646 3624 723 3691 232.
748 3626 826 3703 οθμοι
852 3626 1059 3703 κακοδαίμων,
1082 3627 1174 3703 ψιλὸς
1199 3622 1246 3690 αὖ
1270 3625 1510 3703 στρατεύσομαι.

522 3732 703 3799 vLesuwen
734 3733 772 3798 ds
804 3732 967 3820 Blaydesii
998 3734 1179 3796 coniectura
1209 3751 1265 3815 pro
1296 3727 1337 3795 αὖ
1366 3725 1536 3806 deditoris,
1564 3733 1725 3799 adnotans

520 3844 630 3903 tamen
659 3859 720 3913 „an
744 3835 821 3902 είί”
859 3838 1057 3924 Diligentius
1081 3839 1108 3900 si
1132 3857 1220 3901 meas
1244 3839 1349 3920 copias
1373 3842 1597 3921 perscrutatus
1621 3850 1722 3917 esest,

522 3944 655 4009 vidisset
683 3947 781 4009 etiam
805 3943 886 4008 hauc
909 3946 1154 4020 correctionem,
1178 3962 1274 4026 quam
1298 3941 1454 4026 hodieque
1478 3944 1646 4027 praefero,
1672 3945 1724 4010 dn·

525 4049 605 4115 dum
629 4070 647 4115 a
670 4070 722 4114 ms
745 4055 932 4134 occupatam
956 4069 1034 4114 esse.

568 4231 622 4297 Vs.
648 4231 725 4297 240.
751 4233 833 4308 πλήν
855 4235 890 4309 γ’
914 4227 958 4296 θτι
984 4231 1136 4307 κθομοιι
1161 4236 1195 4295 et
1218 4229 1285 4295 280
1308 4229 1524 4306 καομίνυν.

525 4336 651 4403 Veteris
686 4338 830 4403 Atthidis
864 4358 931 4403 esse
966 4338 1117 4413 καίειν,
1154 4357 1216 4401 non
1252 4336 1336 4398 κοίειν
1375 4334 1487 4400 docent
1521 4336 1628 4402 tituli.
1675 4338 1722 4406 cf.

530 4444 758 4509 Meistsrhans³
782 4466 812 4529 p.
840 4443 915 4520 178,
929 4442 983 4519 24,
1008 4449 1046 4507 ut
1068 4440 1206 4512 αίετθς
1231 4446 1290 4505 etc.
1315 4440 1405 4505 Idem
1428 4440 1534 4507 valere
1559 4442 1599 4507 de
1624 4447 1723 4510 verbo

525 4552 644 4613 κλαίειν
680 4552 869 4634 suspiceris,
900 4547 975 4613 licet
1006 4549 1173 4632 hucusque
1206 4546 1309 4611 desint
1338 4545 1482 4632 lapidum
1516 4552 1722 4627 testimonia,

531 4676 613 4740 quae
644 4655 806 4740 aliquanto
837 4654 978 4719 firmiora
1009 4663 1102 4732 sunt,
1135 4660 1173 4717 ut
1203 4653 1349 4729 arbitror,
1373 4673 1469 4737 quam
1493 4653 1642 4720 codicum
1668 4669 1723 4721 aut

525 4781 669 4825 senorum
692 4762 987 4846 grammaticorum.
