4525 5950
836 711 992 759 semime
1016 710 1227 758 caraecarae.
1579 691 1621 755 99

435 878 655 961 compiceretur
679 879 851 962 euemptum.
876 882 947 962 poet
972 879 1141 942 victoriam
1165 883 1188 952 †
1210 900 1269 962 qua
1292 878 1444 940 duceudos
1460 882 1483 951 †
1502 883 1623 940 moutem

436 985 546 1069 Tifata
578 1008 642 1049 cum
677 987 706 1051 C.
740 985 880 1048 Norbauo
912 991 1099 1047 concurrerat
1129 984 1215 1047 Subla
1240 984 1339 1063 pratis
1369 983 1506 1060 Diauoe,
1539 983 1624 1046 cuius

434 1091 551 1154 numiui
581 1092 662 1174 reqio
687 1092 746 1154 ibba
765 1099 885 1154 secrato
904 1099 957 1167 est,
977 1091 1067 1153 satuit
1075 1119 1088 1165 ,·
1113 1113 1208 1175 oquae
1226 1090 1404 1153 salubritate
1423 1090 1457 1153 iu
1475 1090 1625 1153 ucedeudis

435 1197 606 1278 corporibus
625 1197 735 1260 mobilis
758 1219 901 1281 aprosque
924 1197 1018 1259 amuis
1041 1196 1171 1258 adducit
1194 1198 1266 1259 deae
1289 1203 1342 1260 etc.

480 1302 547 1367 Sub
579 1305 684 1368 verbis
716 1305 875 1388 corruptis
908 1323 991 1387 „qua
1022 1301 1211 1366 demendee”
1244 1304 1313 1367 eivs
1343 1323 1418 1367 eum
1442 1301 1625 1366 Ruhnkenii

436 1412 534 1494 „quia
557 1409 768 1475 descendens
794 1411 864 1473 aive
889 1407 978 1472 aliud
1001 1407 1100 1472 latere
1124 1410 1363 1485 existimamus,
1388 1429 1426 1473 ne
1450 1408 1625 1473 emendatis

439 1513 571 1600 quidem
605 1514 671 1579 illie
701 1537 752 1579 me
784 1513 889 1579 iudice
919 1514 972 1578 hic
1003 1513 1093 1578 locus
1123 1536 1180 1599 pro
1210 1517 1336 1599 integro
1367 1514 1476 1578 haberi
1510 1519 1624 1599 potest.

437 1623 484 1687 Ut
513 1624 599 1686 enim
624 1620 733 1686 Sullae
757 1628 830 1686 ante
854 1623 1021 1686 victoriam
1046 1621 1258 1686 mansuetudo
1281 1643 1300 1686 a
1323 1619 1443 1686 Velleio
1466 1620 1627 1685 illustrata

437 1738 504 1806 eet,
534 1731 580 1793 ite
610 1731 665 1792 vix
697 1733 730 1793 et
752 1750 791 1792 ne
815 1731 869 1792 vix
893 1727 1023 1812 quidem
1046 1727 1160 1792 deinde
1183 1727 1276 1793 silere
1299 1731 1406 1813 poluit
1430 1728 1468 1793 de
1490 1731 1627 1793 immani

437 1835 581 1901 eiusdem
608 1843 680 1919 post
712 1835 866 1899 uictoriam
897 1837 1038 1899 saevitia.
1076 1833 1179 1913 Quare
1210 1856 1273 1899 non
1305 1834 1416 1900 dubito
1448 1839 1524 1921 quin
1556 1844 1628 1920 poet

437 1944 534 2007 verba
554 1949 646 2028 „poet
666 1942 855 2007 vietosiam”
876 1940 1045 2006 statuenda
1056 1943 1098 2005 eit
1111 1940 1326 2028 complurium
1339 1963 1490 2007 versuum
1503 1941 1625 2007 lacuna.

440 2049 586 2114 Fortasse
609 2049 697 2114 locus
720 2052 766 2114 sio
789 2048 1045 2114 constituendus:

478 2163 552 2240 poet
574 2156 729 2220 uictoriam
754 2156 836 2195 Η*
861 2161 956 2240 (post
979 2157 1171 2227 victoriam>
1196 2154 1269 2239 quic
1291 2157 1468 2219 descendeus
1492 2162 1551 2220 ete.

436 2272 492 2339 ut,
526 2265 582 2348 qui
601 2249 660 2326 'eet
683 2260 871 2326 lacunarum
896 2261 965 2326 fone
988 2261 1187 2337 uberrimus,
1212 2260 1332 2326 librarii
1359 2249 1446 2327 oculi
1466 2263 1505 2327 ab
1529 2261 1627 2327 altera

437 2370 575 2435 lectione
599 2368 639 2433 ad
662 2367 797 2433 alteram
822 2369 1048 2433 aberraverint.

486 2588 595 2653 1126.
627 2589 745 2652 Deinde
776 2588 910 2652 cousutes
944 2589 1034 2651 Carbo
1068 2587 1187 2651 tertium
1218 2595 1246 2652 et
1273 2589 1303 2653 0.
1329 2589 1466 2668 Marius,
1497 2590 1628 2672 eeptieus

442 2696 576 2759 cousubis
597 2696 706 2778 fitius,
740 2718 833 2758 coruos
863 2703 952 2757 uatus
983 2694 1102 2770 XXVI,
1137 2695 1183 2757 oir
1212 2695 1307 2757 auimi
1335 2697 1429 2776 maqis
1452 2720 1538 2782 quam
1562 2699 1628 2761 aeui

434 2802 579 2885 paterni,
610 2802 704 2864 multa
721 2803 909 2886 fortiterque
931 2802 1050 2864 molitus
1073 2823 1166 2885 meque
1188 2824 1309 2886 usquam
1333 2802 1466 2887 inferior
1490 2806 1628 2869 nominis

441 2907 564 2985 titulis,
590 2909 673 2992 opust
694 2908 895 2990 Sacriportum
913 2907 1022 2990 pulsus
1045 2931 1064 2969 a
1085 2907 1171 2969 Scotto
1191 2907 1256 2970 acie
1275 2908 1441 2993 Praeneste,
1463 2912 1542 2996 quod
1559 2917 1628 2974 aute

439 3014 475 3094 (l.
509 3024 575 3078 arte
606 3023 634 3078 et
665 3037 739 3080 cum
771 3014 928 3094 Bentleio)
949 3023 1063 3079 matura
1085 3016 1229 3079 munitum
1248 3017 1416 3097 praesidiis
1430 3020 1626 3100 firmavero-t,

440 3145 473 3185 se
495 3122 710 3207 eaercitumque
734 3122 869 3185 contulit.

486 3227 538 3293 Sic
562 3250 619 3314 pro
644 3229 889 3293 Amerbechiani
911 3228 1087 3313 apographi
1110 3227 1244 3293 lectione
1270 3233 1418 3306 „nomine
1442 3230 1546 3295 etilie’'
1566 3253 1629 3297 cor·

439 3337 548 3420 rigens
570 3333 653 3398 Ellis
673 3356 734 3398 non
754 3336 916 3418 reputavit
935 3336 980 3398 eic
1000 3333 1083 3398 male
1103 3337 1292 3399 sententiam
1314 3336 1489 3402 decurrere.
1513 3338 1628 3402 Procul

439 3442 536 3505 dubio
560 3440 784 3527 corrigendum
809 3441 929 3504 fuerat:

486 3570 578 3632 meque
609 3570 729 3632 usquam
759 3547 892 3630 inferior
915 3547 1055 3610 nolninie
1078 3546 1195 3614 titulis.
1220 3547 1298 3624 <Ie>
1323 3551 1407 3631 opud
1428 3548 1629 3631 Sacriportum

435 3655 547 3738 putares
570 3663 629 3719 eto.

441 3762 525 3846 quod
552 3783 614 3825 non
636 3758 735 3824 latuit
758 3758 915 3825 Orellium
940 3761 1165 3825 conicientem:
1190 3762 1306 3825 nomine
1327 3786 1389 3827 suo.
1414 3763 1448 3826 Is
1471 3770 1529 3827 ete.

488 3966 520 4029 ll
544 3964 586 4029 27
610 3966 671 4051 §b
699 3974 854 4049 utcumque
879 3964 1003 4041 cecidit,
1027 3966 1170 4050 badioque
1192 3973 1278 4029 tauta
1294 3967 1397 4049 patris
1419 3967 1548 4049 imoqiue
1570 3992 1628 4032 nou

442 4073 617 4135 obscuratur
640 4074 720 4136 civis
741 4072 888 4135 memoria.

487 4177 569 4242 Vera
603 4177 732 4242 videtur
767 4178 917 4243 editionis
954 4180 1105 4263 principie
1137 4181 1287 4243 eorrectio
1319 4179 1432 4255 „eius”
1464 4184 1485 4245 i.
1510 4201 1536 4244 e.
1570 4180 1629 4246 filii

442 4283 478 4351 0.
505 4284 620 4360 Marii,
645 4284 684 4348 de
707 4304 769 4369 quo
794 4283 870 4349 haec
894 4283 1054 4349 dicuntur.

487 4507 519 4572 Il
544 4506 587 4571 30
618 4505 687 4590 §2
719 4506 773 4567 sed
803 4504 981 4586 Pompeius,
1014 4504 1067 4567 boc
1097 4525 1210 4587 quoque
1239 4503 1387 4585 triumpho
1418 4507 1515 4569 odbrm
1545 4530 1631 4592 eques

445 4614 612 4688 Bomouus,
637 4619 707 4674 aute
730 4611 807 4674 diem
831 4634 917 4696 quum
941 4610 1124 4673 consulatum
1145 4609 1253 4686 iniret,
1275 4634 1364 4673 urrru
1383 4612 1480 4673 urbem
1499 4614 1631 4676 inuectus

443 4728 496 4782 est.
530 4742 613 4803 quem
636 4718 732 4781 uirum
756 4720 827 4803 quie
853 4739 914 4782 non
938 4719 1074 4781 miretur
1092 4738 1152 4797 per
1175 4724 1217 4778 tot
1241 4719 1483 4781 extraordinaria
1506 4720 1630 4800 imperio

445 4826 479 4888 iu
510 4847 649 4888 summum
672 4824 838 4908 sustiqium
868 4831 994 4888 erectum
1025 4821 1128 4906 iniquo
1159 4822 1263 4887 tubc‘sre
1292 4823 1409 4902 ouirco,
1438 4826 1468 4889 O.
1495 4826 1631 4889 Caesarie

1404 4995 1668 5055 ⁸.’‚'''‘llt'r⁹-·.q

1400 5027 1577 5102 marja]
1595 5049 1616 5106 u(
1635 5055 1668 5104 d)
