4525 5950
536 654 601 721 348
917 675 960 724 ιο
982 673 1118 723 ussouu
1141 675 1338 724 snrounsuu.

533 842 696 924 sequentia
728 838 784 918 (34
808 845 840 904 et
864 838 921 919 35)
951 841 1097 924 proxime
1120 839 1246 904 aeeedat
1271 839 1310 904 ad
1332 839 1418 906 huno
1440 839 1581 926 Epicteti
1612 838 1720 906 loeum

534 944 617 1009 Diss.
648 944 705 1010 Ill.
737 945 790 1010 24.
804 943 864 1010 87:
895 942 991 1022 „edre
1024 945 1081 1010 κᾶν
1114 947 1165 1011 τὸν
1194 947 1254 1011 ulls
1278 948 1295 1022 ἢ
1321 946 1372 1010 τὸν
1396 949 1488 1026 φίλον
1511 947 1583 1011 ndns
1609 949 1721 1028 ποθῇς,

534 1047 584 1113 ὅτε
604 1053 636 1115 οὐ
657 1052 778 1116 δέδοταί
797 1073 858 1130 σοι,
879 1049 937 1116 ίοίι
957 1047 1002 1116 ὅτι
1023 1058 1172 1130 χειμῶνος
1194 1056 1283 1116 σῦκον
1303 1053 1488 1126 ίπιποίεῖι.”
1508 1053 1624 1140 Itaque
1636 1060 1723 1139 patet

533 1160 662 1222 omnino
686 1157 815 1223 nullum
837 1156 943 1223 losum
967 1158 1019 1224 hio
1043 1179 1109 1223 osse
1132 1158 1349 1223 emendationi
1373 1157 1545 1236 Gatakeri,
1569 1162 1627 1245 qni
1649 1159 1722 1223 arti·

532 1261 641 1328 oulum
665 1265 728 1347 [τὸ]
753 1262 873 1328 παιδίον
897 1266 1022 1341 reiecit,
1046 1284 1149 1348 neque
1168 1285 1243 1329 oum
1262 1266 1491 1350 interpretibus
1510 1264 1719 1352 cogitandum

532 1390 599 1434 esse
619 1369 657 1433 de
677 1366 840 1435 Antonino
860 1391 950 1435 ouras
970 1370 1159 1436 domesticas
1179 1373 1286 1437 animo
1306 1370 1456 1437 volvente
1467 1377 1500 1437 et
1511 1378 1722 1458 conquerente

533 1484 565 1541 et
597 1476 680 1553 „sibi
709 1476 825 1542 liberos
855 1483 1001 1563 optante,
1024 1477 1149 1563 quaudo
1172 1499 1233 1542 uon
1257 1477 1399 1563 amplius
1421 1478 1645 1555 eouoedatur,’'
1670 1478 1723 1543 sed

533 1582 723 1668 simpliciter
754 1584 850 1651 verba
881 1584 1012 1651 alterius
1043 1583 1227 1670 philosophi
1250 1585 1290 1649 ab
1312 1591 1440 1651 auctore
1464 1591 1614 1672 excerpta
1637 1606 1722 1662 essa,

533 1695 699 1773 tamquam
718 1693 847 1777 egregie
867 1690 953 1755 dicta
971 1690 1009 1756 ad
1030 1689 1222 1755 desiderium
1234 1692 1488 1776 propinquorum
1500 1689 1722 1756 defunctorum

534 1795 729 1862 leniendum.

579 1902 669 1972 Idem
693 1908 802 1969 autem
826 1905 948 1969 factum
972 1924 1038 1969 esse
1062 1905 1205 1989 suspicor
1224 1905 1258 1967 in
1278 1905 1380 1989 capite
1400 1904 1545 1988 proximo
1562 1901 1619 1981 29,
1639 1901 1722 1988 quod

534 2012 579 2074 sie
602 2008 761 2096 procedit:
789 2011 840 2087 ,,ε’ν
862 2012 903 2091 τῷ
928 2012 1062 2091 γράφειν
1072 2012 1137 2074 -sal
1162 2010 1380 2087 ἀννιγινώοιιειν
1400 2011 1432 2074 οὔ
1453 2009 1593 2089 πρότερον
1610 2007 1722 2089 ἄρξεις,

536 2117 603 2193 πρὶν
626 2118 753 2196 &exilit-
782 2121 870 2181 τοῦτο
895 2119 999 2197 πολλῷ
1024 2120 1147 2193 μᾶλλον
1171 2118 1198 2178 ἐν
1223 2117 1264 2195 τῷ
1288 2115 1380 2194 βίῳ.”
1411 2115 1542 2181 Etenim
1566 2118 1593 2180 si
1616 2114 1723 2181 locum

534 2228 618 2287 reete
638 2220 810 2308 intellego,
831 2223 928 2288 verba
947 2225 1053 2308 priora
1073 2227 1111 2286 ut
1131 2222 1256 2287 dictum
1277 2221 1406 2286 aliunde
1418 2227 1530 2287 notum
1543 2222 1582 2287 ab
1594 2229 1723 2287 auotore

534 2335 765 2413 proponuntur,
797 2332 851 2414 qui
874 2350 950 2393 mox
974 2330 1041 2413 ipse
1065 2331 1257 2393 sententiam
1280 2349 1372 2393 suam
1396 2327 1563 2392 additurus
1585 2334 1645 2392 est.
1671 2329 1724 2392 nt

535 2454 596 2518 que
624 2436 669 2498 sic
700 2435 874 2521 asyndeton
905 2433 986 2499 illud
1016 2432 1230 2520 intellegitur,
1261 2432 1345 2520 quod
1377 2440 1425 2499 est
1456 2436 1637 2520 scriptoris,
1670 2434 1723 2519 qni

536 2540 668 2606 alterius
693 2542 815 2606 dietum
838 2562 877 2606 er
900 2562 957 2605 sua
980 2543 1083 2626 ipsius
1106 2547 1215 2605 mente
1239 2545 1356 2627 augeat
1379 2538 1430 2605 vel
1454 2543 1594 2626 corrigat
1610 2539 1645 2618 ¹),

581 2648 700 2728 Quodsi
723 2655 844 2713 statuas
867 2650 964 2713 etiam
988 2648 1048 2712 hon
1072 2649 1175 2732 eapite
1199 2645 1241 2711 29
1265 2646 1366 2712 aliena
1386 2648 1425 2711 ab
1444 2652 1573 2712 auotore
1590 2645 1723 2723 laudari,

535 2759 607 2819 tum
640 2754 771 2820 demum
806 2756 932 2820 exsist't
962 2755 1111 2818 contiuua
1142 2758 1173 2818 et
1202 2753 1266 2818 iere
1297 2773 1353 2837 per
1384 2755 1502 2839 viginti
1533 2755 1640 2837 capita
1662 2774 1723 2817 non

532 2864 711 2946 interrupta
735 2863 830 2925 series
854 2859 998 2925 locorum
1021 2858 1150 2924 aliunde
1172 2860 1415 2936 arcessitorem,
1439 2879 1535 2943 quam
1559 2862 1723 2924 auctorem

534 2970 569 3032 in
599 2966 661 3034 tine
691 2967 788 3032 huius
817 2965 894 3032 libri
925 2963 1095 3052 protulisse
1126 2986 1365 3031 monueramus.
1401 2964 1486 3045 Quae
1517 2967 1615 3030 serias
1643 2963 1724 3030 unde

536 3076 667 3139 initium
690 3077 811 3159 capiat,
836 3076 865 3138 si
888 3075 1061 3158 quaeritur,
1086 3094 1148 3137 non
1173 3077 1239 3136 tarn
1262 3071 1302 3136 ad
1326 3093 1352 3137 o.
1378 3071 1421 3136 22
1446 3092 1542 3158 quam
1565 3071 1605 3136 ad
1630 3093 1657 3136 o.
1682 3071 1722 3136 21

535 3179 687 3246 lectorem
718 3180 899 3267 relegatum
930 3178 1039 3244 velim.
1062 3172 1162 3259 ,Quod
1193 3184 1290 3263 eaput
1320 3181 1365 3243 sio
1388 3180 1587 3243 inst‘tuitur:
1615 3174 1657 3257 „d
1681 3181 1725 3254 etl

538 3282 580 3359 είι
606 3288 657 3351 καὶ
682 3289 696 3352 d
721 3288 814 3359 οὗτος
839 3287 920 3349 ἐστιν
944 3286 991 3350 ἀεὶ
1016 3291 1069 3349 τοῦ
1094 3284 1164 3362 βίον
1188 3283 1319 3362 σκίποι,
1345 3280 1428 3353 οὗτος
1453 3279 1495 3355 είς
1520 3284 1572 3348 sal
1597 3284 1611 3348 ὅ
1632 3283 1724 3354 atinde

535 3395 572 3458 δι’
604 3391 680 3458 ἕλον·
705 3398 758 3458 τοῦ
789 3393 858 3468 βίον
891 3387 967 3455 εἶνιιι
999 3392 1032 3456 οὗ
1065 3391 1204 3455 linares.
1238 3393 1291 3455 οὐκ
1313 3392 1403 3468 ripaei
1422 3389 1480 3470 (δὲ)
1504 3392 1538 3454 πὸ
1563 3390 1725 3467 εἰρημένον,

538 3500 592 3564 εἰὶν
622 3500 666 3575 μὴ
696 3501 815 3564 κάκεῖνο
839 3501 984 3578 προσθῇς,
1008 3498 1107 3562 ὁποῖον
1132 3492 1208 3560 εἶναι
1231 3495 1279 3560 δεῖ
1299 3500 1404 3560 τοῦτον
1427 3495 1479 3559 τὸν
1502 3494 1636 3560 σκίπον”
1662 3496 1725 3560 nrt.

535 3605 571 3670 ln
604 3627 666 3691 quo
692 3605 762 3670 loeo
786 3609 928 3691 primum
952 3604 1129 3670 notandum
1153 3610 1218 3680 est,
1242 3606 1361 3669 iterum
1385 3602 1438 3667 hio
1462 3623 1612 3688 apparere
1636 3624 1727 3689 asyn-

535 3714 629 3777 deton
654 3711 752 3782 illud.
777 3711 815 3776 de
839 3733 903 3797 quo
927 3714 1071 3797 egimus3
1097 3731 1172 3775 nam
1195 3707 1388 3775 vocabulum
1411 3710 1442 3773 rt
1466 3708 1613 3773 additum
1637 3717 1686 3774 est
1708 3729 1727 3772 a

536 3818 712 3906 Xylandro,
744 3817 827 3903 quod
853 3820 987 3881 minime
1010 3837 1089 3902 opus
1113 3823 1197 3894 arat,
1222 3817 1343 3901 opinor.
1367 3814 1462 3893 Tum,
1487 3814 1569 3901 quod
1593 3815 1634 3880 ad
1659 3836 1727 3879 sen·

575 4071 601 4131 l)
615 4069 703 4118 Fodsm
719 4068 787 4117 modo
802 4067 817 4117 l.
830 4065 885 4114 vll.
901 4066 946 4114 dl:
961 4063 975 4119 ἡ
991 4063 1094 4125 βιιοπιιινὶ
1110 4067 1142 4127 τῇ
1158 4067 1315 4128 xantensi
1330 4062 1461 4125 ὁμοιοτέρα
1470 4062 1570 4127 iissem
1579 4064 1730 4130 ὀρχηστικῇ,

539 4153 606 4200 aar&
631 4152 659 4199 τὸ
677 4151 736 4210 πρὸς
752 4150 787 4197 ποι
804 4145 974 4208 ἐμπίπτοντα,
993 4146 1034 4194 nal
1053 4144 1079 4195 οίι
1098 4145 1304 4208 προιγνιοομένιι,
1322 4145 1424 4207 ’ίποιριοι
1441 4145 1483 4195 nai
1499 4146 1587 4204 ἀπο-ὄις
1604 4144 1730 4197 ἑσπάνιι”

538 4235 643 4283 alludere
666 4234 759 4281 videtur·
782 4235 865 4280 auctor
886 4230 915 4278 sd
939 4233 1022 4278 notum
1045 4229 1143 4286 dicturo,
1160 4244 1207 4292 quo
1224 4245 1263 4277 srs
1280 4230 1375 4278 vivendi
1392 4245 1446 4278 oum
1463 4229 1589 4278 saltatoria
1604 4246 1730 4295 compars-

537 4316 607 4365 batur
629 4317 738 4379 quodque
760 4314 858 4377 corrigit
880 4317 904 4360 et
928 4313 1040 4361 immutat
1065 4312 1168 4361 Marcus.
1200 4313 1250 4360 Nes
1273 4296 1321 4361 nou
1346 4312 1362 4360 l.
1381 4311 1436 4362 vn.
1459 4312 1505 4363 672
1534 4309 1548 4366 si
1573 4311 1651 4373 φύσις
1677 4312 1729 4376 οὐχ

539 4396 616 4453 οὕτως
639 4393 788 4456 avesniensi
812 4398 859 4454 (οι)
880 4398 915 4455 τῷ
935 4393 1104 4455 ονγκρίμοπι,
1122 4391 1154 4449 ὣς
1171 4392 1206 4452 μὴ
1225 4392 1337 4453 ἐφεῖσθαι
1356 4392 1498 4458 περιορίζιιν
1516 4390 1614 4450 οἰοντίν,
1632 4394 1676 4442 nai
1693 4398 1729 4444 τὰ

539 4478 630 4528 §auroli
653 4477 695 4540 ὑφ’
719 4476 799 4541 ἑαυτῷ
823 4475 956 4524 ποιεῖοίοιι·
982 4476 1037 4522 λίιιν
1062 4476 1111 4537 γὰρ
1134 4471 1266 4537 ἐνδέχεται
1291 4474 1351 4523 θεῖον
1374 4473 1448 4537 ίίνδροι
1472 4474 1601 4538 γενέσθαι,
1618 4477 1662 4525 καὶ
1680 4476 1729 4527 ὑπὸ

539 4560 639 4621 μηδενὸς
659 4558 834 4622 propre-istorun
852 4557 922 4606 verba
940 4558 1025 4606 ultima
1040 4574 1087 4605 nou
1102 4564 1153 4607 tam
1170 4559 1277 4607 universe
1292 4559 1432 4617 efferuntur,
1446 4574 1517 4622 quam
1532 4562 1594 4607 tests
1608 4563 1633 4607 st
1647 4575 1731 4609 amare

538 4644 648 4693 alludunt
665 4643 693 4691 sd
709 4642 878 4690 obscuritatem
895 4642 956 4688 vitas
974 4640 1165 4704 oblivionemque
1182 4642 1228 4689 siri
1246 4640 1354 4698 alicuius,
1373 4640 1508 4705 philosophi
1522 4646 1581 4706 puts
1595 4643 1632 4690 rsl
1648 4644 1730 4707 potins

538 4727 584 4774 viri
600 4725 721 4774 cniusdam
739 4725 841 4786 egregii,
860 4740 929 4787 quem
948 4729 1046 4771 noverat
1065 4723 1114 4787 ipse
1133 4724 1276 4774 Antoninus.
1295 4722 1428 4774 Getalrerus
1446 4724 1484 4775 tic
1501 4725 1529 4772 ds
1549 4726 1688 4776 Democrito
1704 4732 1730 4780 et

540 4812 635 4859 Socrate
652 4808 779 4876 cogitavit;
798 4806 880 4859 dubito
898 4822 956 4858 nuru
974 4807 1044 4856 recte,
