4525 5950
958 704 1094 752 ovlmule.

570 871 663 935 Hauc
685 869 834 934 manibus
857 869 942 933 notis
965 867 1128 933 Rommeu
1151 866 1296 932 conditor
1318 867 1408 932 urbis

571 976 701 1061 Excipit
723 980 756 1039 et
780 975 921 1058 priscum
944 975 1065 1058 pariter
1088 993 1163 1037 eum
1186 993 1315 1057 corpore
1337 993 1454 1037 nornen

572 1082 684 1147 Mutat
706 1079 893 1164 Horamque
915 1084 1019 1143 vocat.

434 1188 523 1254 Illud
559 1187 639 1251 cotis
673 1184 751 1270 quid
786 1185 847 1250 sibi
877 1183 958 1249 velit
988 1182 1223 1270 intelligimus,
1255 1182 1310 1249 scd
1340 1186 1498 1249 sentimus
1529 1184 1629 1250 simul

434 1315 534 1381 qnam
564 1295 608 1357 sit
638 1290 849 1376 languidum,
880 1291 1101 1373 miramurque
1132 1310 1189 1355 our
1219 1295 1312 1375 poeta
1342 1311 1405 1354 non
1427 1290 1479 1355 hic
1502 1310 1629 1376 qnoque

435 1399 556 1482 cupidae
575 1399 754 1482 scripserit,
774 1408 813 1460 ut
833 1393 891 1472 XI,
905 1394 948 1459 63
969 1395 1157 1480 cupidisque
1176 1394 1383 1479 amplectitur
1400 1395 1495 1463 ulnis.
1517 1394 1630 1463 Cetera

436 1509 484 1570 ita
515 1510 592 1568 sunt
621 1503 800 1587 composita
829 1506 867 1565 ut
897 1502 952 1565 vix
976 1499 1065 1565 aliud
1087 1500 1264 1586 quidquam
1287 1499 1360 1601 inde
1384 1502 1506 1567 efficere
1529 1505 1631 1588 possis

438 1631 537 1695 quam
568 1609 645 1673 hoc:
677 1631 696 1670 c
727 1606 853 1671 dumah
883 1627 1072 1672 conversum
1102 1627 1171 1672 esse
1202 1606 1362 1673 Hersiliae
1390 1628 1522 1693 corpus,
1546 1607 1630 1694 qnod

436 1735 542 1801 neque
566 1712 673 1780 voluit
695 1716 789 1798 poeta
812 1716 845 1776 et
867 1718 916 1778 est
939 1711 1216 1778 absurdissimum.

484 1925 601 2007 ΧΗ
636 1927 744 1991 Numa
776 1924 958 2012 Pompilius
987 1928 1077 2012 regio
1109 1927 1240 1991 nomine
1262 1930 1296 1992 et
1317 1947 1451 1992 munere
1473 1948 1535 1994 uon
1558 1949 1631 1993 con·

440 2040 549 2100 tentus

912 2157 993 2222 qnae
1015 2140 1058 2203 sit
1081 2158 1190 2203 rerum
1212 2143 1327 2203 natura
1350 2140 1495 2223 requirit.

577 2243 686 2309 Huius
709 2264 800 2309 amor
822 2263 935 2321 curae,
960 2246 1064 2328 patria
1087 2242 1289 2329 Curibusque
1312 2244 1451 2324 relictis,

577 2349 667 2415 Fecit
689 2354 728 2414 nt
751 2347 904 2415 Herculei
927 2355 1108 2433 penetraret
1130 2349 1169 2414 ad
1192 2350 1330 2435 hospitis
1352 2351 1476 2416 urbem.

439 2457 528 2523 Noui
557 2456 799 2520 substantivum
823 2454 908 2539 quod
932 2462 980 2519 est
1003 2477 1076 2518 carc
1098 2475 1191 2540 saepe
1215 2458 1292 2540 poni
1314 2454 1354 2520 ad
1377 2459 1524 2542 quemvis
1547 2479 1633 2524 meu·

440 2566 485 2629 tis
501 2561 661 2638 laborem,
681 2582 708 2627 e.
722 2582 748 2625 c.
770 2561 856 2627 docti
874 2560 1015 2626 hominis
1034 2559 1306 2646 disquisitionem,
1328 2562 1459 2627 artificis
1476 2564 1631 2644 studium,

438 2669 506 2736 alia
537 2690 576 2734 ex
607 2668 668 2733 hoc
699 2686 815 2753 genere
847 2665 1070 2753 significanda,
1105 2687 1207 2750 neque
1238 2671 1346 2732 tamen
1378 2689 1520 2752 unquam
1551 2671 1634 2734 mihi

439 2777 599 2861 eripietur
621 2776 784 2858 ingratam
809 2792 876 2838 esse
898 2771 1093 2838 locutionem
1116 2772 1206 2835 liuius
1229 2795 1311 2836 amor
1332 2793 1431 2838 merce.
1463 2773 1506 2839 Elt
1528 2780 1634 2840 cetera

437 2883 540 2947 huius
575 2881 751 2944 sententiae
786 2884 907 2944 temere
941 2878 1063 2943 deiecta
1096 2878 1248 2944 videntur
1282 2881 1389 2964 potius
1425 2899 1520 2964 quarn
1560 2887 1634 2965 apte

437 2987 668 3074 eleganterque
691 2987 854 3072 disposita.
884 2985 957 3072 Ipsa
980 2988 1066 3051 enim
1089 2988 1246 3052 sermonis
1270 2985 1377 3050 Latini
1398 2985 1521 3052 indoles
1543 2986 1635 3074 flagi-

432 3100 510 3160 tare
522 3094 652 3158 ridetur
664 3098 702 3157 ut
713 3092 874 3158 ablativus
886 3090 1052 3158 absolutus
1057 3092 1168 3174 petria
1181 3091 1361 3178 Orsribscqas
1371 3093 1487 3157 relictis
1498 3100 1635 3179 ponatur

437 3202 527 3265 inter
549 3200 805 3264 coniunctionem
828 3206 863 3261 ut
884 3202 917 3263 et
939 3199 1181 3264 coniunctivnm
1200 3205 1383 3279 penetraret.

489 3304 532 3369 12
563 3304 674 3390 Neque
694 3309 742 3369 est
761 3306 867 3389 aptior
885 3303 1052 3389 dispositio
1071 3304 1105 3367 in
1124 3305 1166 3367 iis
1178 3324 1259 3388 quse
1271 3302 1368 3389 paulo
1380 3309 1452 3389 post
1463 3304 1632 3391 leguntur:

577 3409 677 3475 Dives
700 3410 739 3475 ab
763 3409 905 3487 Oceano,
928 3409 1030 3474 bobus
1053 3407 1128 3475 Ioue
1152 3416 1247 3474 natus
1270 3409 1399 3474 Hiberis

577 3516 688 3581 Litora
710 3514 797 3582 felici
819 3518 960 3582 tenuisse
983 3515 1113 3581 Lacinia
1135 3537 1232 3582 cursu

577 3623 703 3687 Fertur.

435 3731 509 3795 Ant
531 3731 567 3793 in
590 3728 692 3792 hisce:

487 3834 533 3900 20
579 3830 764 3919 Myscelus,
787 3831 878 3897 illius
901 3831 950 3897 dis
973 3834 1216 3918 acceptissimus
1239 3837 1320 3900 aevi.

436 3940 513 4007 Non
544 3941 629 4004 enirn
660 3944 753 4024 poeta
784 3938 878 4017 dicit,
904 3938 987 4023 quod
1011 3938 1297 4017 absurdissimum,
1321 3939 1504 4027 Myscelum
1528 3962 1633 4027 aceep-

437 4048 607 4112 tiesimum
638 4045 737 4110 fuisse
767 4044 845 4122 diis,
869 4046 926 4130 qui
950 4050 1026 4109 tunc
1049 4050 1171 4121 essent,
1196 4045 1252 4110 scd
1274 4048 1420 4111 omnium
1444 4046 1632 4126 hominurn,

436 4155 498 4239 qui
530 4156 607 4215 tunc
638 4155 761 4229 essent,
785 4151 883 4216 fuisse
907 4149 968 4215 diis
992 4153 1262 4238 acceptissimum.
1287 4151 1349 4217 Sed
1372 4154 1445 4237 quis
1467 4156 1513 4219 eie
1535 4153 1633 4218 latine

433 4258 586 4343 loquitur
608 4253 784 4322 scribitis?
1280 4329 1282 4333 .

486 4362 532 4427 30
567 4362 613 4427 Ut
635 4361 721 4428 dieat
745 4361 834 4440 „dies
857 4364 1064 4448 praeterierat
1085 4383 1170 4427 nnus
1194 4369 1227 4428 ct
1248 4385 1310 4429 nox
1332 4364 1419 4428 uns''
1443 4369 1538 4449 poeta
1556 4363 1633 4431 duo-

433 4471 499 4536 bus
521 4469 628 4533 utitur
650 4468 820 4534 versibus:

578 4572 742 4641 Oandidus
765 4573 888 4639 Oceano
911 4573 1053 4639 nitidum
1076 4580 1175 4659 capnt
1198 4575 1360 4641 abdiderat
1382 4574 1438 4641 Sol

577 4679 620 4745 llt
643 4685 741 4765 caput
763 4678 923 4747 extulerat
945 4678 1134 4745 densissima
1157 4681 1317 4747 sidereum
1338 4681 1421 4746 Nox.

435 4786 543 4863 Satis,
575 4783 722 4864 hercule,
751 4786 893 4852 verbose.
923 4784 1023 4851 Plane
1046 4786 1188 4851 abundat
1210 4787 1407 4852 adiectirum
1431 4808 1461 4872 q.
1474 4808 1501 4853 e.
1525 4790 1633 4853 deuse
