4525 5950
643 701 708 766 324
1162 714 1304 763 moruus.

641 904 739 968 qnam
770 902 850 966 opus
874 885 959 956 erat,
984 885 1018 944 at
1040 901 1090 944 res
1114 882 1144 944 ei
1168 886 1235 943 erat
1259 901 1334 943 cum
1357 882 1542 964 provinciae
1564 878 1727 951 carnifice,
1752 878 1836 962 quod

641 1009 744 1075 genus
773 988 943 1051 hominum
973 1007 1098 1071 semper
1129 988 1273 1070 optimus
1302 988 1439 1069 quisque
1462 988 1608 1071 princeps
1631 987 1837 1070 gravissimis

642 1094 746 1159 affecit
767 1096 887 1179 poenis.
913 1092 955 1156 ut
979 1092 1063 1177 quod
1087 1112 1180 1168 eum,
1206 1112 1395 1175 quocunque
1419 1090 1548 1156 tandem
1571 1092 1685 1166 modo,
1710 1092 1750 1155 ad
1769 1112 1838 1155 con-

643 1202 811 1266 fessionem
843 1196 1072 1282 compellebat,
1096 1196 1179 1260 nihil
1202 1196 1259 1285 ille
1283 1196 1502 1274 confitebatur,
1527 1195 1611 1282 quod
1636 1217 1751 1261 verum
1775 1217 1838 1260 non

644 1312 734 1371 esset.
756 1303 817 1368 Sed
836 1304 895 1367 hoc
915 1324 998 1367 nuno
1019 1305 1125 1367 mitto.
1151 1302 1187 1366 In
1209 1304 1279 1387 ipsa
1299 1302 1402 1367 Taciti
1423 1304 1521 1368 verba
1532 1305 1652 1366 vitium
1671 1304 1838 1387 irrepsisse

644 1415 765 1497 opinor.
797 1410 855 1474 Est
885 1412 972 1474 enim
1002 1407 1090 1473 locus
1123 1408 1282 1473 eiusmodi
1312 1414 1350 1471 ut
1373 1414 1602 1473 enumerentur
1623 1413 1838 1492 notenturque

644 1535 849 1602 quaecunque
869 1514 979 1579 fecerit
997 1517 1066 1598 ipse
1085 1512 1250 1590 Tiberius,
1274 1534 1336 1578 non
1362 1534 1442 1597 quae
1467 1512 1534 1578 alii.
1557 1513 1643 1599 Ergo
1667 1535 1725 1598 pro
1748 1514 1839 1576 dado·

644 1630 694 1686 tur
713 1621 885 1707 legendum
905 1640 1016 1685 censeo
1034 1620 1140 1683 dabat:
1162 1626 1229 1683 tam
1249 1626 1339 1683 erant
1358 1620 1485 1684 crebrae
1505 1619 1625 1684 Tiberii
1638 1623 1839 1705 rogationes,

644 1735 682 1793 nt
713 1726 921 1811 respondendi
953 1729 1096 1811 spatium
1127 1746 1181 1790 reo
1212 1747 1275 1790 non
1299 1731 1390 1791 esset.
1416 1725 1523 1789 Etiam
1547 1731 1678 1810 propter
1704 1746 1840 1810 sequens

643 1833 837 1919 quaesivisset
866 1833 1042 1896 necessaria
1073 1831 1202 1896 videtur
1232 1836 1340 1896 nostra
1371 1831 1562 1896 emendatio.
1594 1829 1837 1896 Gravissimum

644 1960 720 2004 vero
739 1938 798 2002 hoc
818 1936 918 2022 quod,
939 1938 966 2000 si
985 1937 1114 1999 dedatur
1132 1939 1298 2012 retinetur,
1319 1936 1437 2000 frustra
1456 1939 1609 2019 quisquo
1630 1934 1725 2000 modo
1744 1934 1839 2000 illam

645 2043 754 2109 Silano
783 2043 939 2107 ademerit
969 2041 1157 2108 facultatem
1188 2045 1381 2126 quaerimus.
1414 2041 1604 2107 Formarum
1628 2040 1739 2126 quales
1762 2047 1840 2106 sunt

644 2151 736 2212 elebat
759 2153 791 2212 et
815 2149 944 2211 dabatur
965 2153 1120 2232 perpetua
1140 2154 1187 2211 est
1209 2150 1244 2211 in
1267 2148 1430 2212 codicibus
1454 2148 1607 2213 confusio.

690 2253 743 2331 IV,
770 2252 800 2318 6.
833 2253 910 2318 Inde
941 2255 979 2318 ab
1010 2274 1090 2317 auno
1122 2252 1166 2316 23
1199 2275 1229 2337 p.
1255 2251 1331 2319 Chr.
1360 2256 1394 2316 in
1418 2254 1557 2319 deterius
1581 2257 1744 2317 mutatum
1770 2273 1838 2317 esse

645 2360 765 2425 Tiberii
799 2362 1016 2444 principatum
1050 2360 1213 2424 contendit
1242 2359 1388 2437 Tacitus,
1425 2380 1501 2424 nam
1535 2380 1637 2444 usque
1668 2358 1709 2424 ad
1737 2357 1837 2423 illum

646 2487 766 2531 annum
790 2471 874 2530 recte
898 2474 929 2529 et
952 2464 1016 2529 alia
1038 2486 1113 2529 eum
1138 2468 1241 2550 egisse
1265 2464 1350 2529 ultro
1374 2467 1520 2550 agnoscit
1543 2470 1574 2529 et
1599 2465 1658 2529 hoc
1679 2464 1764 2547 quod

691 2571 884 2648 „mandabat
897 2573 1027 2635 honores
1039 2569 1135 2635 nobili
1141 2577 1240 2635 tatem
1253 2573 1426 2646 maiorum,
1441 2569 1666 2635 claritudinem
1681 2568 1836 2645 militiae,

645 2674 789 2741 illustres
820 2675 906 2740 domi
930 2682 1014 2740 artes
1036 2674 1223 2760 spectando,
1246 2684 1285 2739 ut
1309 2677 1386 2740 satis
1410 2681 1570 2740 constaret
1593 2697 1656 2740 non
1679 2674 1759 2740 alios
1783 2696 1838 2760 po

645 2785 742 2847 tiores
767 2782 898 2847 fuisse’'.

689 2887 724 2952 Si
755 2887 872 2952 referre
901 2887 953 2951 hic
981 2886 1139 2952 voluisset
1170 2887 1299 2952 Tacitus
1331 2909 1411 2972 quae
1440 2889 1551 2952 fuisset
1582 2889 1692 2972 opinio
1724 2908 1837 2952 eornm

644 2995 812 3058 hominum
844 2996 899 3078 qui
930 2995 993 3077 ipsi
1016 2991 1074 3057 illa
1098 2996 1255 3058 vixissent
1278 3000 1398 3071 aetate,
1424 3016 1503 3071 non,
1528 3000 1565 3058 ut
1588 2996 1710 3078 opinor,
1729 2995 1838 3079 sciere

644 3100 837 3183 scripsisset,
872 3098 926 3162 sed
957 3121 1035 3175 ease,
1068 3120 1171 3183 neque
1202 3098 1391 3164 adverbium
1421 3100 1497 3162 satia
1527 3098 1718 3176 addidisset,
1750 3099 1836 3183 quod

645 3206 714 3268 eius
745 3208 810 3280 est,
843 3205 898 3288 qui
929 3204 1007 3287 quid
1029 3206 1097 3290 ipse
1120 3211 1195 3288 post
1218 3203 1360 3289 aliquam
1384 3204 1617 3269 dubitationem
1642 3225 1752 3269 secum
1777 3211 1837 3268 sta·

643 3311 743 3374 tuerit
762 3316 878 3373 narrat.
899 3308 985 3395 ldrgo
1005 3330 1062 3394 pro
1082 3317 1230 3373 cautaret
1249 3309 1423 3395 legendum
1444 3313 1505 3374 erit
1525 3317 1644 3373 eonem.
1669 3310 1834 3395 Itemque,

644 3421 739 3500 atque
769 3414 879 3479 eodem
904 3421 1094 3500 argumento
1118 3415 1232 3479 ductus
1257 3436 1282 3479 c.
1309 3414 1350 3479 74
1375 3437 1431 3499 pro
1453 3415 1530 3478 eatis
1553 3416 1706 3479 constabat
1729 3414 1838 3501 legen-

644 3520 722 3585 dum
747 3520 883 3584 arbitror
904 3521 980 3583 actis
1004 3528 1085 3582 ecerat
1106 3527 1128 3583 t.

689 3624 742 3701 IV,
777 3624 828 3687 11.
854 3624 1117 3717 'Prudentissime
1148 3624 1279 3689 Tacitus
1309 3647 1379 3701 eos,
1412 3628 1467 3710 qui
1499 3625 1688 3691 tradiderint
1720 3630 1837 3692 veneni

644 3729 814 3815 poculum,
846 3731 929 3814 quod
961 3731 1023 3794 sibi
1053 3751 1071 3793 a
1095 3729 1161 3794 filio
1185 3738 1333 3815 paratum
1358 3731 1514 3808 crederet,
1538 3734 1645 3817 ipsum
1670 3730 1838 3797 'liberium

644 3834 710 3900 lilio
734 3837 910 3919 porrexisse
933 3836 992 3900 hoo
1017 3843 1209 3921 argumento
1233 3838 1415 3922 redarguit:

691 3939 795 4019 „Quin
831 3943 937 4025 potius
972 3943 1158 4004 ministrum
1193 3944 1308 4005 veneni
1342 3944 1554 4018 excruciaret,
1591 3947 1756 4007 auctorem
1787 3965 1838 4008 er·

645 4049 802 4132 quireret,
844 4048 941 4110 insita
980 4047 1115 4131 denique
1153 4051 1250 4111 etiam
1291 4051 1324 4111 in
1362 4054 1527 4112 extraneos
1566 4051 1768 4114 cunctatione
1806 4055 1839 4113 et

646 4172 734 4215 mora
768 4149 937 4215 adversum
973 4153 1105 4215 unicum
1141 4159 1174 4216 et
1206 4151 1330 4217 nullius
1360 4159 1453 4218 antea
1483 4153 1600 4238 flagitii
1631 4161 1835 4238 compertum

645 4257 823 4321 uteretur.'’

689 4360 846 4440 Quoniam
871 4382 964 4425 nemo
987 4382 1131 4446 unquam
1154 4362 1267 4427 Latine
1291 4363 1408 4426 unicam
1424 4363 1529 4446 filiam
1548 4366 1593 4427 sic
1611 4363 1696 4428 nude
1717 4365 1835 4426 anirum

644 4464 836 4550 appellavit,
868 4487 930 4529 non
963 4466 1075 4530 dubito
1107 4467 1257 4551 equidem
1288 4471 1366 4552 quin
1391 4475 1463 4554 post
1485 4475 1658 4550 compertum
1681 4470 1836 4534 exciderit

644 4569 759 4652 filiam.

688 4675 741 4750 lv,
770 4675 818 4740 12.
858 4674 1030 4751 „Seianus,
1056 4676 1111 4740 ubi
1136 4678 1223 4742 videt
1246 4684 1382 4743 mortem
1406 4678 1504 4743 Drusi
1527 4677 1666 4743 inultam
1690 4682 1837 4747 interfec-

644 4782 784 4857 toribus,
819 4784 887 4845 siue
919 4802 1059 4846 maerore
1091 4781 1219 4866 publico
1250 4806 1335 4858 esse,
1367 4784 1455 4848 ferox
1487 4783 1661 4862 scelerum,
1694 4792 1728 4850 et
1758 4790 1835 4871 qnia
