4525 5950
954 703 1111 759 scurrus.
1565 687 1631 760 239

488 872 518 940 9.
557 872 660 953 „Res”
692 873 816 940 malitia
845 874 983 940 scilicet:
1015 875 1048 941 id
1079 883 1127 941 θεῖ
1158 879 1234 963 quia
1266 876 1344 942 mali
1374 882 1450 942 sunt
1480 878 1520 943 ad
1543 899 1632 955 rom,

439 1004 537 1069 quam
559 988 718 1068 praestare
741 1004 803 1047 non
827 988 970 1068 possunt.

484 1088 624 1176 Spengel
646 1097 746 1154 recte:
772 1089 864 1167 „res”
889 1088 988 1155 durch
1012 1089 1063 1154 die
1086 1088 1243 1177 Sachlage
1266 1090 1436 1177 gedringt.

485 1260 538 1323 55.
564 1259 674 1324 Davus
696 1281 730 1325 εθ
753 1265 882 1324 excusat
905 1258 1087 1345 arguendo:
1110 1278 1224 1345 parum
1248 1259 1389 1324 succedit
1413 1258 1497 1344 quod
1521 1280 1596 1346 ago.

486 1365 565 1431 Don.
590 1365 656 1445 (2);
680 1365 765 1431 Bene
786 1365 980 1442 „suooedit'',
1000 1370 1037 1430 ut
1056 1365 1141 1450 quod
1159 1367 1288 1452 agimus
1308 1365 1454 1431 ostendat
1466 1386 1628 1432 successus

437 1494 507 1539 θεεθ
532 1478 626 1557 alque
650 1472 805 1538 fortunae.

485 1579 569 1644 Phil.
593 1579 680 1643 idem
702 1577 970 1666 generaliter(l):
995 1578 1030 1643 Si
1054 1584 1200 1644 nostrum
1221 1584 1269 1643 est
1287 1578 1389 1644 officia
1407 1579 1573 1664 praebere,
1594 1585 1628 1643 at

432 1693 583 1752 nostrum
606 1707 669 1750 non
692 1691 741 1751 θεῖ
763 1687 926 1751 fortunam
950 1707 1042 1771 posse
1064 1692 1234 1770 praestare.

486 1836 528 1901 IV
552 1836 653 1902 212.

508 1945 569 2009 Per
592 1946 697 2008 omnis
720 1943 781 2008 tibi
804 1943 915 2009 adiuro
934 1943 1008 2009 deos
1027 1964 1206 2029 numquam
1225 1964 1296 2009 eam
1316 1965 1367 2009 me
1388 1942 1608 2022 deserturum,

507 2050 576 2116 Non
600 2053 627 2116 si
651 2051 824 2136 capiundos
845 2051 927 2114 mihi
950 2053 1049 2115 sciam
1072 2070 1141 2115 esse
1158 2052 1307 2115 inimicos
1327 2052 1432 2115 omnis
1452 2050 1597 2116 homines

487 2156 583 2222 Dan:
616 2159 699 2221 mira
730 2156 920 2221 verecundia
951 2177 1082 2233 „omnes
1115 2155 1283 2221 homines”
1309 2156 1425 2221 maluit
1450 2156 1570 2235 dicere,
1595 2163 1633 2221 ut

436 2267 472 2328 in
493 2263 543 2328 his
562 2271 708 2347 parentes
727 2283 853 2347 quoquc
874 2261 1078 2348 significarat,
1098 2283 1196 2348 quam
1215 2270 1322 2348 aperte
1335 2262 1438 2328 dicere
1452 2263 1631 2347 „patrem'’,

437 2372 533 2436 ouius
557 2377 647 2435 metu
671 2372 820 2454 promisit
843 2372 982 2454 nuptias.

486 2475 571 2541 Phil.
602 2479 647 2540 sio
677 2479 773 2562 genio
803 2475 968 2562 indulget:
1000 2477 1047 2539 ita
1078 2475 1160 2540 dixit
1190 2474 1228 2540 de
1261 2496 1342 2552 uno,
1367 2475 1426 2541 hoo
1448 2483 1497 2541 θεῖ
1520 2482 1628 2561 patre,

437 2586 566 2662 „omnis
589 2582 769 2658 homines'’,
793 2588 831 2646 ut
852 2582 939 2647 idem
963 2579 1058 2646 alibi:
1085 2603 1125 2658 „o
1149 2580 1292 2659 caelum,
1318 2603 1336 2646 o
1360 2589 1460 2660 terra,
1485 2604 1503 2647 o
1528 2587 1629 2647 maria

436 2689 582 2774 Neptuni
592 2686 622 2752 l’'
647 2689 720 2766 (Ad.
746 2686 773 2750 V
798 2686 892 2762 3.4):
917 2687 1075 2774 numquid
1099 2697 1131 2753 θῖ
1155 2687 1281 2753 caelum
1303 2688 1447 2773 Neptuni
1471 2685 1539 2753 est?
1559 2688 1642 2754 Non‘

435 2798 572 2882 utique,
605 2794 659 2860 sed
683 2796 790 2860 omnia
812 2795 889 2860 haec
912 2815 1000 2860 mare
1026 2793 1100 2859 vult
1123 2814 1209 2872 essa,
1234 2802 1272 2859 ut
1294 2793 1474 2881 VergiIius,
1501 2797 1631 2872 ,omnia

434 2901 493 2969 vel
516 2901 661 2967 medium
683 2900 761 2966 fiant
783 2900 892 2966 mare”
917 2900 999 2982 (Eol.
1025 2899 1101 2966 VIII
1125 2900 1192 2982 58).

485 3054 538 3120 13.
563 3053 697 3121 Valeant
720 3057 776 3140 qui
799 3057 885 3119 inter
909 3076 965 3119 nos
989 3054 1160 3121 discidium
1184 3055 1298 3121 volunt

485 3162 583 3228 Don.:
617 3160 787 3239 „valeant”
819 3162 879 3226 hoc
911 3170 959 3226 est
982 3161 1111 3236 abeant,
1137 3161 1285 3228 recedant
1293 3183 1301 3240 ;
1326 3169 1359 3227 et
1382 3162 1509 3228 attende
1533 3183 1630 3249 quam

436 3268 601 3335 moderate
624 3267 794 3353 pluraliter
817 3268 950 3346 dixerit,
975 3289 1049 3334 cum
1074 3268 1268 3355 significaret
1292 3276 1425 3355 patrem.

487 3374 573 3440 Phil.
607 3374 760 3440 mediis
791 3374 906 3439 hisce
938 3395 1053 3439 suam
1084 3375 1320 3441 doctrinam
1343 3379 1627 3461 interposuit3

438 3503 555 3566 nempe
578 3488 650 3566 post
675 3481 863 3558 „recedant”
887 3483 932 3545 sic
951 3483 1074 3567 pergit:
1095 3484 1170 3567 quia
1190 3490 1222 3547 θῖ
1242 3482 1476 3548 discedentibus
1494 3489 1527 3547 st
1547 3504 1630 3547 mor-

438 3590 506 3651 tuis
543 3585 654 3662 „vale”
690 3586 817 3664 dicitur,
854 3590 891 3649 ut
922 3585 1102 3672 Vergilius:
1137 3586 1248 3664 ,salve
1278 3587 1464 3653 aeternum'’
1495 3609 1522 3653 θ.
1546 3609 1576 3673 q.
1602 3608 1627 3653 s.

435 3691 502 3775 (XI
526 3692 598 3771 97);
624 3692 676 3758 vel
700 3696 807 3777 potius
830 3694 871 3771 τςῑ·
896 3692 1102 3770 educatores:
1132 3714 1207 3757 oum
1231 3693 1314 3759 male
1338 3697 1506 3779 optaturus
1529 3699 1629 3771 esset,

438 3800 638 3866 considerato
673 3806 763 3884 patre
799 3797 978 3878 παραδόξως
1011 3795 1140 3864 locutus
1174 3807 1223 3864 est
1256 3807 1287 3864 et
1320 3821 1383 3865 uon
1417 3798 1514 3875 dixit,
1546 3797 1630 3884 quod

433 3906 634 3982 intenderat,
661 3905 845 3991 „pereant’'.

482 4012 568 4078 Haec
592 4015 700 4077 omnia
722 4015 752 4077 ei
775 4010 934 4076 reddenda
957 4032 1025 4077 esse
1048 4012 1208 4077 ridentur.

482 4119 704 4205 llugraphius:
731 4116 903 4194 „valeant”
926 4119 1134 4197 exaperata,
1156 4118 1190 4182 id
1214 4124 1263 4183 θεῖ
1287 4116 1470 4203 „pereant”.

485 4283 538 4349 20.
564 4283 655 4362 Scio,
680 4284 765 4368 quod
789 4297 834 4363 (v.
859 4283 882 4348 l.
907 4283 997 4369 quid)
1020 4305 1132 4350 conare

484 4391 698 4457 Dubitabatur
721 4390 831 4456 hocine
855 4389 1012 4457 Charinus
1035 4390 1154 4457 diceret
1176 4412 1216 4457 an
1239 4391 1447 4477 Pamphilus,
1470 4394 1545 4458 hinc
1567 4392 1627 4459 llo-

432 4506 548 4564 natus:
573 4498 608 4562 Si
632 4497 794 4582 Pamphili
818 4502 867 4563 θεῖ
890 4518 1036 4583 persona,
1061 4518 1136 4563 cum
1159 4500 1260 4563 ironia
1283 4498 1411 4577 dicitur,
1432 4502 1460 4563 si
1482 4497 1624 4577 Charini,

432 4604 573 4690 simplex
598 4604 740 4669 laudatio
765 4609 823 4669 est.

483 4709 530 4776 De
559 4713 660 4775 ironia
690 4730 856 4796 perperam
888 4712 917 4774 ei
941 4708 1123 4795 obloquitur
1146 4710 1370 4797 philosophus:
1395 4710 1457 4777 Sed
1481 4715 1508 4777 si
1531 4712 1626 4777 Pam-

433 4817 520 4905 phili
549 4825 615 4892 θεῖ,
648 4816 707 4881 hoc
738 4815 915 4902 significat,
948 4815 1033 4900 quod
1063 4837 1161 4901 supra
1192 4839 1252 4894 ,ex
1277 4821 1349 4883 unis
1372 4822 1518 4903 geminas
1542 4819 1625 4885 mihi
