4525 5950
533 685 599 752 336
1056 706 1197 755 esurus.

579 872 628 947 „si
652 868 758 934 lucem
780 872 973 955 operiantur,
997 874 1063 936 iam
1085 893 1214 957 pacem,
1235 873 1302 937 iam
1325 893 1452 957 preces,
1477 879 1508 938 et
1530 894 1589 959 pro
1611 872 1716 938 labore

532 998 568 1042 ac
591 974 779 1041 vulneribus
803 976 1005 1042 clementiam
1029 987 1061 1043 et
1084 977 1240 1064 gloriam,
1263 981 1388 1055 inania,
1411 977 1549 1056 laturos,
1570 979 1626 1044 sed
1646 1000 1717 1064 opes

534 1081 795 1149 Cremonensium
819 1084 850 1146 in
875 1086 947 1147 sinu
971 1084 1202 1169 praefectorum
1225 1083 1468 1170 legatorumque
1490 1085 1590 1151 fore.”

578 1189 681 1269 Quam
714 1191 842 1275 egregie
873 1188 958 1254 dIcta
988 1190 1064 1255 haec
1094 1193 1175 1268 sint,
1202 1211 1297 1276 quam
1321 1189 1479 1275 praeclare
1502 1189 1651 1256 militum
1674 1212 1718 1256 rs

532 1296 634 1361 ferant
656 1302 812 1372 mentem,
837 1294 970 1380 praedae
992 1296 1190 1361 inhiantium
1213 1296 1411 1382 ducibusque
1433 1297 1671 1375 inridentium,
1695 1301 1719 1362 si

531 1405 602 1488 quis
633 1401 730 1467 semel
761 1404 911 1480 senserit,
944 1424 1007 1467 non
1039 1403 1118 1469 feret
1142 1402 1229 1468 ultra
1252 1403 1449 1469 adiacentem
1472 1403 1524 1468 his
1547 1403 1720 1469 insulsissi-

533 1531 620 1575 mam
643 1507 837 1595 magistelli,
863 1512 935 1595 qni,
960 1516 998 1574 ut
1020 1512 1066 1574 ita
1089 1510 1211 1588 dicam,
1235 1513 1305 1596 ipso
1328 1513 1417 1576 vocis
1439 1531 1472 1576 se
1496 1510 1603 1596 prodit
1627 1532 1719 1587 sono,

530 1615 840 1682 annotatiunculam:
862 1623 1085 1703 „expugnatae
1104 1616 1194 1681 urbis
1213 1617 1363 1702 praedam
1383 1617 1422 1684 ad
1442 1615 1579 1695 militas,
1596 1617 1720 1683 deditae

531 1723 571 1789 ad
595 1723 691 1788 duces
713 1722 892 1809 pertinere'’
909 1722 943 1803 ¹).

576 1829 620 1894 H.
645 1827 699 1894 IV.
724 1828 777 1894 22.
802 1827 918 1896 civilis
941 1835 1043 1894 castra
1066 1827 1285 1895 Romanorum
1310 1835 1493 1916 oppugnat:

580 1934 697 2020 „Spem
722 1935 979 2021 obpugnantium
1002 1935 1142 2021 augebat
1166 1934 1346 2021 amplitudo
1369 1934 1464 2013 valli,
1489 1935 1574 2020 quod
1598 1936 1721 2002 duabus

531 2041 715 2127 legionibus
745 2043 844 2106 situm
876 2044 930 2106 vix
961 2043 1101 2126 quinque
1132 2040 1223 2106 milia
1254 2048 1451 2107 armatorum
1475 2041 1721 2126 [Romammm]

496 2137 499 2144 ¹
535 2147 739 2214 tuebantur.”

580 2253 732 2339 Ineptum
750 2253 836 2319 istud
856 2255 1053 2318 Ιίοννοαονοοα
1073 2277 1136 2320 non
1155 2261 1203 2320 sst
1220 2257 1255 2319 in
1275 2254 1436 2320 codicibus
1457 2254 1721 2332 „deterioribus”

536 2360 695 2444 Descripti
726 2380 803 2445 ergo
834 2358 884 2425 illi
916 2365 992 2424 sunt
1023 2381 1084 2426 non
1115 2381 1154 2425 ex
1186 2363 1256 2446 ipso
1287 2359 1448 2438 Medicso,
1478 2360 1532 2425 aad
1556 2382 1596 2426 ex
1618 2359 1723 2446 aquuo

536 2466 736 2552 apographo,
760 2465 845 2551 quod
868 2464 1061 2531 vocabulum
1085 2464 1169 2531 illud
1189 2473 1245 2531 aut
1264 2469 1393 2532 omnino
1412 2487 1475 2531 non
1493 2466 1649 2567 babebat,
1670 2472 1723 2532 aut

535 2575 568 2636 in
592 2574 738 2658 margins
761 2574 926 2657 scriptum.
954 2569 1011 2638 off.
1036 2593 1116 2656 quae
1140 2593 1166 2637 c.
1187 2570 1263 2637 VIII
1283 2554 1469 2658 scripsimus
1488 2577 1521 2636 at
1540 2571 1723 2658 Nipperdsii

536 2679 716 2744 observatio
749 2700 779 2763 p.
803 2696 838 2742 ον
869 2679 1092 2763 praefationis,
1122 2699 1203 2764 quas
1235 2686 1283 2743 est
1312 2681 1345 2743 in
1375 2685 1465 2764 parte
1486 2677 1534 2744 III
1557 2670 1734 2756 editionis,'

536 2805 632 2870 quam
657 2807 684 2851 a.
709 2801 912 2850 nmoccnxxrv
934 2788 969 2849 in
991 2783 1096 2850 lucem
1119 2787 1238 2850 emisit.

986 2907 1282 2989 (Coctinacdurstar).

570 3090 596 3155 l)
610 3094 670 3141 Rern
684 3091 831 3140 verissimam
844 3090 1063 3155 apertissimamque
1079 3089 1171 3154 primos
1179 3089 1317 3139 mortalium
1326 3090 1446 3156 perspexit
1455 3090 1507 3140 ad.
1517 3090 1550 3142 H.
1560 3091 1597 3139 M.
1609 3091 1721 3157 Iaeopold,

534 3190 604 3239 quem
622 3177 676 3222 ente
692 3188 779 3238 paucos
797 3187 870 3220 annos
886 3171 1028 3237 discipulum
1046 3169 1117 3220 habui
1136 3170 1294 3220 carissimum.

986 3488 1028 3535 AD
1053 3487 1276 3535 rauranum.

584 3640 724 3706 Theseus
751 3662 777 3704 c.
803 3638 846 3703 VI
869 3638 987 3720 (Sint).
1022 3637 1143 3715 „Erant
1173 3636 1231 3703 illo
1262 3644 1403 3723 tempore
1427 3637 1572 3703 homines
1595 3639 1724 3724 quidam

536 3734 720 3819 ingentibus
744 3732 867 3795 viribus
891 3732 1029 3815 corporis
1053 3738 1085 3795 et
1107 3750 1226 3816 magna
1249 3728 1436 3808 velocitate,
1458 3729 1574 3815 quibus
1594 3735 1724 3795 naturas

537 3824 627 3889 donis
650 3824 688 3889 ad
712 3829 833 3889 ceteros
856 3820 1078 3908 opprimendos
1102 3820 1310 3886 utebantur:''

583 3916 695 3979 τούτων
727 3918 882 3994 Ἡρακλῆς
913 3912 984 3984 τοὺς
1013 3913 1069 3988 μὲν
1101 3909 1246 3987 ἐξέκοπτε
1278 3912 1329 3975 καὶ
1361 3913 1461 3992 οξνρὶρεν
1487 3911 1615 3991 περννύν,
1644 3913 1670 3976 οἱ
1694 3911 1723 3975 δὲ

538 4007 738 4073 λανθάνοντες
764 4004 874 4068 ἐκείνου
898 4002 1056 4083 παριόντος
1079 4000 1230 4075 ἔπτησσον
1254 4004 1304 4066 καὶ
1328 4003 1486 4067 ἀνεδύοντο
1510 4002 1562 4066 καὶ
1587 4026 1722 4082 παρημε-

539 4102 646 4162 λοῦντο
669 4096 804 4160 ταπεινόν
828 4094 1025 4172 πράττοντες.

583 4188 732 4252 Primum
754 4186 827 4274 lege
850 4186 997 4265 παρόντος
1021 4205 1077 4269 pro
1103 4183 1278 4262 παριόντος,
1304 4186 1478 4270 requiritur
1496 4187 1583 4249 enim
1604 4192 1727 4251 senten·

538 4282 599 4345 tia:
625 4278 801 4364 „quamdiu
825 4276 980 4342 Hercules
1000 4278 1082 4340 inter
1101 4273 1238 4342 Graecos
1257 4277 1463 4341 versabatnr’'
1483 4285 1629 4362 recteque
1651 4299 1727 4343 mox

538 4373 709 4457 opponitur
743 4368 809 4433 ἐπεὶ
847 4370 877 4433 δὲ
911 4370 1066 4447 Ἡρακλῆς
1093 4414 1147 4461 ..1.
1172 4368 1214 4437 εἰς
1247 4366 1365 4432 Λνδόαν
1396 4370 1494 4446 οὶπῆρε
1529 4368 1580 4431 καὶ
1613 4368 1728 4447 συχνόν

540 4463 603 4527 ἐκεῖ
623 4460 728 4541 χρόνον
752 4459 898 4525 ἐδούλευε.

586 4551 707 4618 Deinde
726 4573 783 4637 pro
805 4550 961 4615 ἀνεδύοντο
981 4569 1109 4634 prorsus
1128 4550 1323 4614 contrarium
1342 4551 1532 4633 requiritur:
1554 4549 1730 4627 ὑπεδύοντο,

542 4645 625 4732 quod
645 4664 863 4731 synonymum
883 4647 932 4706 est
950 4642 991 4719 τῷ
1012 4639 1160 4713 πτύσσενν
1181 4639 1232 4703 sai
1254 4641 1389 4704 ταπεινοὶ
1409 4643 1566 4718 πράττειν.
1588 4665 1616 4705 v.
1634 4641 1730 4708 Rom.

543 4736 602 4801 25:
626 4736 650 4801 ol
670 4737 726 4812 μὲν
746 4734 949 4810 οὶσόενέττερον
968 4738 1025 4795 τῶν
1047 4733 1209 4810 προοοόνον
1231 4731 1401 4796 ὑπεδύοντο.
1538 4731 1567 4798 J.
1586 4733 1616 4799 J.
1637 4732 1684 4798 H.
