4525 5950
1058 683 1226 732 auerauus.
1697 668 1739 732 55

539 845 619 908 bent
650 846 735 909 hune
768 867 863 911 usum
895 845 1046 912 tralatieii
1076 846 1235 913 librorum
1268 848 1347 913 Mes.
1380 871 1518 927 errores,
1551 850 1634 935 quod
1658 853 1742 914 sicut

541 949 651 1014 malus
681 950 842 1016 demersae
873 954 981 1029 navis,
1015 953 1070 1016 ubi
1102 953 1254 1038 scopulus
1278 953 1395 1030 lateat,
1420 976 1512 1040 saepe
1534 955 1671 1031 indicat,
1695 959 1742 1020 ita

541 1064 579 1119 ut
604 1057 643 1121 ab
668 1058 784 1123 iisdem
807 1060 968 1124 erroribus
992 1080 1180 1136 caveamus,
1205 1082 1263 1125 nos
1286 1061 1473 1139 admonent;
1497 1061 1600 1126 veluti
1624 1063 1741 1137 προὲτ-

541 1186 629 1224 τειν
661 1170 693 1227 et
725 1168 1004 1241 προστάττειν
1039 1169 1072 1230 iu
1107 1167 1268 1231 codicibus
1301 1172 1454 1251 perpetuo
1485 1168 1635 1232 confundi
1665 1188 1741 1231 oum

541 1290 592 1333 res
624 1272 792 1335 notissima
822 1274 881 1347 sit,
914 1275 1022 1337 minus
1047 1272 1228 1336 timendum
1253 1294 1292 1336 ne
1316 1276 1410 1337 toties
1434 1272 1524 1337 illusi
1547 1276 1580 1337 in
1603 1273 1740 1338 eundem

541 1374 696 1460 laqueum
731 1380 870 1461 turpiter
903 1378 1092 1442 incidamus.
1129 1376 1219 1456 Quod
1256 1384 1365 1442 tamen
1400 1400 1501 1455 nune,
1538 1381 1645 1443 neseio
1678 1399 1741 1463 quo

541 1479 656 1555 modo,
693 1481 825 1557 accidit;
861 1501 936 1545 nam
971 1483 999 1545 si
1035 1502 1172 1566 usquam
1207 1481 1304 1558 alibi,
1340 1483 1399 1548 hoe
1431 1483 1500 1549 loeo
1533 1484 1662 1549 evidens
1692 1490 1741 1548 est

541 1584 697 1649 mendum
728 1591 882 1662 πρᾶττε
915 1609 972 1671 pro
1005 1587 1256 1666 πρθσταττε.
1290 1587 1374 1668 Quid
1405 1589 1489 1672 quod
1513 1592 1622 1674 paucis
1645 1592 1740 1654 inter-

539 1693 633 1755 ieetie
652 1690 691 1755 ad
713 1690 845 1756 eandem
869 1713 936 1757 rem
960 1691 1163 1757 indicendam
1188 1694 1246 1758 hoe
1271 1695 1342 1777 ipso
1366 1695 1463 1758 verbo
1487 1703 1594 1759 uoster
1615 1697 1738 1759 utitur:

540 1796 794 1874 πρόσταττε·
821 1800 999 1876 ὑπουργήσω
1024 1801 1087 1875 γὰρ
1112 1794 1170 1862 ὅσα
1196 1797 1338 1863 δύναταί

586 2012 667 2078 lbid.
694 2012 729 2081 0.
757 2014 808 2079 16.
842 2019 876 2089 ἢν
906 2016 958 2078 καί
991 2016 1087 2095 πίσγ,
1120 2018 1308 2095 ἀψοφητί
1338 2019 1544 2094 κείσεται,
1568 2017 1658 2092 ριθλις
1684 2019 1736 2080 καί

538 2128 602 2189 τοῖς
629 2120 762 2195 γείτοσιν
787 2119 1016 2195 ἐξακουσθέντος
1043 2127 1096 2183 τοῦ
1122 2124 1301 2194 πτώματος.
1327 2123 1471 2187 Absurde
1496 2125 1540 2188 sic
1563 2123 1658 2187 scribi
1682 2143 1739 2207 pro

539 2233 739 2288 πεσεῖται
759 2227 824 2288 iam
847 2231 937 2289 antea
958 2229 1070 2290 monui
1091 2248 1148 2291 nso
1169 2234 1261 2291 muto
1281 2231 1491 2302 seutentiam
1513 2230 1614 2290 risum
1628 2233 1738 2292 movet

539 2332 729 2407 οέψοφιρτί
756 2336 916 2394 scietas
925 2352 933 2409 ;
958 2334 1022 2396 nisi
1044 2331 1125 2396 forte
1147 2341 1241 2417 putas
1261 2331 1460 2408 Homerum,
1482 2336 1510 2397 si
1528 2354 1584 2418 per
1595 2341 1737 2397 metrum

537 2435 668 2512 liceret,
694 2435 893 2509 δοθτιισεν
919 2437 955 2500 δὲ
980 2437 1173 2512 κείμενος
1197 2438 1302 2502 dicere
1327 2442 1479 2523 potuisse.

586 2653 667 2719 ibid.
693 2653 728 2720 C.
754 2654 807 2718 21.
833 2652 853 2717 ὦ
878 2654 1029 2731 μακοίριε,
1055 2657 1108 2717 οὐκ
1132 2651 1237 2731 οίσθα,
1262 2654 1342 2724 ὅπως
1368 2656 1479 2724 αὐτοὺς
1504 2658 1521 2729 si
1546 2655 1657 2732 ἄγνοια
1683 2655 1735 2718 καί

539 2764 556 2835 ἦ
590 2763 700 2834 α’ποίτκ
733 2761 964 2837 διατεθείκασιν,
998 2762 1035 2829 ὣς
1067 2760 1139 2834 μηδ’
1171 2763 1209 2824 ἂν
1234 2762 1375 2838 τρυτοίνιρ
1401 2762 1605 2838 διανοιχθῆναι
1632 2763 1735 2829 αὐτοῖς

538 2868 582 2930 τοὶ
608 2863 691 2929 ὦτα·
716 2868 892 2944 τοσούτῳ
917 2869 1015 2943 κνρρῷ
1040 2864 1194 2942 ἔβυσαν
1219 2868 1337 2930 αὐτα.
1369 2867 1532 2932 Hactenus
1556 2866 1735 2943 Lucienus;

537 2975 686 3058 sequitur
716 2971 891 3038 scholium:
924 2967 1082 3048 υίθυπερ
1114 2974 1127 3036 θ
1161 2971 1384 3043 Ὀδυσσεὺς
1416 2974 1510 3042 τοὺς
1543 2974 1735 3050 ἑταίρους

538 3078 687 3154 ἔδρασε
713 3079 792 3143 δίει
816 3087 885 3152 τῆς
916 3085 1112 3156 Σειριρνῶν
1137 3080 1382 3155 εὶκροοίσεως.
1414 3078 1486 3143 Νου
1511 3086 1634 3163 poterat
1657 3081 1736 3143 ieiu-

538 3183 630 3249 niusl

585 3388 635 3452 De
665 3386 833 3452 Sacrificiis
857 3384 892 3452 C.
919 3384 950 3449 8.
979 3387 1030 3449 καί
1056 3382 1101 3448 ὅτι
1125 3390 1182 3462 μὲν
1206 3392 1345 3465 χαλκοῦς
1373 3389 1437 3452 ἐστι
1468 3388 1518 3451 τοὶ
1547 3387 1632 3465 ἔξω,
1665 3389 1731 3450 καί

534 3494 606 3570 πρὸ
632 3496 736 3566 ἡμῶν
761 3497 813 3555 τοῦ
839 3494 974 3566 Ὀμήρου
995 3493 1139 3568 λέγοντος
1165 3493 1350 3567 ἠκούσαμεν.
1375 3496 1496 3558 Auctor
1516 3495 1613 3558 huius
1632 3492 1734 3558 libelli

536 3636 580 3648 -
606 3602 675 3664 sire
706 3597 867 3662 Lucienus
890 3602 918 3660 is
941 3608 989 3661 eet
1013 3600 1081 3662 sive
1105 3597 1238 3662 Luciaui
1262 3601 1407 3662 imitator
1432 3637 1474 3646 -
1499 3602 1531 3661 in
1555 3599 1732 3663 ludibrium

534 3709 636 3771 vertit
667 3710 835 3789 positarum
867 3709 1048 3768 commenta
1078 3703 1234 3788 vulgique
1266 3707 1509 3788 superstitiones
1540 3705 1577 3769 de
1610 3704 1670 3768 diis
1701 3713 1733 3768 et

534 3811 633 3876 rebus
657 3809 790 3886 divinis3
816 3812 924 3893 itaque
949 3807 1157 3873 nullomodo
1182 3808 1249 3873 fieri
1274 3817 1395 3893 potest,
1420 3817 1457 3872 ut
1481 3809 1529 3885 id,
1550 3809 1632 3893 quod
1654 3817 1733 3872 tam-

533 3937 635 4000 quam
659 3918 805 3999 ineptum
830 3913 986 3989 traducit,
1012 3934 1029 3977 a
1053 3934 1085 3976 se
1109 3917 1179 3998 ipso
1200 3913 1322 3977 dictum
1344 3934 1412 3977 esee
1433 3914 1608 3998 praedicet;
1630 3934 1732 3997 usque

529 4025 567 4085 in
594 4021 810 4104 superioribus
834 4019 1026 4103 quidquem,
1053 4019 1138 4103 quod
1163 4017 1203 4081 ad
1227 4017 1305 4082 caeli
1326 4021 1463 4102 speciem
1486 4019 1595 4083 referri
1615 4021 1730 4104 possit,

530 4128 682 4191 occurrit.
715 4125 913 4188 Ludificatur
943 4145 999 4188 uos
1024 4144 1123 4208 preve
1147 4122 1257 4201 lectio,
1284 4145 1379 4208 quam
1405 4125 1548 4189 confusio
1573 4128 1759 4208 praeposi,

531 4235 661 4295 tionum
692 4232 764 4305 πρθ
792 4240 824 4295 et
854 4232 967 4305 πρός,
1002 4236 1038 4293 ut
1060 4228 1156 4305 solet,
1182 4230 1321 4313 peperit,
1346 4236 1378 4292 et
1401 4229 1655 4294 rescribendum:
1681 4232 1729 4293 τόι

533 4336 609 4409 ἔξω
632 4335 697 4399 καί
723 4360 745 4398 π
756 4336 816 4414 ρθς
845 4338 968 4411 ἡμῶν,
993 4357 1071 4416 pare
1095 4334 1173 4397 σαοθί
1196 4334 1326 4397 exterior
1349 4341 1378 4396 et
1402 4336 1444 4397 ad
1465 4357 1518 4397 noa
1541 4356 1641 4412 υοτειι;
1667 4355 1730 4420 quo

532 4442 620 4508 nihil
642 4448 746 4528 potest
769 4462 836 4506 esse
860 4444 967 4527 aptius
990 4448 1047 4504 aut
1072 4439 1279 4505 luculentius.

579 4656 660 4720 Ibid.
694 4654 729 4722 Ο.
758 4654 808 4719 13.
841 4659 853 4717 c'
886 4656 941 4727 μέν
973 4678 1013 4730 γε
1049 4655 1170 4724 Σκύθης
1202 4653 1308 4719 παίσας
1343 4655 1400 4722 τὰς
1426 4656 1530 4721 θυσίας
1556 4654 1648 4729 dost<
1676 4652 1727 4717 καί

529 4764 729 4839 ἡγησάμενος
766 4763 917 4831 ταπεινὰς
956 4761 1068 4829 αὐτοὺς
1104 4763 1174 4830 τοὺς
1212 4758 1381 4837 ἀνθρώπους
1426 4769 1472 4839 τῇ
1516 4760 1728 4837 Ἀρτέμιδι
