4525 5950
945 700 1101 750 nonanus.
1552 679 1618 749 225

478 868 521 932 IV
546 867 575 933 1.
591 867 644 933 32.
679 867 878 954 „Apparari”
910 889 985 933 cum
1014 868 1122 934 dativo
1145 890 1220 934 casu
1243 871 1390 933 iunctum
1415 889 1540 954 semper
1562 867 1622 934 ola·

431 975 506 1040 dem
541 984 574 1042 et
607 977 781 1061 perniciem
816 974 993 1061 significat,
1030 982 1067 1040 ut
1104 976 1207 1052 „mihi
1239 996 1326 1041 sacra
1355 976 1479 1061 parari'’
1513 975 1621 1062 (Verg.

430 1085 511 1147 Aen.
543 1081 573 1147 II
609 1082 696 1159 132).
744 1081 824 1147 Eoos
855 1080 996 1146 scholion
1029 1081 1068 1145 ad
1098 1081 1328 1147 illustrandum
1360 1084 1444 1147 bunc
1476 1102 1621 1146 versum:

433 1188 544 1266 „Haec
575 1191 706 1274 nuptiae
736 1210 800 1253 non
825 1188 1060 1272 adparabantur
1083 1189 1198 1253 mihi”.
1223 1188 1393 1275 Repetitur
1416 1189 1456 1253 ad
1480 1186 1522 1254 IV
1547 1188 1577 1253 2.
1593 1188 1623 1253 7.

479 1370 532 1436 43.
557 1369 691 1456 Semper
710 1373 743 1438 rt
765 1371 836 1449 „dio
856 1372 958 1437 mihi''
983 1375 1176 1437 iniuriosum
1200 1378 1265 1450 est,
1290 1381 1328 1438 ut
1349 1373 1422 1440 ille:
1449 1374 1520 1450 „dio
1542 1374 1625 1438 mihi

433 1477 608 1555 Damoeta,
634 1480 745 1543 cuium
769 1475 905 1562 pocusl'’
931 1476 1011 1558 (Eol.
1037 1477 1149 1558 1111).

480 1660 522 1725 IV
547 1660 645 1725 224.
679 1661 728 1726 nd
760 1663 874 1727 verba:
902 1662 997 1738 „hino
1021 1682 1077 1728 vos
1100 1660 1299 1740 amolimini,
1323 1684 1399 1729 nam
1421 1666 1469 1728 mi
1491 1663 1625 1750 impedi·

433 1775 544 1832 mento
568 1766 679 1844 estis’'‚
704 1766 801 1832 Dent
826 1767 956 1832 amoliri
980 1767 1131 1832 dicuntur
1154 1789 1191 1832 ea
1214 1789 1293 1853 quae
1317 1790 1389 1833 cum
1411 1790 1529 1856 magna
1548 1769 1627 1834 diffi-

434 1871 553 1937 cultate
584 1879 617 1937 et
640 1872 807 1938 molimine
832 1874 1064 1940 submoventur
1086 1881 1118 1939 et
1142 1873 1302 1939 tolluntur
1325 1896 1342 1940 e
1366 1875 1483 1940 medio.
1519 1874 1624 1939 Phil.:

435 1977 606 2044 molestum
630 1978 900 2064 impedimentum
923 2002 962 2045 ex
985 1982 1032 2044 rei
1053 1981 1276 2067 magnitudine
1295 1984 1429 2047 iacentis
1448 1985 1481 2046 in
1501 1983 1625 2060 medio,

436 2093 468 2150 et
490 2086 560 2151 ideo
584 2087 834 2172 impedientibus
857 2109 890 2152 se
916 2086 1139 2164 „amolimini”
1165 2087 1259 2165 dicit,
1285 2111 1347 2152 non
1371 2090 1466 2154 abite.

480 2269 507 2334 V
531 2269 614 2334 2.1;
641 2272 757 2335 Animo
781 2292 865 2335 nnnc
888 2273 953 2335 iam
976 2272 1077 2335 otioso
1102 2292 1169 2336 esse
1192 2273 1327 2357 impero.
1352 2271 1452 2336 Dou:
1480 2272 1624 2349 „otioso”

434 2397 556 2441 securo.
582 2376 667 2440 Phil.
692 2376 796 2441 addit:
821 2379 896 2462 quia
919 2380 1086 2463 negotium
1110 2376 1292 2443 sollicitudo
1315 2384 1373 2443 est.

480 2543 561 2609 Ibid.
601 2543 699 2609 Don:
733 2543 898 2630 „impero”
930 2566 987 2629 pro
1019 2545 1103 2610 volo.
1141 2543 1244 2610 Phil.:
1278 2548 1327 2610 An
1360 2552 1397 2610 ut
1427 2547 1539 2610 statim
1570 2545 1626 2610 fiat

435 2655 589 2735 tanquam
624 2649 706 2714 illud
738 2650 822 2735 quod
852 2649 1047 2736 imperatur?
1084 2651 1127 2715 ut
1161 2651 1324 2736 „impero”
1358 2652 1492 2738 superbe
1524 2651 1623 2716 dixit:

433 2777 603 2820 summum
626 2759 712 2822 enirn
736 2757 891 2822 indicium
912 2761 1093 2823 securitatis
1117 2764 1164 2823 est
1189 2758 1347 2843 superbia.

482 2924 533 2991 15.
560 2924 783 2992 videturesse
806 2929 970 3013 quantivis
993 2929 1104 3012 pretii,

481 3032 581 3097 Don.:
612 3032 651 3097 ad
675 3033 932 3118 magnitudinem
958 3033 1094 3098 refertur
1118 3034 1334 3119 „quantivis”,
1360 3039 1470 3109 <non>
1494 3032 1534 3098 ad
1558 3054 1625 3118 par-

433 3142 571 3204 vitatem
607 3142 711 3224 pretii.
747 3138 848 3204 Phil.:
880 3140 935 3205 sed
965 3142 1099 3204 interest
1131 3143 1215 3205 inter
1245 3143 1353 3225 quivis
1385 3150 1417 3206 et
1443 3144 1623 3225 quantivis,

432 3266 509 3309 nam
533 3244 671 3310 alterum
696 3248 943 3332 contemptionis
969 3253 1034 3323 est,
1058 3244 1197 3311 alterum
1221 3245 1336 3311 laudis.

479 3414 506 3478 V
540 3415 569 3479 3.
585 3415 615 3480 6.
650 3415 757 3491 „Num
790 3415 866 3480 facti
895 3414 1006 3501 pigot’'
1039 3414 1251 3500 philosophus
1275 3415 1398 3480 dietum
1422 3436 1489 3481 esse
1513 3422 1623 3501 putat:

434 3524 511 3606 quia
534 3521 758 3606 „praedicant”
780 3521 868 3597 dioit,
889 3542 951 3585 non
973 3519 1144 3596 ‚‚dicunt’'l
1165 3521 1302 3607 Legitur
1320 3543 1434 3607 nempe
1454 3543 1501 3586 rs.
1517 3521 1535 3585 5
1549 3523 1623 3587 boc:

551 3629 612 3691 Ain
638 3626 783 3704 tandem,
809 3630 889 3692 civis
913 3623 1154 3713 Glyceriumst?
1178 3627 1244 3691 PA.
1270 3627 1319 3692 lta
1342 3628 1532 3714 praedicant.

480 3810 533 3875 25.
560 3809 738 3887 „Pecoare”
763 3809 938 3875 secundum
962 3807 1048 3873 Phil.
1072 3809 1104 3873 h.
1129 3809 1152 3873 l.
1178 3809 1312 3874 dieitur:
1337 3813 1412 3894 quia
1435 3832 1525 3875 amor
1547 3810 1624 3876 deus

434 3924 501 3994 est,
524 3939 587 3981 non
611 3914 770 3981 voluntas.
796 3913 845 3982 cf.
870 3915 989 3979 Donati
1011 3915 1153 3980 scholion
1178 3915 1237 3995 (3).

646 4168 715 4253 §d
746 4166 1057 4254 Interpretatio
1089 4170 1410 4232 sententiarum.

479 4388 515 4452 In
546 4391 777 4453 sententiarum
808 4389 1070 4472 interpretatione
1102 4388 1213 4453 eadem
1242 4389 1322 4451 vitia
1345 4387 1469 4471 aliaque
1493 4390 1624 4473 insuper

431 4500 596 4559 auctorem
620 4503 767 4559 nostrum
792 4499 988 4580 coarguunt:
1013 4514 1119 4557 sermo
1143 4493 1286 4577 prolixus
1310 4499 1342 4557 et
1363 4494 1505 4569 fucatus,
1530 4513 1623 4579 argu-

433 4602 497 4664 tiae
521 4603 750 4686 cuiuscumque
773 4602 915 4685 generis,
945 4600 1114 4684 impudens
1139 4600 1270 4664 audacia
1293 4602 1326 4663 in
1351 4600 1568 4686 excogitandis
1591 4609 1624 4663 et

432 4707 618 4792 promendis
641 4709 842 4794 argumentis
867 4708 1078 4789 ineptissimis
1103 4713 1135 4770 et
1157 4709 1189 4769 in
1215 4704 1434 4790 exemplorum
1460 4728 1519 4771 usu
1544 4728 1624 4791 quas

431 4811 557 4876 nullius
579 4816 736 4877 momenti
758 4822 791 4878 et
814 4833 907 4897 saepe
930 4832 1096 4897 perperam
1120 4812 1264 4877 adhibita
1283 4819 1367 4876 sunt.
1391 4812 1453 4876 His
1473 4813 1624 4878 subsidiis

1444 4934 1475 4982 lt
