<?xml version="1.0" encoding="UTF-8"?>
<!DOCTYPE html PUBLIC "-//W3C//DTD XHTML 1.0 Transitional//EN"
    "http://www.w3.org/TR/xhtml1/DTD/xhtml1-transitional.dtd">
<html xmlns="http://www.w3.org/1999/xhtml" xml:lang="en" lang="en">
 <head>
  <title>
</title>
<meta http-equiv="Content-Type" content="text/html;charset=utf-8" />
  <meta name='ocr-system' content='tesseract 3.04.00' />
  <meta name='ocr-capabilities' content='ocr_page ocr_carea ocr_par ocr_line ocrx_word'/>
</head>
<body>
  <div class='ocr_page' id='page_1' title='image "./mnemosyne07verdgoog_0696.png"; bbox 0 0 4525 5950; ppageno 0'>
   <div class='ocr_carea' id='block_1_1' title="bbox 637 705 1311 773">
    <p class='ocr_par' dir='ltr' id='par_1_1' title="bbox 637 705 1311 773">
     <span class='ocr_line' id='line_1_1' title="bbox 637 705 1311 773; baseline 0.001 -1"><span class='ocrx_word' id='word_1_1' title='bbox 637 705 705 773; x_wconf 79' lang='lat'><strong>220</strong></span> <span class='ocrx_word' id='word_1_2' title='bbox 1155 725 1311 773; x_wconf 77' lang='lat' dir='ltr'><strong>oosnrus.</strong></span> 
     </span>
    </p>
   </div>
   <div class='ocr_carea' id='block_1_2' title="bbox 637 889 1831 1083">
    <p class='ocr_par' dir='ltr' id='par_1_2' title="bbox 637 889 1831 1083">
     <span class='ocr_line' id='line_1_2' title="bbox 640 889 1831 976; baseline 0.002 -20"><span class='ocrx_word' id='word_1_3' title='bbox 640 889 761 956; x_wconf 77' lang='lat' dir='ltr'><strong>rancidi</strong></span> <span class='ocrx_word' id='word_1_4' title='bbox 784 893 909 976; x_wconf 87' lang='lat' dir='ltr'><strong>posuit,</strong></span> <span class='ocrx_word' id='word_1_5' title='bbox 933 900 1029 976; x_wconf 87' lang='lat' dir='ltr'><strong>atque</strong></span> <span class='ocrx_word' id='word_1_6' title='bbox 1049 889 1122 956; x_wconf 93' lang='lat' dir='ltr'><strong>ideo</strong></span> <span class='ocrx_word' id='word_1_7' title='bbox 1145 890 1307 957; x_wconf 74' lang='lat' dir='ltr'><strong>malevoli.</strong></span> <span class='ocrx_word' id='word_1_8' title='bbox 1376 891 1419 956; x_wconf 90' lang='lat' dir='ltr'><strong>Et</strong></span> <span class='ocrx_word' id='word_1_9' title='bbox 1441 891 1479 957; x_wconf 84' lang='lat' dir='ltr'><strong>ad</strong></span> <span class='ocrx_word' id='word_1_10' title='bbox 1503 891 1586 957; x_wconf 90' lang='lat' dir='ltr'><strong>Eun.</strong></span> <span class='ocrx_word' id='word_1_11' title='bbox 1609 891 1657 957; x_wconf 83' lang='lat' dir='ltr'><strong>ll.</strong></span> <span class='ocrx_word' id='word_1_12' title='bbox 1680 893 1745 958; x_wconf 93' lang='lat' dir='ltr'><strong>hoc</strong></span> <span class='ocrx_word' id='word_1_13' title='bbox 1764 892 1831 972; x_wconf 87' lang='lat'><strong>(7):</strong></span> 
     </span>
     <span class='ocr_line' id='line_1_3' title="bbox 637 996 1711 1083; baseline 0 -21"><span class='ocrx_word' id='word_1_14' title='bbox 637 1016 733 1062; x_wconf 85' lang='lat' dir='ltr'><strong>senex</strong></span> <span class='ocrx_word' id='word_1_15' title='bbox 754 1006 865 1061; x_wconf 89' lang='lat' dir='ltr'><strong>utrum</strong></span> <span class='ocrx_word' id='word_1_16' title='bbox 889 1017 983 1062; x_wconf 85' lang='lat' dir='ltr'><strong>senex</strong></span> <span class='ocrx_word' id='word_1_17' title='bbox 1007 1019 1047 1062; x_wconf 88' lang='lat' dir='ltr'><strong>en</strong></span> <span class='ocrx_word' id='word_1_18' title='bbox 1070 999 1214 1083; x_wconf 86' lang='lat' dir='ltr'><strong>quisita</strong></span> <span class='ocrx_word' id='word_1_19' title='bbox 1238 997 1365 1063; x_wconf 85' lang='lat' dir='ltr'><strong>ridetur</strong></span> <span class='ocrx_word' id='word_1_20' title='bbox 1387 999 1428 1063; x_wconf 95' lang='lat' dir='ltr'><strong>ob</strong></span> <span class='ocrx_word' id='word_1_21' title='bbox 1450 996 1711 1064; x_wconf 78' lang='lat' dir='ltr'><strong>deformitatem?</strong></span> 
     </span>
    </p>
   </div>
   <div class='ocr_carea' id='block_1_3' title="bbox 637 1151 1839 1751">
    <p class='ocr_par' dir='ltr' id='par_1_3' title="bbox 683 1151 1387 1231">
     <span class='ocr_line' id='line_1_4' title="bbox 683 1151 1387 1231; baseline -0.003 -13"><span class='ocrx_word' id='word_1_22' title='bbox 683 1153 714 1218; x_wconf 88' lang='lat'><strong>8.</strong></span> <span class='ocrx_word' id='word_1_23' title='bbox 740 1154 895 1217; x_wconf 83' lang='lat' dir='ltr'><strong>Animum</strong></span> <span class='ocrx_word' id='word_1_24' title='bbox 920 1151 1076 1217; x_wconf 85' lang='lat' dir='ltr'><strong>attendite</strong></span> <span class='ocrx_word' id='word_1_25' title='bbox 1099 1158 1145 1231; x_wconf 84' lang='lat' dir='ltr'><strong>(r.</strong></span> <span class='ocrx_word' id='word_1_26' title='bbox 1168 1151 1191 1216; x_wconf 95' lang='lat' dir='ltr'><strong>l.</strong></span> <span class='ocrx_word' id='word_1_27' title='bbox 1215 1151 1387 1230; x_wconf 81' lang='lat' dir='ltr'><strong>advertite)</strong></span> 
     </span>
    </p>

    <p class='ocr_par' dir='ltr' id='par_1_4' title="bbox 637 1256 1839 1664">
     <span class='ocr_line' id='line_1_5' title="bbox 682 1256 1837 1344; baseline -0.003 -18"><span class='ocrx_word' id='word_1_28' title='bbox 682 1259 781 1325; x_wconf 90' lang='lat' dir='ltr'><strong>Don.:</strong></span> <span class='ocrx_word' id='word_1_29' title='bbox 806 1257 929 1344; x_wconf 83' lang='lat' dir='ltr'><strong>legitur</strong></span> <span class='ocrx_word' id='word_1_30' title='bbox 946 1267 979 1323; x_wconf 93' lang='lat' dir='ltr'><strong>et</strong></span> <span class='ocrx_word' id='word_1_31' title='bbox 1000 1257 1209 1334; x_wconf 85' lang='lat' dir='ltr'><strong>„attendite”.</strong></span> <span class='ocrx_word' id='word_1_32' title='bbox 1228 1256 1291 1337; x_wconf 75' lang='lat' dir='ltr'><strong>(cf.</strong></span> <span class='ocrx_word' id='word_1_33' title='bbox 1311 1259 1393 1323; x_wconf 88' lang='lat' dir='ltr'><strong>Eun.</strong></span> <span class='ocrx_word' id='word_1_34' title='bbox 1414 1258 1493 1344; x_wconf 93' lang='lat' dir='ltr'><strong>prol.</strong></span> <span class='ocrx_word' id='word_1_35' title='bbox 1514 1259 1575 1323; x_wconf 81' lang='lat'><strong>44:</strong></span> <span class='ocrx_word' id='word_1_36' title='bbox 1594 1280 1654 1324; x_wconf 90' lang='lat' dir='ltr'><strong>nos</strong></span> <span class='ocrx_word' id='word_1_37' title='bbox 1673 1261 1837 1324; x_wconf 71' lang='grc' dir='ltr'><strong><em>ἔλλειττι-</em></strong></span> 
     </span>
     <span class='ocr_line' id='line_1_6' title="bbox 638 1364 1839 1451; baseline 0.001 -20"><span class='ocrx_word' id='word_1_38' title='bbox 638 1373 697 1438; x_wconf 79' lang='grc' dir='ltr'><strong>κῶς</strong></span> <span class='ocrx_word' id='word_1_39' title='bbox 727 1365 866 1431; x_wconf 79' lang='lat' dir='ltr'>dicimus</span> <span class='ocrx_word' id='word_1_40' title='bbox 891 1365 1115 1441; x_wconf 84' lang='lat' dir='ltr'><strong>&lt;„adrertite”</strong></span> <span class='ocrx_word' id='word_1_41' title='bbox 1139 1371 1202 1434; x_wconf 84' lang='lat' dir='ltr'><strong>ut&gt;</strong></span> <span class='ocrx_word' id='word_1_42' title='bbox 1227 1364 1436 1442; x_wconf 85' lang='lat' dir='ltr'><strong>„attendite&#39;&#39;,</strong></span> <span class='ocrx_word' id='word_1_43' title='bbox 1466 1373 1588 1431; x_wconf 83' lang='lat' dir='ltr'><strong>veteres</strong></span> <span class='ocrx_word' id='word_1_44' title='bbox 1618 1364 1718 1451; x_wconf 87' lang='lat' dir='ltr'><strong>plene</strong></span> <span class='ocrx_word' id='word_1_45' title='bbox 1749 1370 1839 1444; x_wconf 77' lang='lat' dir='ltr'><strong>„ani-</strong></span> 
     </span>
     <span class='ocr_line' id='line_1_7' title="bbox 637 1470 1838 1551; baseline 0 -12"><span class='ocrx_word' id='word_1_46' title='bbox 637 1494 729 1539; x_wconf 91' lang='lat' dir='ltr'><strong>mum</strong></span> <span class='ocrx_word' id='word_1_47' title='bbox 749 1472 954 1551; x_wconf 87' lang='lat' dir='ltr'><strong>advertite”.)</strong></span> <span class='ocrx_word' id='word_1_48' title='bbox 972 1471 1073 1536; x_wconf 82' lang='lat' dir='ltr'><strong>Addit</strong></span> <span class='ocrx_word' id='word_1_49' title='bbox 1091 1470 1165 1537; x_wconf 91' lang='lat' dir='ltr'><strong>ille:</strong></span> <span class='ocrx_word' id='word_1_50' title='bbox 1187 1470 1315 1550; x_wconf 83' lang='lat' dir='ltr'><strong>unde(!)</strong></span> <span class='ocrx_word' id='word_1_51' title='bbox 1333 1471 1540 1537; x_wconf 80' lang='lat' dir='ltr'><strong>manifestum</strong></span> <span class='ocrx_word' id='word_1_52' title='bbox 1558 1480 1606 1536; x_wconf 87' lang='lat' dir='ltr'><strong>est</strong></span> <span class='ocrx_word' id='word_1_53' title='bbox 1626 1481 1659 1536; x_wconf 89' lang='lat' dir='ltr'><strong>et</strong></span> <span class='ocrx_word' id='word_1_54' title='bbox 1671 1473 1838 1539; x_wconf 87' lang='lat' dir='ltr'><strong>attendite</strong></span> 
     </span>
     <span class='ocr_line' id='line_1_8' title="bbox 638 1576 1647 1664; baseline -0.002 -19"><span class='ocrx_word' id='word_1_55' title='bbox 638 1588 670 1646; x_wconf 90' lang='lat' dir='ltr'><strong>et</strong></span> <span class='ocrx_word' id='word_1_56' title='bbox 693 1579 851 1644; x_wconf 86' lang='lat' dir='ltr'><strong>advertite</strong></span> <span class='ocrx_word' id='word_1_57' title='bbox 873 1599 936 1642; x_wconf 93' lang='lat' dir='ltr'><strong>non</strong></span> <span class='ocrx_word' id='word_1_58' title='bbox 959 1599 1028 1643; x_wconf 93' lang='lat' dir='ltr'><strong>esse</strong></span> <span class='ocrx_word' id='word_1_59' title='bbox 1050 1577 1200 1664; x_wconf 89' lang='lat' dir='ltr'><strong>plenum,</strong></span> <span class='ocrx_word' id='word_1_60' title='bbox 1224 1581 1287 1642; x_wconf 88' lang='lat' dir='ltr'><strong>nisi</strong></span> <span class='ocrx_word' id='word_1_61' title='bbox 1310 1576 1468 1642; x_wconf 78' lang='lat' dir='ltr'>addideris</span> <span class='ocrx_word' id='word_1_62' title='bbox 1490 1581 1647 1643; x_wconf 91' lang='lat' dir='ltr'><strong>animum.</strong></span> 
     </span>
    </p>

    <p class='ocr_par' dir='ltr' id='par_1_5' title="bbox 681 1683 1516 1751">
     <span class='ocr_line' id='line_1_9' title="bbox 681 1683 1516 1751; baseline -0.002 0"><span class='ocrx_word' id='word_1_63' title='bbox 681 1684 800 1751; x_wconf 86' lang='lat' dir='ltr'><strong>Hansit</strong></span> <span class='ocrx_word' id='word_1_64' title='bbox 822 1684 881 1750; x_wconf 91' lang='lat' dir='ltr'><strong>hac</strong></span> <span class='ocrx_word' id='word_1_65' title='bbox 904 1705 942 1748; x_wconf 88' lang='lat' dir='ltr'><strong>ex</strong></span> <span class='ocrx_word' id='word_1_66' title='bbox 966 1683 1085 1749; x_wconf 90' lang='lat' dir='ltr'><strong>scholio</strong></span> <span class='ocrx_word' id='word_1_67' title='bbox 1108 1683 1227 1750; x_wconf 88' lang='lat' dir='ltr'><strong>Donati</strong></span> <span class='ocrx_word' id='word_1_68' title='bbox 1250 1684 1290 1750; x_wconf 90' lang='lat' dir='ltr'><strong>ad</strong></span> <span class='ocrx_word' id='word_1_69' title='bbox 1312 1685 1516 1750; x_wconf 78' lang='lat' dir='ltr'><strong>Eunuchum.</strong></span> 
     </span>
    </p>
   </div>
   <div class='ocr_carea' id='block_1_4' title="bbox 634 1837 1840 2882">
    <p class='ocr_par' dir='ltr' id='par_1_6' title="bbox 684 1837 1345 1906">
     <span class='ocr_line' id='line_1_10' title="bbox 684 1837 1345 1906; baseline 0.002 -2"><span class='ocrx_word' id='word_1_70' title='bbox 684 1839 736 1905; x_wconf 91' lang='grc'><strong>16.</strong></span> <span class='ocrx_word' id='word_1_71' title='bbox 761 1837 980 1906; x_wconf 81' lang='lat' dir='ltr'><strong>Contaminari</strong></span> <span class='ocrx_word' id='word_1_72' title='bbox 1002 1860 1064 1904; x_wconf 89' lang='lat' dir='ltr'><strong>non</strong></span> <span class='ocrx_word' id='word_1_73' title='bbox 1088 1838 1198 1905; x_wconf 90' lang='lat' dir='ltr'><strong>decere</strong></span> <span class='ocrx_word' id='word_1_74' title='bbox 1221 1838 1345 1905; x_wconf 86' lang='lat' dir='ltr'><strong>fabulas</strong></span> 
     </span>
    </p>

    <p class='ocr_par' dir='ltr' id='par_1_7' title="bbox 634 1944 1840 2140">
     <span class='ocr_line' id='line_1_11' title="bbox 680 1944 1840 2034; baseline 0.003 -23"><span class='ocrx_word' id='word_1_75' title='bbox 680 1947 730 2027; x_wconf 95' lang='grc'><strong>(1)</strong></span> <span class='ocrx_word' id='word_1_76' title='bbox 754 1944 1021 2023; x_wconf 74' lang='lat' dir='ltr'><strong>„contaminare”</strong></span> <span class='ocrx_word' id='word_1_77' title='bbox 1044 1950 1170 2032; x_wconf 91' lang='lat' dir='ltr'><strong>proprie</strong></span> <span class='ocrx_word' id='word_1_78' title='bbox 1192 1955 1238 2011; x_wconf 87' lang='lat' dir='ltr'><strong>est</strong></span> <span class='ocrx_word' id='word_1_79' title='bbox 1258 1947 1407 2012; x_wconf 89' lang='lat' dir='ltr'><strong>menibus</strong></span> <span class='ocrx_word' id='word_1_80' title='bbox 1429 1945 1499 2011; x_wconf 91' lang='lat' dir='ltr'><strong>luto</strong></span> <span class='ocrx_word' id='word_1_81' title='bbox 1518 1944 1621 2032; x_wconf 90' lang='lat' dir='ltr'><strong>plenis</strong></span> <span class='ocrx_word' id='word_1_82' title='bbox 1639 1946 1775 2034; x_wconf 92' lang='lat' dir='ltr'><strong>aliquid</strong></span> <span class='ocrx_word' id='word_1_83' title='bbox 1795 1957 1840 2014; x_wconf 80' lang='lat' dir='ltr'><strong>at·</strong></span> 
     </span>
     <span class='ocr_line' id='line_1_12' title="bbox 634 2051 1838 2140; baseline 0.002 -21"><span class='ocrx_word' id='word_1_84' title='bbox 634 2056 759 2140; x_wconf 81' lang='lat' dir='ltr'><strong>tingere</strong></span> <span class='ocrx_word' id='word_1_85' title='bbox 782 2059 815 2117; x_wconf 88' lang='lat' dir='ltr'><strong>et</strong></span> <span class='ocrx_word' id='word_1_86' title='bbox 837 2051 989 2138; x_wconf 87' lang='lat' dir='ltr'><strong>polluere.</strong></span> <span class='ocrx_word' id='word_1_87' title='bbox 1013 2051 1195 2139; x_wconf 75' lang='lat' dir='ltr'><strong>Vergilius:</strong></span> <span class='ocrx_word' id='word_1_88' title='bbox 1218 2051 1322 2138; x_wconf 90' lang='lat' dir='ltr'><strong>linqui</strong></span> <span class='ocrx_word' id='word_1_89' title='bbox 1346 2051 1508 2139; x_wconf 92' lang='lat' dir='ltr'><strong>pollutum</strong></span> <span class='ocrx_word' id='word_1_90' title='bbox 1531 2052 1718 2139; x_wconf 79' lang='lat' dir='ltr'><strong>hospitium</strong></span> <span class='ocrx_word' id='word_1_91' title='bbox 1740 2059 1838 2136; x_wconf 84' lang='lat' dir='ltr'><strong>(Aen.</strong></span> 
     </span>
    </p>

    <p class='ocr_par' dir='ltr' id='par_1_8' title="bbox 635 2262 1840 2563">
     <span class='ocr_line' id='line_1_13' title="bbox 678 2262 1840 2354; baseline 0.001 -23"><span class='ocrx_word' id='word_1_92' title='bbox 678 2266 728 2346; x_wconf 86' lang='grc'><strong>(3)</strong></span> <span class='ocrx_word' id='word_1_93' title='bbox 761 2262 1022 2343; x_wconf 78' lang='lat' dir='ltr'><strong>„Contaminari”</strong></span> <span class='ocrx_word' id='word_1_94' title='bbox 1054 2266 1146 2351; x_wconf 79' lang='lat' dir='ltr'><strong>tangi</strong></span> <span class='ocrx_word' id='word_1_95' title='bbox 1177 2267 1223 2347; x_wconf 83' lang='lat' dir='ltr'><strong>[et</strong></span> <span class='ocrx_word' id='word_1_96' title='bbox 1254 2264 1405 2350; x_wconf 85' lang='lat' dir='ltr'><strong>relinqui]</strong></span> <span class='ocrx_word' id='word_1_97' title='bbox 1436 2264 1560 2352; x_wconf 87' lang='lat' dir='ltr'><strong>polluta</strong></span> <span class='ocrx_word' id='word_1_98' title='bbox 1587 2286 1694 2331; x_wconf 89' lang='lat' dir='ltr'><strong>mann</strong></span> <span class='ocrx_word' id='word_1_99' title='bbox 1721 2289 1760 2334; x_wconf 91' lang='lat' dir='ltr'><strong>ac</strong></span> <span class='ocrx_word' id='word_1_100' title='bbox 1785 2290 1840 2354; x_wconf 90' lang='lat' dir='ltr'><strong>per</strong></span> 
     </span>
     <span class='ocr_line' id='line_1_14' title="bbox 635 2370 1839 2458; baseline 0.003 -22"><span class='ocrx_word' id='word_1_101' title='bbox 635 2371 695 2437; x_wconf 92' lang='lat' dir='ltr'><strong>hoc</strong></span> <span class='ocrx_word' id='word_1_102' title='bbox 725 2370 845 2437; x_wconf 90' lang='lat' dir='ltr'><strong>foedari</strong></span> <span class='ocrx_word' id='word_1_103' title='bbox 877 2378 934 2436; x_wconf 86' lang='lat' dir='ltr'><strong>aut</strong></span> <span class='ocrx_word' id='word_1_104' title='bbox 962 2370 1134 2446; x_wconf 86' lang='lat' dir='ltr'><strong>maculari,</strong></span> <span class='ocrx_word' id='word_1_105' title='bbox 1158 2378 1196 2435; x_wconf 84' lang='lat' dir='ltr'><strong>nt</strong></span> <span class='ocrx_word' id='word_1_106' title='bbox 1217 2373 1286 2456; x_wconf 90' lang='lat' dir='ltr'><strong>ipse</strong></span> <span class='ocrx_word' id='word_1_107' title='bbox 1308 2375 1372 2436; x_wconf 88' lang='lat' dir='ltr'><strong>ait:</strong></span> <span class='ocrx_word' id='word_1_108' title='bbox 1396 2393 1435 2436; x_wconf 89' lang='lat' dir='ltr'><strong>ne</strong></span> <span class='ocrx_word' id='word_1_109' title='bbox 1459 2372 1518 2436; x_wconf 89' lang='lat' dir='ltr'><strong>hoe</strong></span> <span class='ocrx_word' id='word_1_110' title='bbox 1540 2372 1706 2458; x_wconf 80' lang='lat' dir='ltr'><strong>gandium</strong></span> <span class='ocrx_word' id='word_1_111' title='bbox 1733 2383 1839 2440; x_wconf 83' lang='lat' dir='ltr'><strong>conta·</strong></span> 
     </span>
     <span class='ocr_line' id='line_1_15' title="bbox 635 2473 1574 2563; baseline 0 -21"><span class='ocrx_word' id='word_1_112' title='bbox 635 2481 739 2543; x_wconf 88' lang='lat' dir='ltr'><strong>minet</strong></span> <span class='ocrx_word' id='word_1_113' title='bbox 763 2480 833 2542; x_wconf 86' lang='lat' dir='ltr'><strong>vita</strong></span> <span class='ocrx_word' id='word_1_114' title='bbox 854 2477 1056 2563; x_wconf 79' lang='lat' dir='ltr'><strong>aegritudine</strong></span> <span class='ocrx_word' id='word_1_115' title='bbox 1078 2477 1197 2562; x_wconf 89' lang='lat' dir='ltr'><strong>aliqua.</strong></span> <span class='ocrx_word' id='word_1_116' title='bbox 1222 2475 1285 2556; x_wconf 83' lang='lat' dir='ltr'><strong>(Of.</strong></span> <span class='ocrx_word' id='word_1_117' title='bbox 1309 2473 1391 2542; x_wconf 80' lang='lat' dir='ltr'><strong>Eun.</strong></span> <span class='ocrx_word' id='word_1_118' title='bbox 1417 2477 1464 2542; x_wconf 91' lang='lat' dir='ltr'><strong>III</strong></span> <span class='ocrx_word' id='word_1_119' title='bbox 1487 2478 1517 2541; x_wconf 83' lang='lat'><strong>5.</strong></span> <span class='ocrx_word' id='word_1_120' title='bbox 1531 2478 1574 2556; x_wconf 83' lang='lat'><strong>4).</strong></span> 
     </span>
    </p>

    <p class='ocr_par' dir='ltr' id='par_1_9' title="bbox 634 2583 1836 2882">
     <span class='ocr_line' id='line_1_16' title="bbox 679 2583 1836 2675; baseline 0.005 -27"><span class='ocrx_word' id='word_1_121' title='bbox 679 2583 766 2648; x_wconf 91' lang='lat' dir='ltr'><strong>Illud</strong></span> <span class='ocrx_word' id='word_1_122' title='bbox 805 2583 928 2648; x_wconf 86' lang='lat' dir='ltr'><strong>Donato</strong></span> <span class='ocrx_word' id='word_1_123' title='bbox 964 2584 1022 2648; x_wconf 90' lang='lat' dir='ltr'><strong>hoc</strong></span> <span class='ocrx_word' id='word_1_124' title='bbox 1057 2594 1187 2669; x_wconf 89' lang='lat' dir='ltr'><strong>propter</strong></span> <span class='ocrx_word' id='word_1_125' title='bbox 1222 2584 1360 2649; x_wconf 79' lang='lat' dir='ltr'><strong>formam</strong></span> <span class='ocrx_word' id='word_1_126' title='bbox 1395 2583 1600 2669; x_wconf 80' lang='lat' dir='ltr'><strong>prolixiorem</strong></span> <span class='ocrx_word' id='word_1_127' title='bbox 1635 2585 1836 2675; x_wconf 91' lang='lat' dir='ltr'><strong>philosopho</strong></span> 
     </span>
     <span class='ocr_line' id='line_1_17' title="bbox 634 2688 1836 2777; baseline 0.003 -22"><span class='ocrx_word' id='word_1_128' title='bbox 634 2690 786 2755; x_wconf 89' lang='lat' dir='ltr'><strong>dederim.</strong></span> <span class='ocrx_word' id='word_1_129' title='bbox 811 2690 860 2754; x_wconf 88' lang='lat' dir='ltr'><strong>Ex</strong></span> <span class='ocrx_word' id='word_1_130' title='bbox 884 2688 1030 2776; x_wconf 86' lang='lat' dir='ltr'><strong>exemplo</strong></span> <span class='ocrx_word' id='word_1_131' title='bbox 1054 2689 1237 2777; x_wconf 77' lang='lat' dir='ltr'><strong>Vergiliano</strong></span> <span class='ocrx_word' id='word_1_132' title='bbox 1257 2690 1374 2757; x_wconf 91' lang='lat' dir='ltr'><strong>Donati</strong></span> <span class='ocrx_word' id='word_1_133' title='bbox 1392 2694 1426 2755; x_wconf 94' lang='lat' dir='ltr'><strong>in</strong></span> <span class='ocrx_word' id='word_1_134' title='bbox 1446 2689 1495 2772; x_wconf 88' lang='lat'><strong>(3)</strong></span> <span class='ocrx_word' id='word_1_135' title='bbox 1513 2693 1684 2777; x_wconf 79' lang='lat' dir='ltr'><strong>irrepsisse</strong></span> <span class='ocrx_word' id='word_1_136' title='bbox 1706 2694 1836 2760; x_wconf 82' lang='lat' dir='ltr'><strong>videtur</strong></span> 
     </span>
     <span class='ocr_line' id='line_1_18' title="bbox 635 2795 1066 2882; baseline -0.002 -20"><span class='ocrx_word' id='word_1_137' title='bbox 635 2796 794 2862; x_wconf 85' lang='lat' dir='ltr'><strong>emblema</strong></span> <span class='ocrx_word' id='word_1_138' title='bbox 818 2804 873 2874; x_wconf 79' lang='lat' dir='ltr'><strong>,et</strong></span> <span class='ocrx_word' id='word_1_139' title='bbox 895 2795 1066 2882; x_wconf 87' lang='lat' dir='ltr'><strong>relinqui&#39;’.</strong></span> 
     </span>
    </p>
   </div>
   <div class='ocr_carea' id='block_1_5' title="bbox 634 2962 1830 3157">
    <p class='ocr_par' dir='ltr' id='par_1_10' title="bbox 634 2962 1830 3157">
     <span class='ocr_line' id='line_1_19' title="bbox 679 2962 1830 3052; baseline 0.003 -23"><span class='ocrx_word' id='word_1_140' title='bbox 679 2963 749 3029; x_wconf 90' lang='lat'><strong>11.</strong></span> <span class='ocrx_word' id='word_1_141' title='bbox 764 2963 816 3029; x_wconf 84' lang='lat'><strong>12.</strong></span> <span class='ocrx_word' id='word_1_142' title='bbox 848 2962 942 3030; x_wconf 81' lang='lat' dir='ltr'><strong>Suro:</strong></span> <span class='ocrx_word' id='word_1_143' title='bbox 974 2964 1064 3045; x_wconf 82' lang='lat' dir='ltr'><strong>Quod</strong></span> <span class='ocrx_word' id='word_1_144' title='bbox 1095 2965 1194 3030; x_wconf 92' lang='lat' dir='ltr'><strong>habui</strong></span> <span class='ocrx_word' id='word_1_145' title='bbox 1218 2987 1385 3031; x_wconf 90' lang='lat' dir='ltr'><strong>summum</strong></span> <span class='ocrx_word' id='word_1_146' title='bbox 1409 2968 1565 3052; x_wconf 85' lang='lat' dir='ltr'><strong>pretium,</strong></span> <span class='ocrx_word' id='word_1_147' title='bbox 1590 2967 1740 3051; x_wconf 83' lang='lat' dir='ltr'><strong>persolvi</strong></span> <span class='ocrx_word' id='word_1_148' title='bbox 1767 2970 1830 3035; x_wconf 88' lang='lat' dir='ltr'><strong>tibi.</strong></span> 
     </span>
     <span class='ocr_line' id='line_1_20' title="bbox 634 3068 1692 3157; baseline 0.006 -25"><span class='ocrx_word' id='word_1_149' title='bbox 634 3068 737 3135; x_wconf 84' lang='lat' dir='ltr'><strong>Phil:</strong></span> <span class='ocrx_word' id='word_1_150' title='bbox 761 3073 836 3154; x_wconf 88' lang='lat' dir='ltr'><strong>quia</strong></span> <span class='ocrx_word' id='word_1_151' title='bbox 861 3071 1045 3156; x_wconf 85' lang='lat' dir='ltr'><strong>„pretium”</strong></span> <span class='ocrx_word' id='word_1_152' title='bbox 1071 3072 1211 3149; x_wconf 83' lang='lat' dir='ltr'><strong>dixerat,</strong></span> <span class='ocrx_word' id='word_1_153' title='bbox 1238 3071 1420 3157; x_wconf 82' lang='lat' dir='ltr'><strong>„persolvi”</strong></span> <span class='ocrx_word' id='word_1_154' title='bbox 1445 3072 1527 3135; x_wconf 87' lang='lat' dir='ltr'><strong>dixit</strong></span> <span class='ocrx_word' id='word_1_155' title='bbox 1551 3076 1692 3157; x_wconf 91' lang='lat' dir='ltr'><strong>proprie.</strong></span> 
     </span>
    </p>
   </div>
   <div class='ocr_carea' id='block_1_6' title="bbox 630 3237 1831 4282">
    <p class='ocr_par' dir='ltr' id='par_1_11' title="bbox 631 3237 1828 3748">
     <span class='ocr_line' id='line_1_21' title="bbox 680 3237 1828 3315; baseline 0.005 -14"><span class='ocrx_word' id='word_1_156' title='bbox 680 3238 730 3301; x_wconf 78' lang='lat'><strong>18.</strong></span> <span class='ocrx_word' id='word_1_157' title='bbox 762 3237 860 3303; x_wconf 84' lang='lat' dir='ltr'><strong>Don:</strong></span> <span class='ocrx_word' id='word_1_158' title='bbox 894 3260 978 3315; x_wconf 81' lang='lat' dir='ltr'><strong>„uno</strong></span> <span class='ocrx_word' id='word_1_159' title='bbox 1010 3239 1128 3304; x_wconf 87' lang='lat' dir='ltr'><strong>verbc”</strong></span> <span class='ocrx_word' id='word_1_160' title='bbox 1162 3260 1224 3304; x_wconf 91' lang='lat' dir='ltr'><strong>uno</strong></span> <span class='ocrx_word' id='word_1_161' title='bbox 1255 3238 1432 3315; x_wconf 64' lang='grc' dir='ltr'><strong>ἀξιώματι),</strong></span> <span class='ocrx_word' id='word_1_162' title='bbox 1456 3261 1521 3304; x_wconf 88' lang='lat' dir='ltr'><strong>una</strong></span> <span class='ocrx_word' id='word_1_163' title='bbox 1545 3246 1720 3308; x_wconf 85' lang='lat' dir='ltr'><strong>sententia.</strong></span> <span class='ocrx_word' id='word_1_164' title='bbox 1748 3244 1828 3309; x_wconf 92' lang='lat' dir='ltr'><strong>Phil.</strong></span> 
     </span>
     <span class='ocr_line' id='line_1_22' title="bbox 631 3344 1827 3430; baseline 0.005 -21"><span class='ocrx_word' id='word_1_165' title='bbox 631 3348 678 3410; x_wconf 91' lang='lat' dir='ltr'><strong>ita</strong></span> <span class='ocrx_word' id='word_1_166' title='bbox 701 3347 824 3430; x_wconf 78' lang='lat' dir='ltr'><strong>pergit:</strong></span> <span class='ocrx_word' id='word_1_167' title='bbox 848 3366 923 3409; x_wconf 88' lang='lat' dir='ltr'><strong>nam</strong></span> <span class='ocrx_word' id='word_1_168' title='bbox 947 3344 1072 3418; x_wconf 69' lang='grc' dir='ltr'><strong><em>ἀξίωμα</em></strong></span> <span class='ocrx_word' id='word_1_169' title='bbox 1096 3349 1253 3411; x_wconf 83' lang='lat' dir='ltr'><strong>sententia</strong></span> <span class='ocrx_word' id='word_1_170' title='bbox 1276 3354 1325 3411; x_wconf 84' lang='lat' dir='ltr'><strong>est</strong></span> <span class='ocrx_word' id='word_1_171' title='bbox 1348 3346 1400 3410; x_wconf 88' lang='lat' dir='ltr'><strong>vel</strong></span> <span class='ocrx_word' id='word_1_172' title='bbox 1425 3349 1601 3412; x_wconf 84' lang='lat' dir='ltr'><strong>enuntiatio</strong></span> <span class='ocrx_word' id='word_1_173' title='bbox 1634 3369 1701 3415; x_wconf 90' lang='lat' dir='ltr'><strong>nno</strong></span> <span class='ocrx_word' id='word_1_174' title='bbox 1736 3353 1827 3417; x_wconf 82' lang='lat' dir='ltr'><strong>verbo</strong></span> 
     </span>
     <span class='ocr_line' id='line_1_23' title="bbox 633 3450 1827 3540; baseline 0.005 -25"><span class='ocrx_word' id='word_1_175' title='bbox 633 3472 749 3516; x_wconf 85' lang='lat' dir='ltr'><strong>nexam</strong></span> <span class='ocrx_word' id='word_1_176' title='bbox 788 3454 951 3515; x_wconf 90' lang='lat' dir='ltr'><strong>continens</strong></span> <span class='ocrx_word' id='word_1_177' title='bbox 986 3458 1018 3516; x_wconf 90' lang='lat' dir='ltr'><strong>et</strong></span> <span class='ocrx_word' id='word_1_178' title='bbox 1051 3453 1224 3536; x_wconf 83' lang='lat' dir='ltr'><strong>perfectam</strong></span> <span class='ocrx_word' id='word_1_179' title='bbox 1263 3451 1530 3540; x_wconf 67' lang='lat' dir='ltr'><strong>intelligentiam</strong></span> <span class='ocrx_word' id='word_1_180' title='bbox 1572 3450 1702 3529; x_wconf 69' lang='grc' dir='ltr'><strong><em>ἀξίωμα</em></strong></span> <span class='ocrx_word' id='word_1_181' title='bbox 1746 3462 1827 3523; x_wconf 91' lang='lat' dir='ltr'><strong>enim</strong></span> 
     </span>
     <span class='ocr_line' id='line_1_24' title="bbox 632 3555 1826 3629; baseline 0.006 -7"><span class='ocrx_word' id='word_1_182' title='bbox 632 3564 756 3622; x_wconf 87' lang='lat' dir='ltr'><strong>constat</strong></span> <span class='ocrx_word' id='word_1_183' title='bbox 786 3578 825 3622; x_wconf 91' lang='lat' dir='ltr'><strong>ex</strong></span> <span class='ocrx_word' id='word_1_184' title='bbox 855 3560 984 3622; x_wconf 92' lang='lat' dir='ltr'><strong>nomine</strong></span> <span class='ocrx_word' id='word_1_185' title='bbox 1016 3565 1048 3621; x_wconf 91' lang='lat' dir='ltr'><strong>et</strong></span> <span class='ocrx_word' id='word_1_186' title='bbox 1080 3558 1186 3622; x_wconf 86' lang='lat' dir='ltr'><strong>verbo.</strong></span> <span class='ocrx_word' id='word_1_187' title='bbox 1219 3555 1267 3624; x_wconf 84' lang='lat' dir='ltr'><strong>cf.</strong></span> <span class='ocrx_word' id='word_1_188' title='bbox 1299 3559 1339 3623; x_wconf 91' lang='lat' dir='ltr'><strong>ad</strong></span> <span class='ocrx_word' id='word_1_189' title='bbox 1371 3558 1385 3622; x_wconf 94' lang='lat' dir='ltr'><strong>l</strong></span> <span class='ocrx_word' id='word_1_190' title='bbox 1411 3557 1476 3623; x_wconf 85' lang='lat'><strong>5.5</strong></span> <span class='ocrx_word' id='word_1_191' title='bbox 1509 3564 1541 3623; x_wconf 88' lang='lat' dir='ltr'><strong>et</strong></span> <span class='ocrx_word' id='word_1_192' title='bbox 1565 3558 1605 3624; x_wconf 92' lang='lat' dir='ltr'><strong>ad</strong></span> <span class='ocrx_word' id='word_1_193' title='bbox 1628 3559 1826 3629; x_wconf 82' lang='lat' dir='ltr'><strong>Eunuchum</strong></span> 
     </span>
     <span class='ocr_line' id='line_1_25' title="bbox 631 3661 1146 3748; baseline 0 -21"><span class='ocrx_word' id='word_1_194' title='bbox 631 3661 646 3727; x_wconf 93' lang='lat' dir='ltr'><strong>l</strong></span> <span class='ocrx_word' id='word_1_195' title='bbox 670 3663 701 3727; x_wconf 81' lang='lat'><strong>2.</strong></span> <span class='ocrx_word' id='word_1_196' title='bbox 716 3661 769 3739; x_wconf 83' lang='lat'><strong>95,</strong></span> <span class='ocrx_word' id='word_1_197' title='bbox 795 3664 850 3727; x_wconf 91' lang='lat' dir='ltr'><strong>ubi</strong></span> <span class='ocrx_word' id='word_1_198' title='bbox 875 3664 951 3728; x_wconf 89' lang='lat' dir='ltr'><strong>haec</strong></span> <span class='ocrx_word' id='word_1_199' title='bbox 974 3661 1146 3748; x_wconf 79' lang='lat' dir='ltr'><strong>leguntur:</strong></span> 
     </span>
    </p>

    <p class='ocr_par' dir='ltr' id='par_1_12' title="bbox 676 3768 1403 3855">
     <span class='ocr_line' id='line_1_26' title="bbox 676 3768 1403 3855; baseline 0.006 -24"><span class='ocrx_word' id='word_1_200' title='bbox 676 3769 723 3847; x_wconf 88' lang='grc'><strong>(1)</strong></span> <span class='ocrx_word' id='word_1_201' title='bbox 751 3768 858 3844; x_wconf 91' lang='lat' dir='ltr'><strong>„Istuc</strong></span> <span class='ocrx_word' id='word_1_202' title='bbox 883 3769 1039 3833; x_wconf 87' lang='lat' dir='ltr'><strong>verbum&#39;’</strong></span> <span class='ocrx_word' id='word_1_203' title='bbox 1064 3792 1121 3855; x_wconf 94' lang='lat' dir='ltr'><strong>pro</strong></span> <span class='ocrx_word' id='word_1_204' title='bbox 1146 3776 1214 3834; x_wconf 88' lang='lat' dir='ltr'><strong>tota</strong></span> <span class='ocrx_word' id='word_1_205' title='bbox 1238 3773 1403 3835; x_wconf 80' lang='lat' dir='ltr'><strong>sententia.</strong></span> 
     </span>
    </p>

    <p class='ocr_par' dir='ltr' id='par_1_13' title="bbox 630 3873 1828 4152">
     <span class='ocr_line' id='line_1_27' title="bbox 677 3873 1828 3960; baseline 0.008 -22"><span class='ocrx_word' id='word_1_206' title='bbox 677 3874 725 3953; x_wconf 87' lang='grc'><strong>(2)</strong></span> <span class='ocrx_word' id='word_1_207' title='bbox 750 3873 933 3950; x_wconf 89' lang='lat' dir='ltr'><strong>„Verbum”</strong></span> <span class='ocrx_word' id='word_1_208' title='bbox 957 3897 1014 3960; x_wconf 94' lang='lat' dir='ltr'><strong>pro</strong></span> <span class='ocrx_word' id='word_1_209' title='bbox 1037 3875 1131 3940; x_wconf 88' lang='lat' dir='ltr'><strong>dicto.</strong></span> <span class='ocrx_word' id='word_1_210' title='bbox 1157 3874 1217 3940; x_wconf 86' lang='lat' dir='ltr'><strong>Sed</strong></span> <span class='ocrx_word' id='word_1_211' title='bbox 1240 3879 1366 3960; x_wconf 91' lang='lat' dir='ltr'><strong>proprie</strong></span> <span class='ocrx_word' id='word_1_212' title='bbox 1390 3875 1514 3952; x_wconf 69' lang='grc' dir='ltr'><strong><em>ἀξίωμα</em></strong></span> <span class='ocrx_word' id='word_1_213' title='bbox 1537 3876 1571 3940; x_wconf 93' lang='lat' dir='ltr'><strong>id</strong></span> <span class='ocrx_word' id='word_1_214' title='bbox 1594 3884 1645 3941; x_wconf 90' lang='lat' dir='ltr'><strong>est</strong></span> <span class='ocrx_word' id='word_1_215' title='bbox 1668 3885 1828 3946; x_wconf 83' lang='lat' dir='ltr'><strong>sententia</strong></span> 
     </span>
     <span class='ocr_line' id='line_1_28' title="bbox 630 3979 1827 4068; baseline 0.009 -25"><span class='ocrx_word' id='word_1_216' title='bbox 630 3979 683 4045; x_wconf 85' lang='lat' dir='ltr'><strong>vel</strong></span> <span class='ocrx_word' id='word_1_217' title='bbox 706 3983 902 4058; x_wconf 88' lang='lat' dir='ltr'><strong>enuntiatio,</strong></span> <span class='ocrx_word' id='word_1_218' title='bbox 927 4001 1007 4064; x_wconf 86' lang='lat' dir='ltr'><strong>quae</strong></span> <span class='ocrx_word' id='word_1_219' title='bbox 1032 4003 1095 4046; x_wconf 92' lang='lat' dir='ltr'><strong>nno</strong></span> <span class='ocrx_word' id='word_1_220' title='bbox 1119 3985 1292 4068; x_wconf 81' lang='lat' dir='ltr'><strong>stringitur</strong></span> <span class='ocrx_word' id='word_1_221' title='bbox 1312 3981 1485 4067; x_wconf 75' lang='lat' dir='ltr'><strong>obligatur</strong></span> <span class='ocrx_word' id='word_1_222' title='bbox 1504 3983 1618 4059; x_wconf 81' lang='lat' dir='ltr'><strong>verbo,</strong></span> <span class='ocrx_word' id='word_1_223' title='bbox 1645 3989 1827 4062; x_wconf 86' lang='lat' dir='ltr'><strong>„verbum”</strong></span> 
     </span>
     <span class='ocr_line' id='line_1_29' title="bbox 630 4087 1033 4152; baseline -0.002 -1"><span class='ocrx_word' id='word_1_224' title='bbox 630 4106 649 4151; x_wconf 90' lang='lat' dir='ltr'><strong>a</strong></span> <span class='ocrx_word' id='word_1_225' title='bbox 673 4087 834 4151; x_wconf 87' lang='lat' dir='ltr'><strong>veteribus</strong></span> <span class='ocrx_word' id='word_1_226' title='bbox 859 4088 1033 4152; x_wconf 90' lang='lat' dir='ltr'><strong>dicebatur.</strong></span> 
     </span>
    </p>

    <p class='ocr_par' dir='ltr' id='par_1_14' title="bbox 678 4192 1831 4282">
     <span class='ocr_line' id='line_1_30' title="bbox 678 4192 1831 4282; baseline 0.012 -26"><span class='ocrx_word' id='word_1_227' title='bbox 678 4192 720 4256; x_wconf 90' lang='lat' dir='ltr'><strong>Et</strong></span> <span class='ocrx_word' id='word_1_228' title='bbox 743 4193 820 4257; x_wconf 93' lang='lat' dir='ltr'><strong>ibid.</strong></span> <span class='ocrx_word' id='word_1_229' title='bbox 847 4192 889 4257; x_wconf 84' lang='lat'><strong>98</strong></span> <span class='ocrx_word' id='word_1_230' title='bbox 915 4195 1020 4269; x_wconf 86' lang='lat' dir='ltr'><strong>„istuc</strong></span> <span class='ocrx_word' id='word_1_231' title='bbox 1041 4193 1198 4258; x_wconf 88' lang='lat' dir='ltr'><strong>verbum’&#39;</strong></span> <span class='ocrx_word' id='word_1_232' title='bbox 1223 4200 1285 4274; x_wconf 82' lang='lat' dir='ltr'><strong>(vs.</strong></span> <span class='ocrx_word' id='word_1_233' title='bbox 1307 4194 1363 4274; x_wconf 82' lang='lat'><strong>95)</strong></span> <span class='ocrx_word' id='word_1_234' title='bbox 1383 4202 1415 4259; x_wconf 88' lang='lat' dir='ltr'><strong>et</strong></span> <span class='ocrx_word' id='word_1_235' title='bbox 1436 4216 1522 4271; x_wconf 83' lang='lat' dir='ltr'><strong>„uno</strong></span> <span class='ocrx_word' id='word_1_236' title='bbox 1541 4197 1663 4262; x_wconf 85' lang='lat' dir='ltr'><strong>verbo’&#39;</strong></span> <span class='ocrx_word' id='word_1_237' title='bbox 1686 4206 1753 4281; x_wconf 85' lang='lat' dir='ltr'><strong>(vs.</strong></span> <span class='ocrx_word' id='word_1_238' title='bbox 1768 4202 1831 4282; x_wconf 83' lang='grc'>98),</span> 
     </span>
    </p>
   </div>
   <div class='ocr_carea' id='block_1_7' title="bbox 628 4298 1838 4910">
    <p class='ocr_par' dir='ltr' id='par_1_15' title="bbox 631 4298 1835 4587">
     <span class='ocr_line' id='line_1_31' title="bbox 631 4298 1833 4396; baseline 0.008 -34"><span class='ocrx_word' id='word_1_239' title='bbox 631 4305 669 4363; x_wconf 89' lang='lat' dir='ltr'><strong>nt</strong></span> <span class='ocrx_word' id='word_1_240' title='bbox 702 4298 858 4374; x_wconf 84' lang='lat' dir='ltr'><strong>diximus,</strong></span> <span class='ocrx_word' id='word_1_241' title='bbox 891 4302 936 4363; x_wconf 91' lang='lat' dir='ltr'><strong>sic</strong></span> <span class='ocrx_word' id='word_1_242' title='bbox 961 4302 1084 4384; x_wconf 90' lang='lat' dir='ltr'><strong>accipe,</strong></span> <span class='ocrx_word' id='word_1_243' title='bbox 1109 4309 1147 4364; x_wconf 91' lang='lat' dir='ltr'><strong>nt</strong></span> <span class='ocrx_word' id='word_1_244' title='bbox 1172 4300 1351 4376; x_wconf 81' lang='lat' dir='ltr'><strong>„verbum”</strong></span> <span class='ocrx_word' id='word_1_245' title='bbox 1376 4300 1499 4365; x_wconf 90' lang='lat' dir='ltr'><strong>dictum</strong></span> <span class='ocrx_word' id='word_1_246' title='bbox 1524 4301 1722 4391; x_wconf 80' lang='lat' dir='ltr'><strong>intellegas,</strong></span> <span class='ocrx_word' id='word_1_247' title='bbox 1751 4309 1833 4396; x_wconf 90' lang='lat' dir='ltr'><strong>quod</strong></span> 
     </span>
     <span class='ocr_line' id='line_1_32' title="bbox 631 4404 1835 4502; baseline 0.012 -34"><span class='ocrx_word' id='word_1_248' title='bbox 631 4405 729 4470; x_wconf 83' lang='lat' dir='ltr'><strong>verbo</strong></span> <span class='ocrx_word' id='word_1_249' title='bbox 758 4404 980 4490; x_wconf 87' lang='lat' dir='ltr'><strong>complectitur</strong></span> <span class='ocrx_word' id='word_1_250' title='bbox 1003 4404 1180 4490; x_wconf 87' lang='lat' dir='ltr'><strong>completae</strong></span> <span class='ocrx_word' id='word_1_251' title='bbox 1205 4410 1378 4471; x_wconf 88' lang='lat' dir='ltr'><strong>sententiae</strong></span> <span class='ocrx_word' id='word_1_252' title='bbox 1403 4410 1725 4491; x_wconf 90' lang='lat' dir='ltr'><strong>pronuntiationem,</strong></span> <span class='ocrx_word' id='word_1_253' title='bbox 1753 4417 1835 4502; x_wconf 94' lang='lat' dir='ltr'><strong>quod</strong></span> 
     </span>
     <span class='ocr_line' id='line_1_33' title="bbox 631 4511 1015 4587; baseline 0 -12"><span class='ocrx_word' id='word_1_254' title='bbox 631 4511 757 4587; x_wconf 59' lang='lat' dir='ltr'><strong>dileco</strong></span> <span class='ocrx_word' id='word_1_255' title='bbox 782 4512 1015 4575; x_wconf 83' lang='lat' dir='ltr'><strong>nominabatur.</strong></span> 
     </span>
    </p>

    <p class='ocr_par' dir='ltr' id='par_1_16' title="bbox 628 4618 1838 4910">
     <span class='ocr_line' id='line_1_34' title="bbox 677 4618 1838 4713; baseline 0.011 -32"><span class='ocrx_word' id='word_1_256' title='bbox 677 4618 725 4681; x_wconf 79' lang='lat' dir='ltr'><strong>Ex</strong></span> <span class='ocrx_word' id='word_1_257' title='bbox 756 4618 814 4681; x_wconf 90' lang='lat' dir='ltr'><strong>hac</strong></span> <span class='ocrx_word' id='word_1_258' title='bbox 845 4627 1008 4702; x_wconf 88' lang='lat' dir='ltr'><strong>postrema</strong></span> <span class='ocrx_word' id='word_1_259' title='bbox 1039 4621 1211 4683; x_wconf 81' lang='lat' dir='ltr'><strong>axiomatis</strong></span> <span class='ocrx_word' id='word_1_260' title='bbox 1243 4619 1424 4684; x_wconf 87' lang='lat' dir='ltr'><strong>definitione</strong></span> <span class='ocrx_word' id='word_1_261' title='bbox 1455 4619 1592 4697; x_wconf 89' lang='lat' dir='ltr'><strong>Donati,</strong></span> <span class='ocrx_word' id='word_1_262' title='bbox 1618 4644 1708 4708; x_wconf 90' lang='lat' dir='ltr'><strong>qnae</strong></span> <span class='ocrx_word' id='word_1_263' title='bbox 1735 4627 1838 4713; x_wconf 88' lang='lat' dir='ltr'><strong>planis</strong></span> 
     </span>
     <span class='ocr_line' id='line_1_35' title="bbox 628 4722 1837 4822; baseline 0.01 -35"><span class='ocrx_word' id='word_1_264' title='bbox 628 4725 735 4787; x_wconf 82' lang='lat' dir='ltr'><strong>verbis</strong></span> <span class='ocrx_word' id='word_1_265' title='bbox 758 4726 924 4787; x_wconf 89' lang='lat' dir='ltr'><strong>enuntiata</strong></span> <span class='ocrx_word' id='word_1_266' title='bbox 948 4730 1012 4800; x_wconf 84' lang='lat' dir='ltr'><strong>est,</strong></span> <span class='ocrx_word' id='word_1_267' title='bbox 1045 4722 1206 4787; x_wconf 81' lang='lat' dir='ltr'><strong>fluxerunt</strong></span> <span class='ocrx_word' id='word_1_268' title='bbox 1230 4724 1428 4789; x_wconf 89' lang='lat' dir='ltr'><strong>definitiones</strong></span> <span class='ocrx_word' id='word_1_269' title='bbox 1453 4724 1622 4822; x_wconf 85' lang='lat' dir='ltr'><strong>perplexae</strong></span> <span class='ocrx_word' id='word_1_270' title='bbox 1650 4730 1837 4819; x_wconf 83' lang='lat' dir='ltr'><strong>philosophi</strong></span> 
     </span>
     <span class='ocr_line' id='line_1_36' title="bbox 631 4828 1422 4910; baseline 0.004 -18"><span class='ocrx_word' id='word_1_271' title='bbox 631 4849 706 4892; x_wconf 92' lang='lat' dir='ltr'><strong>cum</strong></span> <span class='ocrx_word' id='word_1_272' title='bbox 730 4828 770 4893; x_wconf 88' lang='lat' dir='ltr'><strong>ad</strong></span> <span class='ocrx_word' id='word_1_273' title='bbox 795 4828 965 4905; x_wconf 86' lang='lat' dir='ltr'><strong>Andriam,</strong></span> <span class='ocrx_word' id='word_1_274' title='bbox 992 4837 1063 4894; x_wconf 89' lang='lat' dir='ltr'><strong>tum</strong></span> <span class='ocrx_word' id='word_1_275' title='bbox 1085 4830 1124 4895; x_wconf 91' lang='lat' dir='ltr'><strong>ad</strong></span> <span class='ocrx_word' id='word_1_276' title='bbox 1148 4830 1341 4895; x_wconf 80' lang='lat' dir='ltr'><strong>Eunuchum</strong></span> <span class='ocrx_word' id='word_1_277' title='bbox 1365 4831 1422 4910; x_wconf 85' lang='grc'><strong>(2).</strong></span> 
     </span>
    </p>
   </div>
   <div class='ocr_carea' id='block_1_8' title="bbox 0 0 2268 5943">
    <p class='ocr_par' dir='ltr' id='par_1_17' title="bbox 0 0 2268 5943">
     <span class='ocr_line' id='line_1_37' title="bbox 0 0 2268 5943; baseline 0 0"><span class='ocrx_word' id='word_1_278' title='bbox 0 0 2268 5943; x_wconf 95' lang='lat' dir='ltr'><strong> </strong></span> 
     </span>
    </p>
   </div>
  </div>
 </body>
</html>
