4525 5950
629 686 695 752 210
1147 702 1288 750 usurus.

673 869 763 947 „Iam
795 869 960 934 Tiberium
992 889 1122 954 eorpus,
1153 871 1218 933 iem
1249 870 1333 933 vires
1356 866 1389 949 ¹),
1426 867 1567 932 nondum
1602 864 1821 931 dissimulatio

627 974 823 1040 deserebat.’'

671 1081 900 1157 Praecessisse,
932 1082 983 1144 hie
1013 1080 1148 1156 auditis,
1183 1081 1290 1164 quivis
1322 1082 1502 1163 suspicetur
1531 1081 1657 1164 insigne
1689 1076 1820 1161 aliquod

625 1185 892 1250 dissimulationis
927 1186 1112 1252 Tiberianae
1147 1184 1342 1271 exemplum.
1385 1186 1428 1249 At
1462 1189 1495 1248 in
1530 1186 1678 1269 proximo
1714 1187 1821 1268 eapite

625 1300 789 1357 narratum
821 1298 870 1357 est
900 1293 938 1357 de
969 1293 1066 1358 Serto
1089 1293 1244 1377 Papinio,
1269 1295 1338 1357 viro
1361 1290 1560 1356 nobilissimo
1584 1294 1639 1376 qui
1665 1290 1820 1368 „informi

626 1398 736 1462 enitn’'
768 1398 830 1463 sibi
860 1401 1015 1463 eonseirit
1045 1405 1192 1462 mortem.
1225 1398 1293 1476 Qua
1316 1396 1354 1461 de
1379 1418 1411 1461 re
1434 1397 1473 1461 ad
1496 1396 1660 1461 'liberium
1685 1397 1821 1461 fortasse

627 1524 666 1567 ne
698 1506 831 1567 nuntius
862 1503 991 1587 quidem
1023 1506 1169 1588 pervenit
1192 1524 1344 1587 unquam.
1369 1503 1476 1566 Inonis
1499 1524 1577 1588 ergo
1598 1501 1653 1566 ille
1678 1508 1726 1566 est
1752 1524 1823 1567 ver-

627 1609 744 1672 borum
775 1612 947 1693 strepitns,
981 1630 1044 1693 quo
1076 1615 1242 1693 tamquam
1274 1609 1369 1672 tubas
1400 1611 1508 1673 sonitu
1540 1607 1753 1673 admonemur
1786 1615 1822 1673 nt

627 1716 743 1779 attenti
766 1716 868 1778 simus
892 1714 1080 1779 aderitum
1104 1711 1231 1779 fabulae
1255 1712 1472 1798 spectandum.

659 1958 687 2017 l)
704 1957 819 2021 Lepidam
837 1955 1005 2005 roeebnlornm
1022 1971 1104 2020 corpere
1121 1955 1169 2003 ient
1187 1955 1246 2004 eires
1262 1954 1454 2003 emendationem
1470 1953 1538 2013 eires,
1554 1953 1603 2002 ιάιι
1622 1953 1672 2002 rita
1691 1954 1822 2018 proposuit

625 2056 647 2089 r.
665 2040 688 2088 d.
713 2040 742 2088 K.
768 2039 801 2087 Η.
826 2039 853 2088 ll.
876 2039 905 2087 de
926 2038 990 2100 Jong
1007 2038 1032 2086 in
1049 2037 1156 2087 thesibus
1173 2037 1290 2087 adiunctis
1308 2036 1484 2087 dissertationi:
1505 2037 1549 2086 ade
1567 2035 1668 2102 Apuleio
1685 2035 1823 2086 leieeornm

626 2121 796 2185 mysteriorum
814 2118 899 2169 teete.”
916 2121 942 2169 1..
964 2120 991 2168 Β.
1010 2132 1119 2168 ieoooco.

930 2485 1127 2534 mannasse
1149 2482 1271 2531 monuo
1294 2484 1343 2531 ar.
1368 2464 1510 2544 259,st

673 2623 785 2707 Nuper
815 2621 979 2685 Basssmen
1003 2640 1094 2685 meus
1117 2622 1151 2683 in
1174 2617 1387 2683 Frontonianie
1409 2640 1440 2703 p.
1461 2616 1504 2682 23
1528 2624 1592 2683 tres
1615 2615 1751 2682 ultimos
1775 2640 1825 2683 oo-

629 2728 708 2793 dieis
733 2728 935 2792 Ambrosiani
959 2746 1088 2801 versus,
1113 2727 1170 2809 qni
1192 2723 1259 2809 legi
1283 2730 1432 2808 possunt,
1457 2726 1502 2788 sie
1525 2725 1710 2808 exscripsit:

965 2854 1051 2909 γωγε
1076 2854 1120 2895 eor
1146 2828 1477 2909 επιδειξωιιχους

964 2960 1034 3015 προς
1058 2960 1108 3001 τον
1132 2950 1227 3000 ebreos
1252 2958 1323 3012 αμα
1347 2959 1394 3013 ape

967 3051 1017 3122 Φω
1040 3043 1240 3120 βαδισαιιμεν.

626 3149 744 3215 Procul
776 3149 871 3215 dubio
903 3148 1131 3236 corrigendum
1165 3146 1355 3223 ἐπιδείξω
1387 3149 1412 3212 εἰ
1439 3146 1518 3223 (ἔξω
1543 3147 1728 3229 τ>είχους
1754 3149 1820 3212 xri.

626 3256 737 3321 Minue
761 3264 845 3321 reete
868 3259 935 3341 ipse
959 3254 1100 3341 explevit
1124 3251 1206 3332 <dm
1230 3254 1349 3335 τάχος,
1376 3257 1426 3331 ei>
1452 3256 1522 3334 πρὸς
1548 3256 1613 3318 xri.
1644 3253 1823 3320 Manifesta

626 3363 751 3428 obtinet
776 3362 1015 3449 haplographia.
1605 3360 1647 3425 H.
1672 3379 1703 3425 v.
1729 3359 1772 3424 H.

1079 3609 1121 3655 AD
1146 3607 1371 3655 Pheraeorum.

672 3742 754 3808 Sull.
780 3740 832 3807 35.
857 3740 978 3822 (sint).
1010 3741 1149 3805 ἀποδύων
1174 3741 1205 3805 δὲ
1229 3747 1283 3812 τῆς
1309 3741 1412 3811 οὐσίας
1438 3738 1564 3814 ἁπάσης
1590 3741 1603 3804 ὃ
1625 3740 1754 3809 Σύλλας
1774 3745 1818 3817 τῷ

625 3853 775 3926 Ἠρακλεῖ
796 3847 927 3921 δεκάτην
952 3847 1103 3917 ἑστιάσεις
1130 3847 1259 3911 ἐποιεῖτο
1283 3850 1325 3925 τῷ
1351 3846 1436 3924 δήμῳ
1457 3854 1650 3915 πολυτελεῖς.
1674 3845 1711 3909 In
1731 3865 1821 3930 prae·

626 3957 810 4021 eedentibns
840 3960 948 4019 aetum
979 3960 1027 4018 est
1058 3954 1096 4018 de
1121 3954 1305 4038 triumpho,
1329 3953 1382 4018 hie
1406 3953 1444 4018 de
1468 3974 1544 4018 eene
1566 3951 1711 4037 publice,
1736 3973 1819 4037 qnae

626 4067 700 4147 epte
724 4061 927 4144 triumphum
952 4062 1106 4144 sequitur.
1135 4057 1213 4138 Quis
1237 4066 1345 4123 autem
1370 4080 1512 4144 unquam
1535 4058 1661 4123 audivit
1683 4060 1821 4142 impera-

627 4175 729 4231 torem
761 4165 809 4229 dis
840 4163 1076 4229 immortalibus
1107 4163 1181 4228 dare
1212 4163 1379 4228 decumam
1510 4164 1646 4227 bonorem
1677 4161 1820 4227 auorum?

625 4271 696 4336 Hoe
726 4277 833 4335 tamen
865 4272 970 4356 magis
1000 4272 1121 4333 mirum
1146 4271 1246 4334 etiam
1270 4268 1355 4353 qnod
1379 4269 1417 4333 de
1435 4271 1556 4351 praeda
1578 4267 1672 4353 plane
1696 4268 1749 4332 hie
1773 4276 1821 4333 ta·

625 4383 724 4442 oetur.
757 4374 958 4442 confidenter
988 4397 1044 4458 pro
1075 4377 1178 4445 viriae
1212 4375 1348 4440 rescribo
1379 4377 1484 4451 λείας,
1515 4377 1606 4438 ouius
1630 4376 1718 4439 vocis
1742 4394 1820 4438 oum

625 4479 733 4567 aliquo
756 4481 883 4546 chartae
908 4479 1099 4544 detrimento
1123 4477 1169 4543 nil
1193 4482 1255 4543 nisi
1282 4489 1375 4544 elac
1400 4488 1593 4565 superesset,
1618 4478 1702 4544 illud
1725 4483 1822 4544 aemi·

626 4587 737 4652 doetus
763 4586 880 4672 aliquis
905 4607 961 4651 suo
985 4592 1087 4650 marte
1111 4584 1263 4669 explevit.
1620 4584 1650 4652 J.
1672 4584 1701 4652 J.
1727 4585 1770 4650 H.
