4525 5950
877 1296 1199 1388 ΤΑΟΙΤΕΑ.

984 1518 1108 1561 scalpsit·

838 1689 867 1755 J.
899 1687 927 1755 J.
960 1686 1252 1754 HARTMAN.

781 1841 1017 1922 (Continuantur
1048 1864 1084 1905 ec
1108 1864 1183 1924 paq.
1215 1836 1306 1921 334.)

930 2130 1144 2173 *GBS-‘-

1000 2370 1084 2438 XVI.

494 2561 670 2628 Manifesta
692 2579 769 2645 ergo
791 2561 922 2644 apparat
944 2577 981 2622 eo
1001 2561 1176 2641 utrumque
1195 2555 1336 2622 codicem
1354 2555 1536 2623 Medicenm
1555 2556 1639 2624 labo·

449 2690 519 2737 rare
550 2667 678 2743 morbo,
710 2665 748 2730 de
778 2685 840 2750 quo
867 2684 953 2728 nunc
976 2665 1123 2750 agimus:
1149 2661 1249 2728 oculis
1272 2665 1433 2729 cernimus
1456 2670 1488 2729 et
1511 2669 1637 2729 tanturn

446 2799 511 2843 non
542 2774 691 2839 manibus
722 2777 868 2837 unemus
896 2768 1103 2835 librariorum
1126 2789 1263 2847 errores,
1287 2771 1522 2849 annotationes,
1546 2791 1639 2856 saepe

444 2882 694 2955 insulsissimae,
715 2881 749 2943 in
768 2883 895 2943 textum
914 2877 1186 2942 transferentium.
1210 2875 1272 2941 Sed
1285 2878 1339 2942 vix
1353 2879 1509 2943 minorem
1520 2877 1638 2943 habent

445 2987 657 3079 persuadendi
686 2988 755 3051 vim
786 2988 811 3049 ii
841 2983 920 3063 loci,
953 3005 1031 3070 quos
1054 2986 1099 3049 sic
1122 2988 1288 3071 corruptos
1311 3005 1377 3049 esse
1400 3006 1463 3050 non
1487 2984 1638 3050 videmus

446 3096 596 3183 quidem,
616 3092 671 3158 sed
690 3091 839 3158 audimus
858 3093 980 3175 etipsa
999 3111 1074 3156 sana
1098 3090 1308 3156 admonemur
1330 3097 1446 3156 mente.
1472 3089 1634 3158 Confiden-

445 3211 497 3269 ter
527 3205 604 3278 iam,
637 3202 692 3286 qui
714 3220 753 3263 ex
776 3200 838 3262 isto
862 3217 977 3284 genere
1000 3203 1075 3262 sunt
1098 3200 1278 3282 praecipui,
1303 3198 1397 3263 hocce
1421 3219 1634 3285 proponemus

445 3311 562 3396 capite.

494 3416 577 3479 Ann.
602 3411 627 3491 I,
649 3410 702 3478 61.
728 3409 906 3497 Campum,
926 3411 981 3476 nbi
1001 3408 1153 3475 Varianae
1173 3411 1363 3475 interierunt
1381 3410 1539 3498 legiones,
1561 3409 1637 3479 Ger·

447 3523 596 3588 monicus
619 3516 872 3604 contemplatur:

497 3626 561 3707 ,Et
584 3625 682 3691 cladis
704 3626 774 3689 eius
796 3624 1001 3709 superstites,
1026 3643 1171 3709 pugnam
1195 3628 1251 3688 aut
1273 3623 1402 3688 vincula
1425 3622 1539 3710 elapsi,
1563 3625 1639 3691 ref-

448 3734 561 3800 rebant
592 3733 644 3797 hic
674 3730 823 3797 cecidisse
854 3728 994 3817 legatos,
1026 3728 1094 3794 illic
1122 3736 1229 3817 raptas
1252 3728 1392 3816 aquilas:
1415 3733 1558 3816 primum
1582 3734 1639 3798 ubi

448 3840 569 3906 vulnus
593 3837 674 3904 Varo
698 3837 864 3914 adactum,
888 3837 944 3901 ubi
967 3834 1087 3901 infelici
1112 3835 1240 3901 dextera
1263 3842 1401 3902 mortem
1425 3839 1616 3905 invenerit.”

495 3945 588 4012 Nunc
611 3947 673 4032 ipsi
696 3944 772 4009 huic
793 3943 901 4009 adesse
921 3943 1182 4009 demonstrationi
1201 3943 1292 4009 nobis
1312 3943 1469 4023 videmur,
1489 3945 1639 4013 audimus

444 4051 613 4140 singultus
639 4051 827 4128 hominnm,
857 4071 925 4115 rem
956 4051 1196 4128 tristissimam,
1229 4070 1326 4136 quam
1357 4054 1424 4116 suis
1455 4052 1554 4118 oculis
1585 4055 1638 4119 ad-

444 4162 626 4247 spexerint,
657 4160 767 4244 paucis
797 4158 902 4223 verbis
932 4158 1179 4243 exponentium,
1213 4178 1314 4243 neque
1337 4160 1480 4243 patimur
1502 4159 1637 4227 ludima

445 4271 591 4356 gistrum
622 4286 714 4330 suam
745 4264 795 4330 his
827 4262 963 4329 stridula
986 4285 1062 4330 voce
1085 4266 1303 4330 intermiscere
1327 4265 1513 4331 doctrinam.
1538 4268 1582 4333 At
1604 4272 1637 4333 in

446 4373 559 4440 codice
581 4377 653 4456 post
676 4367 801 4457 infelici
823 4371 948 4435 decterc
971 4369 1114 4457 legimus
1137 4378 1166 4434 et
1187 4393 1240 4435 arco
1263 4371 1347 4435 ictu!

497 4480 579 4544 Ann.
604 4475 629 4556 I,
655 4474 707 4544 78.
732 4476 843 4543 Edixit
866 4475 1014 4543 Tiberius
1037 4484 1070 4543 et
1091 4477 1155 4543 alia
1177 4485 1210 4543 et
1232 4478 1307 4544 hoc:

497 4584 677 4669 „Imparem
709 4586 796 4648 oneri
826 4582 1076 4669 rempublicam,
1109 4586 1172 4649 nisi
1207 4586 1360 4649 vicesimo
1390 4583 1527 4651 militiae
1558 4606 1639 4652 anno

447 4693 594 4760 veterani
629 4689 876 4755 dimitterentur.
912 4690 960 4756 Ita
990 4692 1154 4775 proximae
1184 4690 1350 4757 seditionis
1382 4691 1465 4758 male
1496 4692 1640 4758 consulta

448 4796 572 4867 abolita
597 4799 631 4862 in
654 4795 850 4884 posterum.''
