4525 5950
953 698 1128 746 nnnmrnns.
1572 678 1638 746 293

433 861 566 930 Graece
600 862 664 927 dioi
692 863 772 929 solet
805 859 882 927 εἶναι
916 863 983 927 iri
1014 887 1082 928 τινι.
1115 861 1218 941 Quare
1249 861 1422 927 videndum
1454 884 1558 929 ennon
1580 864 1640 929 heo

434 971 682 1056 praepositione
705 970 758 1034 hio
781 990 861 1054 opus
886 971 938 1034 eit.

489 1187 544 1253 Vs.
571 1187 647 1253 921.
671 1185 794 1263 ξυνετὸς
818 1186 867 1265 δέ,
894 1196 1003 1268 χωρεῖν
1026 1187 1119 1262 ὁμόσε
1143 1195 1205 1258 τοῖς
1230 1188 1336 1264 λόγοις
1360 1189 1462 1253 θέλων.

437 1293 562 1360 Versus
585 1301 643 1358 aut
666 1297 811 1379 graviter
833 1301 1003 1379 corruptus
1026 1293 1164 1359 necdum
1190 1294 1267 1358 bene
1289 1301 1465 1371 correctns,
1489 1298 1545 1358 ant
1567 1314 1640 1379 spu·

437 1403 524 1465 rina.
549 1399 620 1466 Hoo
646 1399 738 1466 video
762 1402 921 1465 artissime
945 1399 1110 1465 cohaerere
1135 1421 1198 1464 vas.
1223 1397 1289 1464 920
1313 1404 1345 1465 et
1369 1398 1446 1464 922.

490 1601 547 1667 Vs.
575 1601 673 1666 1113.
1098 1660 1100 1665 .

596 1707 670 1795 Pyl.
695 1708 819 1788 τροφὰς
842 1707 906 1788 γὰρ
930 1705 994 1783 ἥκοι
1019 1706 1096 1786 δεῦρ’
1122 1706 1240 1787 ἔχοντα
1264 1707 1422 1787 Τρωικάς;

594 1813 647 1879 Or.
694 1811 777 1878 ὅσθ’
802 1813 923 1885 Ἑλλὰς
947 1815 1027 1896 αὐτῇ
1053 1813 1179 1892 σμικρὸν
1204 1814 1377 1892 οἰκητήριον.

438 1920 548 1986 Locus
571 1940 634 1984 non
659 1925 707 1985 est
730 1918 864 1985 voculae
887 1916 983 1998 ὥστε,
1007 1919 1054 1982 ito
1077 1924 1111 1981 nt
1134 1920 1213 1999 (ait),
1237 1917 1292 1984 sed
1314 1918 1487 2004 legendnm

695 2023 739 2096 tta
763 2025 809 2102 γ’,
833 2026 856 2088 i.
882 2045 910 2088 a.
935 2023 998 2102 ita,
1020 2023 1130 2108 quippe
1153 2028 1228 2090 cett.

438 2131 566 2200 Contra
589 2127 661 2194 ὥστ’
685 2136 770 2195 recte
794 2151 827 2194 se
851 2130 950 2195 habet
973 2151 1049 2194 mox
1072 2150 1119 2195 vs.
1149 2128 1245 2194 1122.

487 2350 543 2416 Vs.
572 2349 669 2415 1158.
694 2349 733 2414 σὺ
755 2350 819 2427 γὰρ
843 2349 892 2414 rel
915 2348 944 2412 τ’
969 2350 1027 2420 εἷς
1055 2347 1252 2426 Αἴγισθον
1276 2349 1437 2428 ἐξεῦρες
1462 2352 1547 2415 ιιοιιιοὶ

696 2455 748 2519 καὶ
773 2454 902 2529 πλησίον
926 2456 1071 2533 παρῆσθα
1094 2455 1232 2520 κινδύνων
1257 2456 1335 2532 ἐμοί.

439 2563 516 2649 Ego
548 2561 626 2627 olim
659 2563 759 2630 καλῶς
792 2563 941 2646 proposui
973 2581 1030 2645 pro
1062 2560 1166 2637 κακοὶ,
1200 2560 1312 2626 deinde
1337 2560 1502 2627 Wecklein
1533 2564 1637 2640 σοφοὶ,

437 2668 498 2734 sod
522 2674 658 2752 utroque
680 2665 776 2732 modo
800 2666 953 2732 obscurus
976 2671 1076 2731 restat
1096 2687 1226 2745 versus,
1246 2666 1357 2752 procul
1376 2666 1474 2733 dnbio
1493 2670 1639 2753 graviter

436 2779 624 2859 corruptus.
649 2771 753 2837 Hodie
779 2774 938 2857 suspicor:

695 2880 733 2944 σὺ
756 2879 819 2958 γὰρ
843 2877 908 2942 πότ’
933 2879 990 2949 εἰς
1015 2875 1186 2957 ἄλγιστ’
1211 2880 1440 2959 ἐπήρκεσας
1466 2880 1549 2945 ιιαιιιὶ

436 2993 501 3053 ant
524 2988 554 3051 si
576 2988 697 3052 mavis:

693 3091 730 3155 σὺ
746 3092 810 3170 γοίρ
826 3092 892 3157 τότ’
913 3093 969 3163 εἷς
991 3090 1191 3169 ἄλγιστον
1211 3092 1385 3171 ἤραεσοις
1407 3093 1530 3158 κοινόν
1548 3093 1612 3158 ιιτὲ.

432 3198 561 3284 quibus
584 3199 688 3263 verbis
712 3196 839 3263 Orestes
862 3196 988 3262 eaedem
1013 3201 1126 3263 matris
1148 3198 1347 3284 significarit.

487 3399 542 3465 Vs.
569 3398 666 3466 1275.

617 3505 667 3571 El.
692 3506 724 3570 τί
748 3507 796 3587 δέ;
821 3507 856 3571 τὸ
880 3506 930 3570 τὸν
954 3506 1086 3584 βέβαιον
1111 3505 1155 3572 ἔτι
1181 3532 1232 3582 μοι
1256 3507 1339 3584 μένει
1348 3529 1356 3586 ;

692 3612 740 3685 δὸς
765 3612 926 3692 ἀγγελίαν
950 3613 1112 3689 airaldo
1136 3614 1204 3692 τιν’,

693 3718 718 3782 εἴ
742 3718 813 3783 ταδ’
838 3716 936 3798 ἔρημα
960 3718 1002 3781 τοὶ
1027 3717 1130 3796 πρῶθ’
1157 3719 1270 3788 αὐλοῖς.

433 3821 562 3889 Malim
592 3823 752 3900 ἀγγελίαν
786 3823 958 3902 ἐσύμαν,
990 3844 1064 3888 nam
1096 3831 1210 3890 ntrnm
1240 3825 1344 3890 bonus
1374 3826 1416 3888 sit
1439 3826 1573 3889 nuntius
1596 3846 1635 3890 an

434 3927 567 4005 malus,
591 3928 625 3993 id
648 3933 755 3994 totum
778 3929 936 4015 pendete
959 3949 1035 3994 vero
1057 3950 1166 3994 rerum
1190 3936 1287 3996 stetu.

416 4211 421 4218 ,
487 4145 543 4211 Vs.
570 4145 667 4212 1315.
692 4148 750 4211 reis
774 4147 1038 4227 λιποπάτορα
1064 4146 1244 4225 λιπόγαμον
1270 4149 1306 4225 θ’,
1331 4144 1353 4213 ἃ
1379 4148 1542 4219 πλείστους

693 4250 798 4317 ἔκανεν
822 4253 991 4318 Ἑλλάνων.

432 4358 526 4424 Mire
550 4358 729 4438 λιποπάτωρ
753 4358 871 4424 dicitnr
894 4358 1034 4435 Helena,
1059 4378 1141 4442 quae
1161 4360 1227 4423 inm
1248 4357 1359 4423 relicto
1379 4364 1468 4442 patre
1488 4358 1635 4424 Menelao

432 4468 605 4549 nupserat.
630 4462 829 4532 correxerim
852 4466 957 4550 igitur
979 4464 1271 4542 λιποπάτριλα.

485 4680 541 4746 Vs.
569 4681 666 4748 1360.
699 4682 770 4748 Non
805 4684 887 4747 retes
917 4690 1018 4760 σοφῶς
1048 4690 1098 4762 (nt
1122 4690 1170 4749 est
1194 4688 1225 4747 in
1252 4683 1447 4770 Appendice)
1475 4684 1529 4748 sed
1553 4685 1635 4747 πάιν

439 4793 557 4868 σαφῶς
578 4808 636 4873 pro
660 4793 822 4869 συμφορᾶς
847 4788 925 4854 olim
949 4791 1053 4866 suasi,
1077 4789 1193 4857 saltem
1217 4789 1349 4855 suadere
1373 4788 1529 4855 volebam.

1565 5119 1805 5275 Α
