4525 5950
918 694 961 741 an
983 693 1214 742 smenoanmrs
1238 695 1375 741 rnunnu.
1671 675 1734 738 105

537 865 732 945 argumento
752 857 860 923 labnla
881 861 1000 923 versari
1019 858 1082 923 dici
1099 864 1221 943 potest,
1235 897 1275 906 -
1293 862 1449 925 senectuti
1461 861 1609 924 convenit
1621 859 1739 923 melius

537 986 638 1049 quam
663 964 787 1030 mediae
806 967 903 1030 aetati
922 966 1053 1040 comici,
1075 963 1148 1028 aliis
1167 967 1375 1050 potissimum
1396 965 1511 1029 studiis
1530 972 1607 1029 tunc
1626 964 1737 1029 dediti.

537 1071 590 1135 Ab
622 1092 659 1135 eo
691 1073 745 1155 qui
777 1071 1089 1154 Theamoploriczuana
1119 1069 1172 1134 vel
1204 1070 1310 1133 Bonae
1344 1071 1420 1136 fecit
1451 1077 1540 1135 tanto
1568 1069 1736 1135 intervallo

537 1177 638 1241 distat
663 1178 761 1241 huius
784 1176 911 1242 fabulae
934 1185 1028 1263 poeta
1052 1185 1171 1262 quanto
1198 1178 1340 1243 Athenae
1364 1177 1538 1242 Alcibiadis
1562 1198 1580 1241 a
1602 1180 1735 1242 civitate

537 1280 698 1359 Cononis,
733 1285 817 1347 inter
848 1283 1053 1346 Acharncnaea
1084 1294 1194 1347 autem
1226 1291 1258 1348 et
1290 1283 1426 1348 Plutum
1451 1304 1487 1347 ea
1510 1287 1618 1349 omnia
1640 1286 1733 1347 inter·

537 1391 671 1454 cessisse
702 1408 782 1472 quae
814 1410 852 1453 ex
884 1391 1000 1452 iuvene
1030 1388 1131 1454 hilaro
1163 1389 1293 1454 credulo
1324 1389 1423 1454 dicaci
1455 1388 1613 1474 petulanti
1637 1389 1738 1454 fecere

537 1516 649 1560 senem
682 1515 846 1558 morosum
871 1516 973 1579 neque
997 1493 1171 1559 admodum
1197 1494 1360 1580 lepidum,
1386 1532 1427 1542 -
1452 1499 1555 1580 ipsam
1580 1498 1736 1559 nimirum

536 1603 755 1665 intercessisse
778 1603 881 1665 vitam
906 1603 1055 1684 vitaeque
1079 1599 1277 1685 multiplices
1304 1602 1560 1678 vicissitudines,
1586 1600 1619 1664 id
1643 1621 1737 1664 nemo

537 1728 603 1771 non
627 1709 725 1771 sentit
748 1709 804 1790 qui
828 1713 998 1791 utramque
1018 1707 1166 1792 deinceps
1186 1706 1325 1792 perlegit
1345 1705 1503 1784 fabulam;
1525 1728 1580 1771 nec
1601 1727 1736 1791 usquam

537 1814 590 1875 sni
621 1811 860 1876 dissimiliorem
891 1832 924 1876 se
948 1818 1088 1896 praestat
1111 1817 1204 1898 poeta
1228 1833 1324 1897 quam
1351 1812 1404 1876 ubi
1429 1834 1462 1878 se
1484 1815 1591 1897 ipsum
1616 1813 1735 1876 imitari

537 1917 678 1981 videtur.
703 1916 898 2004 Obremylus
920 1917 1007 1982 lovis
1030 1939 1168 2003 regnum
1188 1925 1220 1982 et
1239 1917 1377 1982 fulmina
1398 1922 1451 1984 vix
1475 1940 1538 1983 uno
1558 1938 1626 1982 asse
1646 1919 1738 1981 aest’-

537 2044 632 2087 mans
652 2025 765 2087 misere
785 2024 891 2088 sordet
910 2045 985 2088 cum
1005 2023 1169 2088 Pisetaero
1190 2023 1247 2088 iilo
1265 2030 1484 2109 comparatus,
1498 2027 1554 2109 qui
1566 2023 1735 2088 caelitibus

536 2136 757 2193 commeatum
788 2128 1021 2193 intercludebat
1052 2132 1179 2214 ipsique
1209 2128 1279 2194 Iovi
1310 2129 1429 2194 fulmen
1462 2129 1575 2194 callido
1599 2127 1732 2194 consilio

537 2234 697 2319 eripiebat
704 2255 712 2311 ;
745 2243 777 2299 et
808 2234 846 2298 ab
877 2234 990 2299 eodem
1020 2235 1183 2299 Pisetaero
1207 2234 1381 2299 Herculem
1406 2235 1500 2299 odore
1523 2235 1642 2320 dapum
1666 2255 1734 2299 suc·

536 2340 741 2406 culentarum
765 2339 907 2405 domanti
931 2343 1056 2426 ingenti
1079 2341 1264 2406 discrimine
1287 2348 1428 2406 remotus
1452 2347 1500 2405 est
1519 2340 1611 2407 Cario
1630 2345 1734 2425 impu·

536 2447 650 2512 denter
681 2449 867 2530 imperitans
891 2446 1052 2511 Mercurio
1076 2450 1239 2512 esurienti.
1266 2445 1300 2510 In
1325 2447 1471 2511 Nubium
1495 2453 1604 2511 autem
1627 2445 1735 2511 fabula

537 2553 757 2637 sophistarum
793 2552 969 2617 admirator
1003 2553 1143 2638 fragores
1178 2551 1327 2617 caelestes
1361 2574 1435 2616 cum
1471 2552 1651 2636 corpusculi
1683 2553 1735 2616 eui

536 2658 712 2721 tonitribus
735 2664 801 2721 tam
821 2661 966 2744 apposite
984 2658 1187 2744 comparabat
1207 2664 1244 2723 ut
1263 2661 1362 2722 etiam
1383 2658 1542 2722 hodiernis
1562 2658 1734 2723 lectoribus

537 2763 633 2850 plane
656 2766 872 2828 necessarium
898 2763 1045 2829 videatur
1067 2763 1151 2829 illud
1172 2763 1478 2841 „narraraarrali”
1495 2762 1537 2844 ¹):
1564 2800 1601 2811 -
1629 2761 1735 2829 Gario-

535 2871 585 2933 nis
605 2868 809 2954 impudentia
829 2870 946 2935 deabus
966 2881 998 2934 et
1018 2870 1179 2935 Mercurio
1198 2870 1384 2954 oppedentis
1404 2869 1484 2933 nihil
1505 2870 1601 2934 habet
1613 2868 1731 2934 festivi.

536 2975 676 3040 inutiles
699 2983 776 3041 sunt
799 2980 867 3041 eius
892 2975 1018 3052 raptat:
1045 2980 1175 3041 veniam
1197 2998 1260 3041 non
1284 2980 1469 3061 impetrant.

581 3079 690 3145 Etiam
713 3082 912 3167 „poeticam”
933 3103 1030 3167 quam
1052 3082 1188 3147 dicimus
1210 3083 1415 3158 „iustitiam”
1437 3084 1468 3146 in
1492 3089 1600 3147 nostra
1623 3079 1730 3145 fabula

536 3188 657 3251 irustra
678 3207 820 3270 quaeras.
844 3187 927 3252 Nam
953 3187 1126 3272 Paupertas
1152 3196 1320 3273 postquam
1345 3210 1384 3253 ex
1408 3210 1483 3254 vero
1506 3196 1539 3252 et
1558 3186 1729 3274 probabili·
1773 3223 1774 3226 =

536 3300 585 3357 ter
617 3291 811 3377 disputavit,
842 3296 871 3357 is
901 3296 956 3377 qui
988 3314 1091 3358 meras
1122 3297 1226 3358 mines
1252 3306 1284 3358 et
1306 3298 1415 3379 iurgia
1438 3298 1507 3359 eius
1531 3296 1730 3379 argumentis

536 3418 694 3482 opponere
725 3400 831 3483 potnit
861 3396 942 3462 alter
973 3397 1009 3463 lit
1040 3397 1195 3475 Croesus,
1232 3400 1450 3464 beatissimam
1483 3399 1596 3463 exinde
1628 3402 1729 3463 vitam

535 3524 612 3568 cum
635 3505 703 3566 suis
727 3508 954 3568 transacturus.
978 3503 1014 3567 ln
1039 3505 1164 3567 Avibus
1188 3504 1267 3568 olim
1291 3506 1473 3571 Pisetaerus
1497 3526 1570 3570 cum
1592 3508 1732 3589 ingenio

535 3611 666 3673 sissima
689 3611 829 3673 oratione
853 3612 1000 3674 evicisset
1022 3630 1054 3674 se
1078 3612 1200 3694 optimo
1219 3613 1289 3676 iure
1309 3615 1490 3696 potiturum
1511 3632 1577 3676 esse
1597 3614 1731 3695 imperio

534 3712 681 3789 caelesti,
704 3713 827 3778 nullam
846 3715 1099 3800 indignationem
1120 3716 1272 3780 movebat
1291 3716 1376 3781 Iovis
1398 3724 1521 3801 sceptro
1543 3722 1575 3781 et
1594 3715 1731 3780 fulmine

534 3822 677 3904 potitus;
709 3822 743 3883 in
766 3820 914 3884 Nubibus
937 3827 1046 3885 autem
1071 3825 1127 3906 qui
1151 3821 1268 3886 iniusti
1291 3821 1431 3887 Oratoris
1456 3825 1587 3887 monitis
1611 3822 1731 3887 obtem·

532 3931 717 4011 paraverat,
741 3946 759 3989 a
783 3946 841 3990 sno
866 3928 968 4010 ipsius
991 3925 1058 3991 tilio
1082 3949 1157 3992 mox
1181 3928 1364 4013 vapulabat.
1393 3927 1396 3935 '

577 4031 675 4095 Ridet
693 4033 878 4095 etiamnunc
898 4035 1038 4097 comicus
1055 4038 1296 4119 sexagenarius,
1315 4034 1370 4099 sed
1384 4037 1624 4111 ...γναθμοῖσιν
1636 4036 1727 4098 dano

529 4139 666 4215 rplerro,
686 4136 845 4213 septena
865 4138 958 4213 aeae
979 4146 1067 4203 reice.
1088 4138 1178 4203 Laeti
1197 4139 1349 4223 effusique
1369 4141 1514 4204 cachinni
1531 4144 1724 4218 conticuere;

530 4245 693 4310 deferbuit
721 4247 917 4311 inventionis
948 4245 1096 4322 audacia,
1129 4246 1337 4310 sententiolae
1368 4247 1460 4310 humi
1489 4253 1620 4331 repunt;
1646 4246 1727 4311 nihil

531 4352 646 4436 magni
677 4357 845 4414 movetur:
879 4353 1054 4436 composita
1077 4350 1130 4416 vel
1154 4351 1298 4435 deposita
1320 4359 1396 4415 sunt
1420 4352 1492 4417 odia
1515 4354 1727 4417 vehementia.

529 4458 605 4521 Non
637 4458 705 4520 iam
737 4476 833 4520 suum
864 4455 954 4520 ducit
984 4458 1126 4521 civitatis
1159 4456 1383 4522 litterarumve
1415 4456 1512 4522 saluti
1543 4456 1727 4544 invigilare.

530 4563 638 4641 Quem
670 4563 822 4626 acerrime
855 4560 934 4626 olim
964 4564 1113 4626 insectari
1145 4562 1266 4627 solebat
1297 4563 1504 4650 Euripidem,
1536 4586 1621 4628 nunc
1651 4585 1726 4629 eum

569 4791 597 4853 l)
617 4788 679 4838 Nnb.
699 4789 761 4847 890;
778 4788 898 4854 chetim
917 4787 980 4838 Nnb.
998 4786 1055 4837 298.
