4525 5950
1059 713 1226 762 nummus.
1696 697 1737 761 o1

539 888 619 947 sunt
651 903 713 946 non
745 883 852 944 minus
883 879 972 946 foede
1002 885 1153 964 corrupta
1178 884 1234 943 aut
1256 877 1423 954 lacunosa,
1448 884 1486 942 ut
1508 885 1594 943 certa
1618 883 1740 945 ratione

541 991 650 1053 sanari
673 1009 737 1052 non
761 989 896 1071 possint.

589 1205 670 1270 Ibid.
696 1194 731 1272 (ἰ
756 1204 809 1269 42.
843 1204 988 1279 ἐννόησον,
1021 1202 1050 1266 εἰ
1078 1226 1124 1266 σοι
1150 1210 1249 1272 καλῶς
1276 1201 1344 1284 ἔχει
1369 1203 1593 1280 προσελθόντα
1619 1205 1659 1272 εἰς
1686 1206 1740 1278 την

543 1312 646 1375 εἰκόνα
673 1311 758 1374 κατὰ
783 1311 904 1377 τούτοις
931 1312 988 1378 τοὶς
1014 1311 1104 1384 tricae
1130 1315 1201 1371 κατ’
1227 1309 1340 1381 εἰιείνην
1364 1312 1417 1381 πην
1442 1309 1578 1382 ἔμπαλιν
1603 1310 1738 1388 αἰσχρῶς

543 1415 638 1486 οὕτως
671 1420 823 1480 ἐκπεσεῖν.
855 1415 959 1496 Quam
989 1416 1179 1479 accessesit
1203 1416 1392 1478 εἰσελθόντα
1417 1436 1583 1499 reponere,
1608 1421 1739 1500 apparet

542 1546 559 1588 e
591 1524 828 1608 superioribus:
865 1522 1021 1597 βούλομαι
1149 1520 1286 1585 εἰκόνα
1320 1523 1386 1584 πινοί
1420 1527 1472 1584 τοῦ
1503 1521 1637 1584 τοιούτου
1668 1523 1737 1595 βίον

543 1655 589 1694 σοι
622 1630 767 1707 γράψαι,
792 1625 871 1698 ὅπως
899 1630 929 1699 ἐς
953 1630 1070 1700 ταύτην
1095 1627 1285 1702 οἰποβλὲπων
1310 1626 1405 1705 εἰδῇς,
1432 1627 1467 1690 εἰ
1489 1651 1548 1690 σοι
1574 1649 1738 1702 παριπη·

542 1737 632 1799 πίον
666 1736 702 1804 ἐς
737 1735 884 1812 cortu
918 1739 951 1798 et
980 1752 1074 1797 mox:
1107 1731 1294 1808 ἐσαγίποι
1325 1732 1445 1811 σφόδρα
1478 1733 1736 1808 ἐκπεπληγμένον

544 1851 583 1921 πη
609 1839 760 1919 εἰσόδῳ.

590 2043 739 2107 Hermot.
765 2041 800 2108 (ἰ.
823 2041 855 2105 8.
881 2045 954 2105 ἀλλ’
975 2043 1129 2114 εὐφημεῖν
1152 2041 1231 2119 χριί,
1252 2037 1356 2118 οἶμαι,
1379 2068 1402 2114 μ
1417 2041 1481 2113 ndi
1506 2039 1612 2105 ὅσιον
1634 2038 1735 2105 εἰναι

544 2146 701 2227 ε’ξεπόζειν
726 2149 768 2211 τοὶ
793 2148 851 2210 ὑπὸ
877 2155 934 2210 τῶν
957 2154 1058 2224 σοφῶν
1082 2147 1267 2223 γιγνόμενοι.
1292 2145 1490 2231 Compositio
1513 2146 1576 2212 loci
1595 2147 1737 2224 laborat3

543 2254 629 2318 unde
649 2256 736 2317 enim
758 2252 874 2338 pendet
894 2252 1079 2316 Infinitivus
1101 2248 1227 2315 εἰναιί
1247 2252 1313 2316 Νοο
1332 2253 1418 2337 fugit
1437 2253 1495 2318 hoc
1515 2252 1738 2328 Fritzsohium,

542 2365 599 2446 qui
635 2359 695 2429 εἰη
733 2361 910 2424 substituit.
946 2360 1047 2443 Atqui
1077 2365 1175 2420 οοόιινι
1204 2360 1238 2421 in
1268 2358 1354 2422 huno
1385 2357 1492 2422 locum
1524 2362 1653 2423 omnino
1677 2380 1739 2423 non

542 2466 697 2551 quadrat,
722 2486 784 2550 quo
808 2467 916 2550 potius
939 2462 1005 2528 leni
1029 2465 1132 2527 ironia
1156 2463 1279 2527 ridetur
1301 2484 1392 2528 caeca
1416 2471 1448 2527 et
1468 2463 1583 2528 stolida
1603 2485 1741 2549 quorun·

543 2571 617 2636 dam
642 2569 829 2646 admiratio,
855 2572 911 2655 qui
934 2568 1022 2633 nefas
1042 2568 1161 2633 habent
1179 2570 1339 2654 inquirere
1358 2571 1391 2633 in
1411 2571 1491 2633 vitia
1511 2590 1637 2646 eorum,
1658 2590 1739 2654 quos

540 2683 710 2759 tamquam
746 2674 821 2739 deos
855 2673 957 2739 colere
992 2673 1056 2737 sibi
1089 2680 1335 2758 proposuerunt.
1371 2672 1462 2752 Quod
1498 2681 1535 2738 ut
1569 2681 1737 2758 appareat,

540 2780 746 2847 scribendum
777 2780 929 2845 arbitror:
962 2778 1060 2853 μηδὲ
1092 2776 1200 2842 ἰσιον
1231 2780 1416 2854 οἰόμενον
1440 2775 1546 2842 εἰναι
1573 2777 1737 2858 ἐξετάζειν.

540 2884 697 2952 Perfacile
722 2885 783 2950 hoc
807 2885 950 2949 excidere
974 2886 1091 2970 potuit.

583 3104 667 3171 Ibid.
693 3102 728 3170 Ο.
756 3104 807 3169 11.
832 3102 934 3169 Senex
957 3103 1186 3190 philosophae,
1211 3103 1408 3168 Hermotimi
1430 3106 1587 3188 magister
1609 3126 1738 3170 venera

537 3211 632 3287 bilis,
657 3214 743 3274 inter
765 3209 943 3274 cenandum
967 3217 999 3274 et
1022 3210 1253 3295 disputandum
1277 3215 1350 3293 post
1370 3216 1499 3296 tergum
1521 3213 1619 3274 stanti
1639 3232 1736 3295 puero

536 3319 641 3383 frusta
664 3318 769 3380 carnis
789 3314 962 3380 tradiderat
981 3316 1136 3380 servanda
1154 3323 1187 3379 et
1207 3315 1339 3379 domum
1359 3316 1557 3400 asportanda.
1579 3315 1737 3382 Convivio

538 3423 674 3486 dimisso
692 3442 783 3497 erus,
804 3428 976 3505 antequam
995 3419 1161 3505 crapulam
1181 3421 1371 3498 edormiret,
1396 3421 1542 3485 sordibus
1561 3420 1613 3485 vel
1633 3424 1736 3505 ipsam

537 3529 729 3593 ebrietatem
761 3527 977 3603 vincentibus,
1010 3527 1097 3601 μόνον
1122 3529 1273 3605 οἰριόμῷ
1298 3527 1552 3601 παραλαβὼν
1577 3529 1618 3590 roi
1644 3529 1735 3605 κρέα,

536 3634 639 3697 essu
662 3636 703 3712 τῷ
724 3632 809 3697 παιδί
831 3635 962 3696 κατόπιν
983 3633 1091 3697 ἑστῶσι
1115 3631 1332 3709 παρεδεδώκει,
1360 3634 1410 3694 καί
1436 3634 1650 3708 σημηνάμενος
1675 3636 1738 3696 ε’πι-

536 3746 641 3813 μελῶς
674 3741 708 3800 πὸ
733 3741 791 3803 ἀπ’
816 3740 928 3802 εἰιείνον
953 3739 1100 3801 ιιιιόεύδει.
1125 3737 1208 3816 Quid
1233 3746 1281 3801 est
1304 3741 1324 3799 οἰ
1334 3742 1455 3817 ριόμῷ
1480 3742 1736 3816 παραλαβὼν

534 3847 588 3907 σοὶ
622 3841 742 3921 apta?
774 3842 981 3919 Carunculis,
1015 3864 1093 3929 quas
1125 3864 1237 3907 servus
1262 3843 1393 3908 domum
1418 3851 1617 3928 portaverat,
1643 3848 1678 3908 οό
1702 3869 1734 3909 eo

534 3951 685 4031 acceptis,
717 3957 752 4012 ut
784 3972 833 4012 σοι
865 3956 1033 4013 numeraret
1065 3956 1093 4012 et
1125 3950 1319 4030 oteipnoret?
1345 3952 1386 4013 At
1409 3952 1477 4014 sine
1500 3954 1733 4036 praepositione

533 4058 690 4134 σίριόμῷ
722 4055 755 4119 id
786 4055 966 4141 significare
997 4076 1058 4119 non
1090 4061 1211 4138 potest,
1243 4062 1275 4118 et
1307 4058 1481 4119 necessario
1512 4056 1732 4122 scribendum:

533 4164 593 4225 ἐπ’
620 4161 772 4237 οὶριόμῷ
797 4160 1063 4236 παραλαβών.
1089 4159 1131 4223 ot
1156 4163 1283 4244 scripsit
1306 4161 1449 4225 fortasse.
1474 4161 1675 4247 Quamquam
1699 4165 1733 4227 in

531 4274 692 4353 perpetua
712 4267 896 4331 confusione
917 4268 1189 4353 praepositionum
1211 4266 1319 4344 παροί
1344 4273 1376 4330 et
1400 4291 1447 4330 πε
1455 4270 1490 4342 ρι’
1510 4269 1733 4352 probabilitate

533 4396 600 4438 non
632 4380 718 4437 caret
756 4373 905 4451 οἰριόμῷ
947 4372 1182 4450 περιλαβών
1213 4392 1281 4436 esse
1314 4373 1548 4456 reponendum,
1581 4374 1734 4440 similiter

532 4478 719 4545 adhibitum
743 4498 780 4541 ac
802 4498 899 4562 supra
918 4479 952 4540 in
973 4476 1009 4543 G.
1032 4476 1068 4541 6:
1094 4478 1220 4555 χρόνῳ
1245 4478 1512 4554 περιλαβεῖν,
1534 4481 1589 4543 ubi
1608 4488 1733 4566 praeter

528 4585 757 4649 necessitatem
782 4580 922 4649 Cobetus
946 4580 1016 4663 όρςι
1040 4583 1266 4647 substituebat.

578 4795 662 4860 Ibid.
687 4793 722 4861 O.
751 4795 801 4859 14.
825 4794 903 4882 Lyc.
929 4797 988 4868 μίοι
1012 4819 1059 4867 τις
1079 4796 1144 4867 όδός
1166 4798 1245 4857 ε’σπιν
1267 4801 1283 4868 η
1305 4798 1353 4858 ἐπί
1376 4800 1566 4876 Φιλοσοφίαν
1587 4799 1728 4879 ἄγουσα,
