4525 5950
944 700 1120 748 nummus,

426 868 646 936 Coniecturis
669 866 766 931 addo:

667 971 738 1053 ὅτῳ
762 973 796 1051 γ’
821 972 877 1050 ἄρ’
901 973 1004 1050 ἤρετ’
1030 971 1132 1048 ἄνομοι
1156 974 1213 1049 μὲν
1237 981 1338 1037 τεκεῖν
1362 972 1428 1048 ἐμέ,
1454 971 1516 1036 κτὲ.

482 1208 539 1273 Vs.
565 1206 642 1272 566.
667 1206 801 1284 ὀδυνηρὸς
826 1199 873 1283 οἷς·
898 1207 912 1270 ὃ
936 1210 1087 1284 πλοῦτος,
1112 1197 1143 1268 ὃν
1166 1203 1269 1285 ζντεῖς
1292 1204 1388 1285 ἔχειν,

664 1313 829 1391 γενήσεται
856 1311 1056 1389 Θήβαισι,
1080 1312 1246 1388 Φιλότιμος
1270 1310 1308 1374 δὲ
1332 1310 1381 1376 ού.

431 1421 571 1485 Partem
601 1422 670 1485 veri
707 1418 787 1484 vidit
816 1417 957 1482 Schoena
981 1419 1140 1482 coniciens
1163 1416 1328 1495 φιλότιμός
1353 1441 1395 1480 τε
1418 1418 1465 1481 ον’.
1498 1416 1560 1482 Sed
1584 1438 1635 1482 no

431 1528 593 1591 caesarius
617 1531 665 1590 est
688 1526 723 1588 in
747 1523 804 1588 tali
827 1525 985 1587 sententia
1007 1521 1182 1600 articulus,
1209 1521 1464 1608 legendumque:

666 1630 832 1708 γενήσεται
858 1627 996 1705 Θῆβοιιο’
1020 1628 1034 1691 d
1058 1628 1225 1709 φιλότιμός
1250 1653 1292 1691 τε
1317 1631 1371 1693 οὐ.

486 1864 542 1930 Vs.
569 1862 645 1942 696,
669 1867 725 1950 qui
749 1866 884 1949 pessime
907 1864 1065 1941 abundat,
1090 1866 1207 1929 merito
1233 1869 1400 1949 suspectus
1424 1863 1489 1927 fuit
1512 1861 1635 1928 (laelio.

479 2081 535 2147 Vs.
562 2081 638 2149 697.
664 2078 681 2156 ἦ
704 2082 798 2147 τᾶλλ’
823 2082 952 2156 ἐπῆλθον
975 2083 1095 2146 εἰσιδεῖν
1120 2081 1240 2163 χρῄζων
1264 2086 1303 2159 ε’,
1328 2080 1409 2159 ἄνοιξ

665 2187 862 2265 Ἐτεόκλεες,
888 2186 974 2265 πέριξ
997 2188 1027 2252 δὲ
1054 2189 1214 2264 Καδμείων
1239 2190 1344 2260 τύλοις

664 2294 815 2374 ociando
839 2295 867 2358 τ’
892 2295 1020 2367 ἐπῆλθον
1044 2297 1095 2358 τὸν
1118 2294 1216 2370 δέμας
1241 2296 1415 2375 θηρώμενος.

430 2400 590 2466 Deleatur
613 2399 729 2465 vocula
752 2426 786 2465 τε
810 2407 882 2487 post
906 2400 1067 2481 φνλοικιὲο.

480 2633 536 2698 Vs.
564 2631 639 2698 703.
665 2635 780 2707 ἥκουσιν
802 2632 906 2713 μεῖζον
929 2632 1022 2697 αὐτὸν
1048 2634 1064 2705 ἢ
1091 2635 1237 2712 Θήβας
1260 2640 1390 2711 Φρονεῖν.

428 2739 551 2804 Editor
583 2743 617 2803 in
653 2742 738 2804 notis
773 2746 1005 2805 commemorat
1035 2739 1138 2804 Earlii
1168 2742 1385 2805 coniecturam
1417 2739 1473 2809 εῖτ
1505 2742 1630 2818 ἡμεῖς,

429 2844 580 2930 relagata
609 2847 643 2908 in
675 2843 893 2930 Appendicem
924 2843 1043 2910 leniore
1075 2865 1134 2909 sua
1165 2847 1267 2930 ipsius
1300 2846 1337 2917 ἐς
1363 2845 1525 2923 Θήβας,
1550 2865 1630 2930 quae

430 2952 520 3016 mihi
544 2950 673 3036 quidem
697 2950 791 3036 plane
814 2950 956 3016 sufficere
982 2950 1121 3016 videtur.

480 3203 535 3268 Vs,
562 3201 637 3268 722.
662 3203 714 3268 lit.
739 3203 846 3280 βούλει
871 3203 1037 3283 τροὶιτωμοιι
1062 3202 1125 3275 δῆθ’
1149 3201 1233 3273 ὀδοὺς
1256 3199 1362 3273 ἄλλοις
1386 3202 1489 3279 ricolfi

664 3307 715 3375 Or.
742 3310 849 3381 τοῖοος
873 3333 931 3386 γε,
956 3311 1023 3389 erola
1048 3308 1179 3372 κίνδυνον
1202 3310 1247 3380 εἷς
1270 3307 1361 3384 ἅτοιξ
1384 3316 1536 3383 μολεῖν.

428 3414 518 3493 Quia
550 3415 593 3484 εἷς
625 3410 716 3489 ἅπαξ
741 3421 809 3479 arte
832 3414 1033 3500 iungendum
1055 3421 1086 3478 at
1110 3414 1226 3479 dubiae
1249 3413 1422 3478 admodum
1445 3416 1631 3499 graecitatis

428 3519 567 3584 videtur
596 3527 702 3594 μολεῖν
736 3519 865 3583 κίνδυνον
898 3541 953 3605 pro
984 3545 1019 3595 μ.
1046 3521 1090 3591 sir
1114 3546 1155 3596 ιι.,
1180 3526 1218 3583 ut
1241 3525 1423 3584 constanter
1446 3520 1564 3584 dicitnr
1587 3520 1628 3589 εἰς

430 3626 569 3689 κίνδυνον
590 3626 696 3703 ἐλθεῖν,
718 3646 749 3690 r.
762 3646 788 3690 o.
809 3624 887 3690 Hoc.
904 3623 947 3690 27
969 3633 1000 3690 at
1019 3624 1147 3691 Heracl.
1165 3624 1239 3704 149,
1260 3625 1393 3690 fortasse
1404 3625 1630 3712 corrigendum

431 3732 590 3808 βοιλεῖν
621 3752 679 3815 pro
704 3740 821 3809 μολεῖν,
846 3737 883 3795 ut
906 3737 982 3797 noto
1005 3753 1068 3796 usn
1092 3730 1250 3796 formulae
1273 3732 1400 3811 ρῖττειν,
1425 3731 1630 3809 οὶνιιρρίττειν,

430 3835 635 3911 ἀναβάλλειν
665 3837 794 3901 κίνδυνον
826 3842 983 3915 teruntur,
1016 3844 1123 3902 sumta
1158 3839 1345 3925 metaphora
1368 3858 1386 3902 a
1411 3837 1549 3902 telorum
1574 3844 1634 3903 tes·

429 3961 644 4025 serarumque
674 3944 771 4007 iactu.
803 3942 853 4007 Ita
883 3943 1094 4008 vertendum:
1122 3944 1303 4027 priusquam
1333 3944 1387 4007 uni
1418 3944 1503 4007 oleae
1535 3943 1631 4006 iactat

428 4047 508 4112 delli
525 4048 686 4130 fortunam
710 4050 881 4113 committat.

479 4264 536 4328 Vs.
563 4263 637 4330 744.
662 4266 790 4340 οὶμύνειν
814 4264 986 4346 τειχέων
1012 4267 1260 4345 προσαμβάσεις.

428 4369 562 4455 Reliqui
602 4374 798 4458 tragicorum
833 4370 911 4449 loci,
953 4373 1008 4436 ubi
1043 4374 1265 4452 τροεοὶμβοιοις
1301 4377 1455 4451 occurrit,
1496 4373 1630 4439 suadent

426 4475 659 4550 κλιμάκων.
692 4475 740 4543 Of.
776 4479 888 4542 Aesch.
924 4477 1010 4563 Sept..
1044 4477 1119 4543 448.
1152 4478 1230 4543 Eur.
1265 4480 1384 4544 Phaon.
1418 4479 1494 4557 492,
1529 4478 1627 4545 1173.

424 4583 502 4668 Iph.
526 4581 562 4645 Τ.
590 4580 643 4648 97.
668 4581 784 4647 Veram
810 4591 916 4649 tamen
941 4606 1009 4649 essa
1033 4607 1124 4671 posse
1149 4585 1302 4650 traditam
1325 4584 1496 4651 lectionem
1518 4587 1633 4653 furiosi

430 4692 519 4756 foret
543 4709 669 4774 negare.
