4525 5950
626 677 690 742 150
1143 694 1296 742 rasurus.

667 857 819 942 Superest
841 862 879 921 ut
904 877 1004 941 pauca
1028 857 1131 921 dicam
1155 857 1193 922 de
1217 857 1368 922 Pseudoli
1391 860 1535 943 partibus
1554 861 1588 922 in
1607 860 1668 924 hae
1689 859 1819 938 fabula,

620 983 699 1047 quas
729 961 864 1027 Plautus
894 965 986 1026 auxit
1016 962 1149 1045 quidem
1179 961 1482 1047 interpolationibus
1513 969 1546 1027 et
1578 968 1727 1041 ornavit,
1766 965 1821 1030 sed

621 1070 753 1132 nonita
777 1075 813 1130 ut
836 1066 1031 1152 peculiarem
1055 1087 1164 1130 001010
1189 1074 1337 1132 00101001
1362 1068 1588 1133 obscuraverit.

666 1172 783 1238 Servus
819 1175 887 1257 ipse
922 1179 954 1236 et
988 1173 1151 1237 comoedia
1182 1194 1298 1238 nomen
1329 1174 1426 1238 hahet
1457 1175 1496 1238 ab
1528 1195 1598 1238 raro
1630 1196 1765 1260 prorsus
1789 1182 1821 1239 01

620 1282 739 1344 eximio
770 1281 899 1363 ingenio
931 1277 1159 1363 („iiberlegene
1191 1276 1403 1355 Genialitiit”,
1437 1278 1605 1344 010110.
1631 1279 1685 1360 Β.)
1710 1280 1750 1344 01
1776 1283 1821 1343 in·

621 1385 816 1450 veniendum
839 1384 1029 1462 artificium,
1054 1405 1116 1468 quo
1140 1388 1224 1449 intra
1248 1385 1477 1449 brevissimum
1497 1387 1653 1470 temporis
1674 1388 1819 1471 spatium

620 1494 793 1556 imminens
824 1490 971 1558 Calidoro
1002 1489 1200 1575 periculum,
1233 1491 1329 1555 modo
1357 1491 1418 1554 sibi
1443 1493 1650 1567 nuntiatum,
1675 1497 1821 1556 avertere

621 1619 712 1682 posse
733 1597 890 1662 videatur.
912 1596 981 1660 Hac
1002 1618 1035 1660 re
1055 1604 1227 1681 occupatus
1246 1603 1295 1661 est
1314 1598 1382 1661 sine
1401 1599 1639 1685 intermissione
1650 1618 1709 1681 per
1720 1600 1820 1661 maio

621 1723 689 1767 1010
708 1702 832 1767 fabulae
852 1709 992 1787 partem,
1013 1722 1140 1766 scenam
1164 1723 1227 1766 nou
1250 1701 1432 1786 relinquens
1457 1704 1519 1766 nisi
1543 1702 1582 1766 01
1607 1702 1820 1767 domesticam

620 1810 667 1872 rei
700 1808 940 1872 meditationem
973 1805 1152 1887 (1-766),
1193 1805 1247 1870 101
1279 1809 1306 1870 11
1337 1809 1538 1890 quaerimus,
1570 1808 1648 1892 quid
1677 1810 1819 1873 eximius

618 1911 675 1976 ille
699 1912 848 1978 dolorum
870 1917 1020 1977 inventor
1043 1918 1075 1976 et
1099 1915 1246 1999 princeps
1270 1911 1435 1977 lallacium
1456 1915 1600 1977 virorum
1620 1916 1689 1998 ipse
1710 1935 1768 1998 per
1787 1934 1819 1977 se

619 2025 775 2104 praestet,
808 2020 866 2084 hoc
899 2018 963 2083 sere
996 2016 1078 2081 nihil
1102 2038 1170 2082 esse
1195 2024 1335 2103 apparet.
1361 2015 1464 2082 Verba
1487 2025 1519 2082 et
1542 2038 1636 2082 voces
1657 2040 1721 2082 non
1747 2017 1820 2082 deii·

620 2127 726 2188 ciunt:
761 2124 851 2201 „Scis
884 2132 919 2187 tu
952 2122 1100 2208 quidem,
1133 2121 1256 2198 hercle,
1288 2142 1359 2186 mea
1384 2125 1411 2186 si
1435 2125 1598 2187 commovi
1623 2144 1731 2205 sacra,
1758 2144 1819 2208 quo

623 2234 735 2313 „pacto
764 2236 795 2294 et
819 2236 953 2313 quantas
977 2228 1096 2292 soleam
1120 2227 1262 2292 turbelas
1287 2227 1381 2292 dare’¹
1409 2265 1451 2277 -
1477 2228 1589 2305 „Satin
1613 2235 1662 2293 est
1685 2231 1714 2292 si
1738 2229 1836 2294 hanc.

622 2334 738 2410 „hodie
770 2334 940 2400 mulierem
972 2334 1073 2399 efficio
1105 2334 1182 2410 tibi,
1216 2334 1819 2421 100011110011111111011011011

623 2438 789 2517 „minas‘l”
824 2478 865 2488 -
899 2439 1009 2515 „Dabo
1113 2442 1142 2502 si
1163 2442 1325 2502 neminem
1349 2438 1451 2503 alium
1476 2446 1602 2524 potero,
1628 2447 1721 2505 tuam
1753 2449 1819 2505 tau·

623 2567 720 2631 „gam
752 2545 899 2630 patrem'’
929 2583 966 2594 -
994 2544 1108 2622 „Nunc
1211 2544 1280 2608 dico
1309 2544 1460 2608 omnibus
1563 2547 1596 2608 iu
1621 2546 1707 2610 hune
1730 2545 1817 2611 diem

624 2673 663 2730 „a
686 2674 737 2717 me
761 2660 800 2716 01
823 2657 973 2728 caveant,
994 2672 1032 2715 ne
1052 2649 1181 2714 credant
1200 2649 1303 2713 mibi'’
1324 2649 1541 2730 (lot-128).
1563 2651 1677 2715 Postea
1697 2652 1816 2716 denno:

624 2757 701 2836 „Nil
732 2761 884 2822 eureseis:
918 2756 1068 2842 liquido’s
1099 2756 1224 2819 ariimo:
1257 2776 1318 2840 ego
1347 2777 1405 2840 pro
1430 2777 1482 2820 me
1505 2763 1538 2820 et
1561 2778 1618 2841 pro
1643 2763 1675 2821 te
1699 2758 1816 2822 curabo

620 2912 650 2943 „.
667 2914 696 2929 ..
723 2867 852 2928 mittam
876 2862 969 2927 hodie
994 2862 1070 2927 huic
1093 2883 1150 2926 suo
1174 2862 1225 2925 die
1248 2861 1347 2926 natali
1370 2860 1491 2926 malam
1514 2883 1582 2926 rem
1606 2882 1763 2948 magnam
1786 2869 1817 2926 01

618 2969 823 3048 ,,100101010”
853 2967 933 3048 (232
954 2977 1046 3054 sqq).
1074 2966 1165 3046 „Illic
1190 2968 1286 3032 homo
1310 2990 1403 3033 meus
1426 2976 1474 3033 est
1577 2970 1732 3035 exossabo
1755 2990 1815 3055 ego

618 3076 757 3155 „illum”
782 3097 808 3140 e.
829 3097 858 3159 q.
881 3096 906 3138 s.
932 3074 1009 3152 (381
1024 3083 1116 3159 sqq).
1143 3075 1242 3139 Porro
1266 3074 1305 3137 ad
1329 3074 1508 3139 Simonem:
1536 3074 1645 3152 „Dabo
1669 3096 1814 3161 pugnam

622 3183 760 3262 „claram
781 3189 813 3246 et
832 3181 1076 3245 memorabilem
1099 3229 1151 3246 ...
1172 3202 1229 3265 per
1246 3180 1492 3266 sycophantiam
1513 3189 1608 3265 atque
1629 3181 1814 3266 perductos

617 3288 727 3366 „dolos
750 3288 917 3351 tibicinam
1021 3307 1057 3350 ea
1076 3286 1313 3351 circumducere
1334 3284 1439 3371 lepide
1459 3286 1606 3351 lenonem
1628 3293 1660 3351 01
1682 3288 1813 3371 quidem

618 3393 785 3471 „effectum
819 3393 877 3455 boc
910 3391 1003 3455 hodie
1035 3391 1165 3455 reddam
1197 3391 1236 3456 ad
1268 3392 1461 3475 vesperum’'
1492 3392 1572 3471 (525
1593 3399 1685 3477 sqq),
1719 3399 1813 3475 atque

616 3505 684 3564 1010
715 3513 806 3562 scena
838 3497 868 3561 ll
895 3497 910 3559 l
945 3500 1127 3561 encomium
1161 3505 1209 3561 011
1241 3498 1279 3561 11
1303 3496 1386 3561 10111
1409 3505 1441 3562 01
1464 3498 1605 3582 perfidiis
1629 3498 1813 3582 duplicibus

616 3603 797 3688 triplicibus
818 3602 1013 3687 reliquisque
1034 3606 1151 3686 copiis,
1174 3624 1252 3687 quas
1273 3611 1398 3687 paratas
1418 3604 1532 3668 habeat
1549 3604 1588 3668 ad
1601 3604 1811 3668 evertendum

617 3709 804 3774 Ballionem.
831 3708 893 3773 Sed
916 3711 943 3772 si
967 3711 1166 3784 excutimus,
1191 3709 1268 3792 quid
1292 3710 1429 3793 dignum
1454 3717 1544 3773 tanto
1568 3709 1650 3773 ferat
1668 3710 1723 3773 hic
1745 3730 1813 3793 pro·

616 3819 732 3879 missor
762 3816 871 3890 hiatu,
895 3817 1039 3899 primum
1063 3815 1289 3891 observamus,
1314 3813 1529 3890 Pseudolum,
1555 3814 1609 3878 ubi
1634 3812 1721 3878 solus
1745 3824 1811 3889 est,

615 3924 755 4006 ingenue
787 3920 879 3983 fateri
911 3920 1033 3984 consilii
1066 3922 1226 4004 inopiam;
1261 3919 1392 4004 „Neque
1429 3925 1570 4004 paratast
1604 3926 1701 4004 gutta
1736 3920 1815 3983 certi

616 4024 751 4090 consili’'
777 4046 846 4109 eq.
861 4046 885 4088 s.
912 4022 1015 4104 (397),
1040 4028 1242 4108 iterumque:
1270 4023 1359 4103 „Quo
1382 4024 1412 4087 id
1439 4046 1512 4089 sum
1537 4025 1679 4088 facturus
1702 4032 1812 4110 pacto,

617 4131 662 4194 nil
687 4133 786 4195 etiam
809 4133 890 4205 scio,
916 4133 978 4193 nisi
1003 4134 1078 4214 quia
1101 4130 1303 4193 futurumst’'
1324 4128 1488 4214 (56710),
1508 4129 1581 4193 dein
1600 4132 1710 4213 ipsum
1731 4127 1814 4192 nihil

616 4258 655 4300 111
686 4239 816 4321 ingenio
848 4256 905 4298 suo
938 4235 1127 4318 producere,
1163 4237 1224 4298 nisi
1259 4235 1317 4298 boc
1350 4237 1465 4299 tritum
1489 4242 1522 4298 et
1545 4234 1681 4319 vulgare
1705 4237 1739 4297 in
1766 4255 1815 4298 co-

619 4341 772 4417 moediis,
805 4346 841 4403 ut
872 4339 943 4403 leno
975 4343 1119 4423 capiatur
1152 4362 1208 4423 per
1238 4339 1355 4404 salsum
1380 4344 1530 4404 nuntium
1555 4339 1698 4424 falsaque
1722 4339 1816 4404 docu-

619 4453 743 4521 ment-a,
763 4445 816 4510 sed
837 4446 955 4508 frustra
974 4444 1115 4509 laborare
1137 4467 1212 4509 eum
1235 4446 1381 4510 videmus
1402 4454 1439 4511 ut
1459 4446 1606 4511 effectum
1620 4446 1680 4509 hoo
1694 4445 1814 4510 reddat.

619 4552 727 4615 Unum
759 4554 826 4635 ipse
856 4552 1000 4626 invenit,
1033 4558 1069 4615 01
1102 4555 1278 4615 mentiatur
1310 4551 1455 4638 Harpagi
1486 4573 1518 4616 se
1550 4554 1722 4616 ianitorem
1746 4572 1813 4616 esse

618 4656 758 4731 lenonis,
790 4654 865 4718 felix
900 4654 1119 4722 mendacium.
1154 4656 1207 4721 sed
1239 4657 1363 4720 homini
1395 4679 1458 4722 non
1482 4660 1579 4720 nimis
1604 4657 1733 4740 stupido
1759 4664 1815 4721 aut

620 4764 724 4825 101011
760 4762 792 4821 10
829 4770 980 4843 promptu
1015 4763 1156 4843 positum
1193 4760 1330 4845 (631110.
1358 4759 1424 4825 688
1437 4768 1508 4845 sq).
1544 4761 1614 4826 Hoc
1650 4762 1816 4825 mendacio
