4525 5950
1053 726 1228 773 nominos.

585 892 693 959 3307.
723 897 790 973 ῥεῖα
813 892 840 956 δ’
865 892 1030 972 οίρίγνωτος
1056 890 1143 969 γένος
1168 889 1288 971 οὶνέρος,
1312 884 1333 972 ᾧ
1357 913 1391 953 τε
1416 889 1540 969 Κρονίων

721 995 814 1074 ὄλβον
838 997 993 1078 έτικλῶσρ
1016 994 1171 1073 γαμέοντί
1193 1019 1227 1058 τε
1252 993 1475 1072 γεινομένῳ
1500 1016 1545 1057 τε.

537 1102 652 1167 Minus
682 1101 820 1168 feliciter
850 1101 977 1167 Bekker
1006 1122 1144 1186 eumque
1174 1102 1276 1166 secuti
1306 1099 1537 1186 Lugdunenses
1567 1101 1733 1186 corrigunt

538 1206 730 1286 γιγνομένῳ,
754 1205 934 1273 luculenter
958 1210 1045 1272 enim
1070 1207 1182 1272 docent
1205 1226 1317 1271 versus
1341 1210 1509 1291 sequentes
1532 1214 1659 1291 poetam
1683 1205 1734 1270 de·

539 1314 623 1378 disse
641 1313 886 1391 γεινομένῳ,
907 1315 929 1376 i.
943 1333 970 1377 e.
990 1313 1191 1390 rectricem,
1212 1314 1245 1376 in
1265 1331 1362 1397 quom
1382 1311 1636 1377 emendationem
1648 1332 1733 1376 nunc

538 1419 635 1485 uideo
656 1421 724 1484 iem
747 1417 906 1483 Plettium
931 1419 1089 1485 incidisse.

586 1639 691 1705 2311.
716 1640 757 1719 τῷ
778 1643 806 1702 κ’
826 1637 942 1719 έλαχον
963 1637 1101 1718 κτερέων,
1122 1636 1175 1700 καί
1197 1638 1268 1714 ἐμίν
1288 1638 1376 1709 κλέος
1398 1633 1495 1714 ἦγον
1513 1640 1686 1717 Ἀχαιοί.

537 1746 575 1811 ln
607 1745 730 1830 vulgus
760 1751 854 1810 notae
886 1750 961 1809 sunt
992 1745 1166 1830 posteriore
1196 1748 1300 1808 setete
1330 1741 1508 1808 locutiones
1532 1744 1678 1822 ἐντίμως,
1703 1744 1733 1807 ἐν

537 1862 633 1932 τιμῇ,
659 1852 710 1917 διὰ
734 1858 828 1927 τιμῆς
853 1848 943 1927 ἄγειν
967 1850 1054 1927 τινα,
1079 1848 1135 1914 sed
1158 1869 1335 1934 nusquam,
1360 1849 1444 1934 quod
1467 1851 1584 1926 sciam,
1609 1850 1733 1914 nudum

536 1959 675 2024 verbum
699 1955 789 2033 οίγειν
812 1955 981 2020 honorandi
1000 1976 1093 2021 sensu
1115 1957 1255 2039 ponitur.
1280 1954 1450 2020 Homerico
1471 1955 1535 2020 dici
1553 1958 1660 2041 potuit
1680 1956 1731 2019 καί

537 2065 613 2139 έμὸν
633 2062 719 2134 κλέος
741 2061 872 2140 ἄφθιτον
893 2059 954 2139 ἦεν,
974 2067 1012 2126 ut
1031 2059 1135 2137 1413,
1156 2065 1212 2125 aut
1231 2059 1350 2137 οὐρανὸν
1372 2055 1444 2138 ἷκεν,
1465 2066 1502 2125 ut
1516 2070 1542 2124 Θ
1559 2059 1634 2138 192,
1649 2063 1663 2124 ί
1678 2060 1732 2127 74.

584 2167 731 2255 cogitari
753 2168 886 2233 forsitan
910 2173 1016 2253 potest
1040 2166 1078 2231 de
1102 2165 1289 2252 corrigendo

960 2271 1012 2336 καί
1037 2270 1110 2347 ἐμὸν
1134 2270 1227 2344 κλέος
1246 2265 1332 2334 ἷκεν
1356 2269 1550 2352 Ἀχαιούς

537 2378 608 2445 scil.
632 2378 823 2456 Ithacenses,
847 2379 904 2463 qui
927 2380 1054 2463 saepius
1077 2379 1124 2442 ita
1148 2375 1309 2441 dicuntur.

585 2582 683 2656 ιι220
999 2575 1016 2647 ἢ
1041 2578 1073 2644 δέ
1096 2578 1178 2659 (soil.
1203 2580 1340 2660 γαστίιρ)
1362 2604 1404 2657 με
1428 2578 1551 2647 τοίντων

721 2684 907 2762 λκίοίνει,
932 2680 997 2748 ὅστ’
1022 2682 1144 2761 έταίον,
1169 2683 1221 2748 καί
1247 2684 1479 2760 ένιτλιισίιίμεν·
1502 2687 1626 2762 οὶνιίγει.

536 2792 635 2859 Verbi
665 2793 768 2858 forms
798 2790 953 2856 inaudita.
985 2792 1124 2876 Ambigc
1155 2794 1355 2877 corrigemus
1378 2792 1589 2870 λανθάνει,
1614 2791 1731 2859 colluto

535 2898 728 2985 imperfecto
752 2895 915 2963 έλοίνίανον
939 2903 968 2959 Ν
984 2892 1037 2974 72,
1062 2894 1144 2972 ί93,
1170 2895 1247 2974 532,
1271 2917 1311 2961 en
1334 2899 1459 2981 potius:

1227 2992 1244 3074 i
1268 3002 1300 3066 δέ
1324 3026 1359 3065 τε
1383 3004 1505 3068 τοίντων

720 3110 832 3183 scen
856 3115 891 3184 μ’
915 3104 980 3172 ὅστ’
1005 3105 1116 3171 έταίον

533 3219 613 3303 quis
635 3236 784 3302 praesens
808 3215 893 3301 apud
917 3214 1100 3280 Homerum
1124 3213 1243 3297 ubique
1267 3219 1317 3279 eet
1340 3215 1452 3287 λήίω.

583 3432 690 3509 η288.
721 3429 807 3507 ηὗδον
833 3432 1002 3512 παννύχιος
1027 3432 1079 3497 καί
1104 3434 1153 3496 ἐτ’
1177 3431 1233 3507 ἠία
1259 3433 1310 3495 καί
1335 3432 1428 3509 μέσον
1454 3428 1548 3512 ἦμαρ.

719 3539 863 3606 δύσετό
886 3542 916 3603 τ’
940 3538 1077 3613 ἠέλιος
1086 3588 1094 3617 ,
1119 3539 1175 3603 καί
1197 3562 1239 3615 με
1262 3541 1383 3616 γλυκὺς
1407 3537 1497 3610 ὕτνος
1521 3540 1641 3612 οίνῆκεν.

533 3646 618 3726 Quis
637 3667 699 3711 non
719 3644 757 3711 de
777 3643 980 3731 crepusculo,
1001 3645 1055 3710 sed
1074 3644 1112 3710 de
1134 3651 1278 3730 tempore
1297 3645 1475 3709 meridiano
1495 3645 1548 3724 (cf.
1568 3644 1729 3710 editorum

534 3755 625 3838 note)
654 3749 799 3837 loquitur
821 3749 950 3829 Ulixes,
981 3771 1082 3836 neque
1105 3749 1174 3816 ulle
1197 3750 1258 3816 fide
1282 3751 1381 3837 digna
1404 3758 1452 3817 est
1474 3750 1570 3816 lectio
1593 3751 1729 3830 δείλετο,

534 3858 713 3943 cogitarem
740 3856 778 3922 de
801 3857 981 3942 reponendo
1006 3857 1172 3922 νίσσετί
1194 3859 1223 3920 τ’
1248 3858 1364 3933 ἠέλιος,
1390 3878 1451 3941 quo
1475 3878 1570 3922 sensu
1594 3856 1659 3921 158
1683 3857 1728 3922 di-

533 3964 620 4027 citur
639 3958 713 4038 ἦμος
736 3963 872 4038 δἰἱέλιος
893 3963 1163 4039 μετενίσσετο
1185 3962 1450 4040 βουλυτόνδε,
1472 3965 1727 4049 nisigraviorem

533 4088 675 4133 errorem
699 4069 731 4133 h.
750 4067 774 4133 l.
799 4066 983 4134 delitescere
1006 4068 1089 4134 mihi
1111 4068 1315 4156 persuaderet
1337 4066 1443 4146 locus,
1468 4090 1530 4153 quo
1555 4069 1607 4134 hic
1631 4071 1729 4155 respi-

531 4176 620 4238 citur
642 4170 663 4252 ζ
674 4172 748 4250 117,
779 4175 836 4239 ubi
855 4174 893 4240 de
916 4174 979 4240 diei
1005 4181 1167 4261 tempore,
1192 4196 1254 4260 quo
1278 4196 1295 4240 e
1320 4196 1430 4241 somno
1454 4182 1656 4260 experrectus
1680 4183 1729 4242 est

530 4280 644 4356 heros,
680 4278 769 4344 nulls
803 4279 839 4344 fit
874 4284 1015 4358 mentio,
1052 4280 1107 4346 sed
1138 4279 1322 4365 puellarum
1352 4279 1474 4346 clsmcr
1505 4302 1600 4346 cause
1631 4283 1728 4348 fuisse

530 4390 692 4462 narratur,
723 4406 781 4450 cur
811 4387 1050 4472 expergefieret.
1083 4386 1174 4451 Unde
1205 4389 1292 4451 nasci
1323 4391 1428 4471 potest
1458 4390 1597 4473 suspicio
1622 4387 1727 4454 simile

530 4488 611 4575 quid
630 4491 783 4576 primitus
803 4492 834 4556 h.
847 4490 871 4557 l.
894 4492 1016 4559 dictum
1036 4514 1103 4558 esse
1123 4498 1155 4557 et
1167 4491 1338 4558 lectionem
1350 4501 1726 4572 urceToTrrnMOC,

530 4617 613 4682 quae
645 4599 765 4681 passim
787 4596 865 4662 alibi
887 4599 921 4663 in
945 4598 1124 4664 Homericis
1149 4618 1315 4664 occurrens
1337 4598 1478 4664 librariis
1500 4605 1568 4665 erat
1590 4600 1727 4665 familia-

528 4704 678 4780 rissima,
703 4702 907 4788 deprevatum
931 4725 999 4771 esse
1023 4726 1061 4770 ex
1087 4712 1435 4783 ATceNoeTeTlc,
1460 4711 1498 4770 ut
1521 4706 1618 4771 fuerit

715 4808 832 4883 ἤνσει
856 4809 894 4874 δέ
919 4811 960 4874 τέ
985 4834 1064 4889 τις,
1090 4811 1145 4874 καί
1167 4834 1209 4887 με
1233 4812 1353 4888 γλυκὺς
1378 4807 1469 4882 ὕπνος
1492 4813 1611 4886 οίνῆκεν.
