4525 5950
971 733 1112 782 neurus.
1569 719 1633 783 189

428 902 592 984 scriptam
612 899 710 964 fuisse
729 901 964 976 narrationem,
985 904 1158 984 posteaque
1177 898 1268 964 illam
1288 898 1426 964 deletam
1451 906 1484 965 et
1507 903 1540 964 in
1565 904 1634 965 eius

430 1004 547 1069 sedem
571 1004 721 1070 diriorem
745 1007 841 1069 istam
861 1007 1052 1069 atrociorem
1070 1007 1302 1070 intricatiorem
1322 1008 1493 1081 insertam,
1515 1007 1568 1071 sed
1588 1010 1634 1071 ita

432 1115 474 1173 ut
512 1130 593 1195 quae
627 1112 739 1174 statim
774 1118 954 1195 sequuntur
984 1110 1231 1194 haudquaquam
1264 1132 1338 1175 cum
1369 1131 1406 1175 ea
1436 1113 1632 1176 cohaereant.

432 1215 523 1280 Nam
558 1218 750 1292 narrationi,
778 1236 874 1301 quam
899 1215 985 1280 Hist.
1011 1214 1036 1292 I,
1065 1215 1105 1278 13
1130 1216 1303 1292 habemus,
1328 1222 1401 1302 apte
1425 1217 1631 1282 adiiceretur:

433 1321 615 1397 „hactenus
656 1319 739 1385 Nero
772 1319 906 1405 flagitiis
942 1327 974 1385 et
1009 1319 1183 1385 sceleribus
1219 1321 1399 1387 velamenta
1434 1323 1631 1407 quaesivit’';

432 1448 514 1492 cum
545 1429 741 1502 narratione,
774 1447 855 1510 quae
887 1447 972 1491 nunc
998 1429 1035 1490 A.
1061 1425 1151 1504 XIII,
1178 1427 1220 1492 46
1244 1427 1376 1512 legitur,
1402 1428 1512 1492 eadam
1538 1428 1634 1492 verba

432 1535 592 1617 coniungi
611 1531 702 1621 nullo
721 1531 814 1597 modo
834 1539 976 1617 possunt.
998 1530 1143 1619 Apparet
1161 1555 1237 1618 ergo
1257 1532 1391 1598 alteram
1405 1535 1633 1610 narrationem,

434 1641 517 1724 quia
546 1643 636 1702 tanto
658 1639 781 1722 peiores
804 1638 968 1702 exhiberet
993 1639 1159 1714 homines,
1184 1637 1293 1703 'Facito
1317 1639 1393 1704 adeo
1417 1638 1572 1723 placuisse
1598 1646 1634 1701 ut

433 1743 489 1808 illi
511 1747 566 1809 rix
590 1746 738 1829 cognitae
761 1746 872 1808 statim
896 1747 1035 1829 priorem
1059 1744 1168 1809 cedere
1191 1745 1331 1819 iuberet,
1356 1744 1394 1808 de
1414 1744 1512 1807 huius
1533 1746 1633 1828 partis

433 1851 623 1915 oeconomia
653 1870 714 1913 non
745 1847 904 1914 sollicitus
936 1849 990 1914 sed
1023 1849 1061 1913 de
1095 1848 1348 1936 „mythologie”
1373 1852 1488 1927 etiam,
1514 1851 1540 1913 si
1563 1849 1632 1914 tisri

433 1960 562 2041 potest,
586 1957 705 2020 minus.

482 2059 541 2125 Sat
563 2062 691 2145 gravis,
722 2066 760 2123 ut
783 2062 903 2144 opinor,
927 2060 979 2124 hic
1003 2081 1092 2125 error
1115 2066 1179 2138 est;
1203 2063 1387 2146 graviorem
1411 2063 1545 2138 notabo,
1570 2083 1632 2147 quo

432 2187 500 2230 non
519 2164 725 2250 singulorum
746 2165 934 2243 hominum,
954 2165 1008 2230 sed
1030 2172 1172 2230 totarum
1192 2168 1363 2231 civitatum
1378 2167 1631 2253 „psychologia”

432 2271 578 2336 ludibrio
602 2271 748 2337 habetur.
772 2272 811 2334 A.
827 2270 880 2348 VI,
902 2270 945 2335 42
966 2271 1003 2336 de
1023 2273 1203 2350 Artabano,
1225 2273 1420 2336 Parthorum
1440 2294 1533 2358 rege,
1555 2272 1632 2338 haec

434 2383 623 2441 narrantur:

484 2483 640 2560 „Plebem
661 2483 853 2568 primoribus
872 2482 1005 2547 tradidit
1023 2506 1060 2547 ea·
1076 2505 1128 2547 aaa
1148 2502 1220 2547 aaa:
1238 2504 1311 2548 nam
1333 2483 1631 2569 populiimperinm

435 2592 530 2654 iuxta
550 2589 747 2664 libertatem,
768 2610 946 2673 paucorum
966 2589 1143 2655 dominatio
1155 2593 1261 2675 regiae
1272 2588 1398 2653 libidini
1411 2592 1538 2674 propior
1549 2588 1630 2654 ast.”

481 2694 574 2760 Itane
595 2692 690 2759 vero?
715 2696 758 2757 dir
776 2717 828 2758 caco
849 2717 905 2758 auu
924 2697 946 2759 i.
960 2717 986 2759 e.
1008 2703 1046 2760 ut
1065 2698 1133 2780 ipse
1154 2699 1256 2760 tutius
1268 2697 1474 2779 securiusque
1485 2703 1633 2781 regnaret

436 2802 620 2866 Artabanus
651 2799 754 2885 plebis
785 2804 962 2886 pot-entiam
987 2802 1087 2886 fregit
1110 2807 1142 2866 et
1164 2802 1374 2886 optimatibus
1398 2801 1629 2886 rempublicam

434 2904 590 2972 tradidit?
610 2906 689 2986 Quis
709 2926 851 2991 unquam
872 2906 950 2972 talia
970 2905 1099 2971 docuit?
1119 2908 1231 2972 Nonne
1252 2915 1319 2971 tota
1341 2908 1473 2971 historia
1494 2912 1630 2971 testatur

434 3012 561 3078 nullam
593 3033 659 3077 esse
691 3014 860 3077 certiorem
892 3016 995 3091 viam,
1029 3034 1092 3099 qua
1122 3013 1161 3077 ad
1186 3012 1388 3099 tyrannidem
1413 3015 1629 3097 perveniatur,

435 3140 535 3205 qnam
557 3120 692 3182 nimiam
716 3117 818 3202 plebis
842 3122 1037 3202 potentiam,
1062 3140 1124 3183 non
1149 3139 1215 3182 esse
1239 3118 1319 3182 alias
1338 3130 1387 3182 res
1406 3125 1474 3182 tam
1494 3121 1578 3183 inter
1597 3138 1630 3181 se

433 3227 584 3290 inimicas
607 3245 703 3309 quam
727 3244 864 3309 regnum
887 3231 920 3289 et
943 3227 1193 3300 aristocratiam,
1217 3231 1249 3289 et
1272 3223 1374 3288 malos
1397 3244 1489 3308 reges
1508 3227 1540 3287 in
1561 3222 1632 3287 nul-

432 3330 483 3396 los
507 3330 588 3396 alios
608 3333 695 3394 cives
716 3336 784 3394 tam
804 3334 925 3395 saevire
945 3351 1041 3415 quam
1060 3332 1094 3394 iu
1116 3333 1262 3395 homines
1282 3351 1409 3394 summo
1429 3328 1498 3394 loco
1518 3326 1629 3393 natos?

433 3435 649 3521 Ignorabatne
671 3457 747 3522 ergo
770 3433 916 3509 Tacitus,
938 3437 1021 3520 quod
1042 3457 1126 3500 nunc
1147 3458 1186 3501 ne
1206 3439 1313 3522 pueris
1332 3436 1460 3521 quidem
1480 3438 1627 3521 ignotum

433 3551 500 3616 est,
537 3539 714 3603 dummodo
750 3539 859 3603 Ovidii
890 3540 1164 3605 narratiunculam
1195 3540 1233 3604 do
1265 3540 1430 3625 Tarquinii
1462 3548 1628 3625 praecepto

433 3648 617 3729 necatisque
648 3642 826 3710 Gabini-um
858 3647 1056 3729 principibus
1087 3644 1247 3732 legerint?
1278 3644 1370 3711 Certe
1401 3647 1461 3710 hoo
1490 3644 1559 3711 loco
1583 3649 1629 3709 rei

432 3759 502 3815 tam
533 3755 637 3814 certae
668 3755 799 3835 tamque
831 3770 892 3813 usu
917 3749 1061 3815 firmatae
1084 3754 1256 3816 immemor
1279 3751 1416 3816 videtur.
1449 3752 1520 3816 Non
1543 3754 1629 3815 enim

431 3854 526 3921 facile
550 3855 631 3918 mihi
655 3854 898 3939 persuadebitur
922 3857 964 3918 od
980 3857 1058 3920 coloe
1079 3858 1208 3921 Parthos
1229 3857 1325 3922 verba
1345 3856 1440 3920 allata
1460 3859 1628 3940 pertinere.

433 3961 506 4025 Hoc
538 3963 566 4025 si
595 3958 751 4025 voluisset
781 3958 928 4038 Tacitus,
964 3962 1091 4028 disertis
1115 3961 1303 4027 declarasset
1329 3962 1433 4026 verbis
1456 3962 1516 4026 hac
1539 3965 1571 4025 in
1596 3983 1629 4026 re

432 4066 578 4130 Parthici
606 4068 699 4150 regni
729 4066 946 4131 conditionem
978 4066 1071 4153 plane
1098 4074 1276 4133 ceterorum
1301 4066 1494 4151 populorum
1518 4089 1629 4152 regno-

430 4191 571 4255 rumque
602 4177 735 4235 naturae
766 4171 866 4236 fuisse
897 4175 1086 4258 oppositam.
1119 4172 1211 4236 Nunc
1241 4192 1315 4236 vero
1344 4174 1391 4235 ita
1422 4170 1568 4256 loquitur
1591 4177 1629 4234 ut

430 4297 509 4342 eum
530 4275 568 4339 de
593 4275 760 4353 omnibus,
784 4295 866 4360 quae
891 4283 966 4341 sunt
989 4282 1084 4362 atque
1108 4278 1256 4353 fuerunt,
1282 4276 1468 4340 civitatibus
1488 4278 1628 4361 cogitare

430 4385 476 4447 sit
498 4382 717 4466 perspicuum.

477 4486 537 4551 lust
569 4494 601 4552 et
632 4486 715 4551 alius
746 4486 836 4552 locus
860 4490 947 4552 omni
971 4487 1156 4573 disciplinae
1181 4487 1328 4573 politicae
1351 4488 1547 4562 contrarius,
1572 4488 1627 4569 qui

429 4595 571 4657 vitiosus
601 4590 732 4676 quidem
764 4592 902 4656 traditus
932 4598 981 4657 est
1003 4594 1186 4677 nequedum
1210 4597 1243 4657 in
1266 4596 1432 4678 integrum
1457 4594 1627 4656 restitutus

430 4699 562 4765 videtur
593 4704 640 4775 (v.
665 4696 761 4761 XXX
785 4720 816 4783 p.
842 4696 933 4777 390),
962 4698 1016 4763 sed
1047 4719 1235 4783 quocunque
1267 4698 1362 4761 modo
1386 4718 1460 4761 eum
1484 4695 1629 4760 amenda-

430 4825 525 4879 mue,
563 4811 707 4867 remanet
742 4804 860 4867 vitium
895 4802 978 4887 qnod
1009 4824 1092 4867 nunc
1123 4804 1251 4868 notabo,
1286 4802 1326 4866 H.
1351 4802 1393 4879 ΙΙ,
1419 4802 1451 4866 6.
1483 4801 1626 4865 Muciani

1449 4920 1481 4969 18
