4525 5950
469 691 472 698 ’
530 700 598 766 236
1019 716 1062 764 nn
1085 714 1228 765 onannrs.

532 885 677 966 simoque
709 903 792 946 nexu
824 881 999 946 cohaesisse
1029 904 1102 947 oum
1136 883 1186 946 dei
1217 882 1473 967 peloponnesiaci
1503 883 1592 948 cuitu
1619 905 1726 969 perae

534 994 631 1052 tusto.
662 987 859 1066 Quaeramus
890 989 993 1072 igitur
1024 1008 1062 1051 an
1092 994 1239 1051 veterum
1263 1009 1342 1072 quae
1366 989 1405 1052 ad
1429 1010 1486 1053 uos
1510 997 1726 1074 pervenerunt

534 1092 571 1155 de
595 1090 715 1157 Oarneo
739 1092 796 1157 deo
820 1093 1054 1157 ohservationes
1080 1093 1249 1176 praebeant
1271 1093 1356 1176 quod
1380 1093 1420 1157 ad
1443 1114 1511 1158 rem
1535 1094 1641 1159 saciat.

1109 1385 1151 1450 11.

580 1651 762 1715 Demetrius
781 1647 946 1732 Scepsius,
968 1646 1100 1711 alterius
1121 1668 1149 1711 a.
1163 1645 1199 1712 0.
1212 1669 1243 1711 n.
1264 1646 1383 1712 saeculi
1401 1649 1545 1733 scriptor,
1560 1648 1599 1711 de
1611 1647 1727 1714 Garnei

535 1758 646 1821 diebus
669 1756 758 1819 sestis
782 1753 913 1817 tradidit
936 1752 1013 1816 haec
1030 1750 1070 1831 ¹):

581 1863 636 1934 τὴν
657 1866 724 1937 ,τῶν
755 1860 904 1935 Καρνείων
936 1859 1036 1937 ἑορτὴν
1068 1856 1155 1933 παρά
1189 1856 1441 1932 Λακεδαιμονίοις
1478 1857 1612 1935 μίμημα
1648 1854 1725 1920 εἶναι

536 1971 756 2045 στρατιωτικῆς
792 1967 932 2040 άγωγνῑς.
969 1963 1078 2033 πίπους
1112 1964 1176 2039 γάρ
1206 1959 1282 2026 εἶναι
1315 1963 1397 2027 ἕννία
1429 1964 1485 2039 μὲν
1517 1966 1558 2042 τῷ
1591 1965 1726 2043 α’ριίμῷ·

536 2071 659 2141 σκιάδες
687 2070 717 2134 δὲ
743 2065 821 2133 οὗτοι
846 2072 1031 2145 καλοῦνται,
1056 2075 1184 2139 σκηναῖς
1208 2065 1331 2146 ἔχοντες
1358 2068 1575 2146 παραπλήσιόν
1599 2089 1647 2131 τι·
1674 2071 1725 2133 καί

537 2177 619 2242 ίννέα
645 2176 712 2240 καθ’
731 2172 859 2238 ἕκαστον
883 2172 986 2250 άνδρες
1012 2172 1180 2250 δειπνοῦσι,
1205 2173 1311 2237 πάντα
1336 2197 1370 2236 τε
1395 2173 1458 2236 άπδ
1477 2174 1727 2252 προστάγματος

536 2283 738 2362 κηρύσσεται·
770 2278 837 2360 ἔχει
869 2279 899 2342 δὲ
929 2278 1045 2352 ἑκάστη
1069 2279 1158 2349 σκιάς
1184 2279 1337 2359 φρατρίας
1361 2287 1458 2358 τρεῖς,
1483 2281 1533 2343 καί
1557 2281 1685 2356 γίνεται
1709 2281 1725 2352 ti

537 2395 595 2452 τῶν
620 2388 768 2463 Καρνείων
791 2385 875 2462 ἑορτὴ
901 2384 950 2447 ἐπί
976 2383 1090 2459 ἧμίρας
1117 2383 1211 2448 ε’ννία.

581 2493 703 2558 Iniuria
732 2490 846 2556 Kaibel
878 2510 957 2574 quae
979 2491 1130 2575 praebent
1154 2488 1246 2554 MSS.
1271 2491 1367 2554 verba
1391 2490 1453 2554 άπδ
1478 2491 1726 2569 προστάγματος

536 2599 719 2675 κορύσσεται
743 2598 884 2660 mutavit
902 2598 935 2659 in
956 2598 1018 2660 άτδ
1040 2596 1236 2674 κηρύγματος
1258 2595 1446 2675 πράσσεται,
1467 2599 1544 2660 satis
1563 2603 1728 2682 praeterea

536 2704 648 2769 audaci
671 2704 860 2767 coniectura.
885 2700 968 2765 Nam
992 2722 1103 2765 sensus
1123 2708 1171 2765 est
1189 2701 1258 2765 hic:
1280 2703 1388 2766 omnia
1406 2722 1487 2786 quae
1505 2702 1631 2767 civibus
1653 2709 1729 2767 sunt

536 2806 677 2873 facienda
699 2806 768 2871 fieri
791 2806 907 2870 debent
929 2827 947 2871 e
970 2809 1146 2892 praeceptis
1169 2808 1264 2870 certis
1283 2827 1371 2871 more
1391 2809 1550 2872 maiorum
1570 2828 1730 2872 consecra·

535 2916 578 2978 tis
613 2913 689 2991 (άπὸ
725 2912 1000 2990 σροστάγμοτος);
1037 2910 1165 2996 singula
1194 2916 1303 2975 autem
1334 2931 1414 2996 quae
1444 2911 1495 2976 his
1525 2915 1730 2999 praescriptis

537 3020 749 3093 continentur,
773 3038 835 3081 non
858 3015 939 3080 fiunt
962 3022 1132 3101 antequam
1156 3016 1249 3092 κίρνξ
1267 3015 1319 3081 vel
1339 3017 1416 3082 tuba
1433 3017 1486 3082 vel
1505 3038 1584 3083 voce
1605 3018 1730 3084 dederit

537 3127 678 3209 signum.
703 3120 891 3188 Conferendi
915 3127 990 3186 sunt
1014 3122 1242 3206 Aristophanei
1265 3142 1393 3186 versus:

718 3225 847 3290 άκούετε
872 3223 948 3305 λεῴ·
974 3228 1081 3289 κατά
1105 3226 1156 3289 τά
1181 3227 1335 3306 πάτρια
1360 3228 1430 3298 τοὺς
1455 3230 1537 3305 χοάς

719 3332 814 3395 πίνειν
838 3330 910 3395 ὑπὸ
934 3331 1189 3407 σάλπιγγος,

538 3440 595 3503 ubi
624 3436 817 3503 Scholiasta:
850 3435 978 3499 ἐκάλουν
1010 3436 1036 3498 οἱ
1069 3436 1193 3514 κήρυκες
1221 3436 1410 3512 σάλπιγγας
1432 3434 1648 3515 βαστάζοντες
1675 3437 1727 3500 καί

539 3544 709 3616 ἐσήμαινον.

583 3646 674 3725 Quod
704 3651 813 3710 autem
844 3644 891 3709 nil
921 3647 984 3709 nisi
1014 3647 1107 3730 signo
1138 3644 1212 3709 dato
1242 3647 1276 3709 in
1301 3644 1431 3712 Oarneis
1454 3645 1567 3722 fiebat,
1591 3647 1731 3710 minimo

537 3752 610 3817 inde
637 3753 781 3836 sequitur
804 3770 917 3815 verum
941 3771 1008 3814 esse
1030 3751 1063 3814 id
1087 3750 1171 3835 quod
1193 3753 1240 3814 ait
1263 3751 1465 3828 Demetrius,
1488 3749 1648 3815 militares
1671 3750 1731 3814 hos

539 3859 636 3920 fuisse
659 3855 768 3931 ludos,
792 3858 854 3919 nisi
878 3857 949 3938 quis
974 3860 1053 3926 Χοᾶς
1079 3876 1205 3940 quoque
1229 3853 1293 3920 tale
1316 3856 1394 3940 quid
1418 3855 1517 3919 fuisse
1540 3855 1731 3920 contendere

539 3960 628 4025 velit.
652 3959 689 4023 In
713 3959 915 4024 Doriensium
938 3981 971 4023 re
995 3960 1140 4044 publica,
1165 3963 1193 4024 si
1214 3981 1293 4044 quae
1313 3960 1377 4025 alia
1395 3960 1497 4025 Marti
1515 3960 1641 4035 dedita,
1662 3960 1731 4025 dies

539 4068 638 4131 etiam
670 4065 766 4129 festos
798 4064 964 4150 disciplina
987 4064 1122 4129 militari
1147 4065 1245 4130 fuisse
1268 4066 1428 4130 ordinatos
1451 4068 1524 4149 quis
1547 4066 1731 4141 mirabitur,

540 4173 593 4236 oui
624 4169 859 4235 Germanorum
892 4171 1118 4235 hodiernorum
1142 4190 1247 4234 mores
1270 4190 1331 4233 non
1356 4190 1485 4253 prorsus
1507 4176 1584 4233 sunt
1605 4165 1731 4255 ignorit

540 4275 650 4360 Neque
682 4275 714 4337 οιί
747 4275 887 4350 σκιάδες,
920 4277 1012 4359 quasi
1042 4274 1160 4338 fuerint
1190 4274 1319 4337 militum
1350 4274 1551 4350 ίοδονιισοιιίο,
1576 4274 1732 4358 profesti

540 4386 655 4446 natura
676 4379 810 4444 militari
834 4382 1016 4444 testimonio
1037 4378 1208 4445 afferantur
1227 4378 1345 4454 velim,
1366 4399 1441 4443 cum
1459 4377 1654 4443 Iudaeorum
1677 4380 1731 4451 rto

541 4489 655 4559 σκηνῶν
687 4485 786 4562 ἑορτὴν
815 4505 832 4548 e
856 4484 961 4548 Libris
984 4484 1087 4550 Sacris
1109 4486 1292 4550 noverimus
1316 4491 1348 4548 et
1371 4483 1531 4548 Romanos
1553 4484 1587 4546 in
1611 4483 1733 4568 Neptu-

553 4669 748 4677 ———.-

576 4786 603 4848 l)
620 4786 707 4833 Athen.
724 4783 759 4833 1v
775 4784 843 4833 Μία.
861 4782 1003 4848 iixoerptnm
1021 4787 1056 4833 est
1071 4800 1084 4832 e
1100 4783 1216 4832 Demetrii
1230 4785 1277 4831 τοῦ
1291 4784 1398 4843 τροιίκσν
1412 4780 1549 4843 διακόσμου
1565 4782 1628 4833 libro
1645 4785 1734 4851 primo.
