4525 5950
926 695 1174 744 ramnornsrms.
1571 675 1637 740 265

518 862 571 935 κῆν
595 865 658 938 μή,
682 860 928 938 καλούντων,
955 861 1026 930 τοὺς
1050 860 1191 938 μοχλοὺς
1214 865 1355 937 χαλῶσιν
1378 860 1411 922 al
1435 868 1592 938 γυναῖκες,

516 966 735 1045 ἐμπιμπράναι
761 966 821 1045 χρη
844 967 899 1039 την
923 966 1021 1044 πυρόν
1045 964 1096 1027 καὶ
1121 967 1163 1044 τῷ
1187 966 1292 1044 καπνῷ
1315 963 1437 1044 πιέζειν.

453 1072 563 1160 Digna
593 1074 725 1150 fuisset,
757 1075 791 1136 ni
819 1071 923 1148 fallor,
955 1091 1036 1156 quse
1065 1069 1181 1135 saltem
1211 1076 1517 1136 commemoraretur
1545 1077 1640 1136 vetus

454 1201 528 1246 mea
558 1183 738 1246 coniectura
762 1183 795 1254 ’μ
804 1178 830 1256 β
839 1179 1035 1259 αλόντοιν,
1066 1179 1088 1241 1.
1113 1198 1140 1242 0.
1166 1175 1370 1254 έμπεσόντων,
1395 1197 1452 1262 pro
1477 1180 1640 1243 καλούν-

451 1312 472 1349 τ
485 1311 546 1364 ον,
581 1286 665 1371 quod
695 1287 782 1349 iusto
813 1282 950 1349 debilius
980 1284 1012 1347 h.
1036 1283 1059 1347 l.
1091 1283 1227 1348 verbam
1259 1288 1307 1348 est
1328 1303 1386 1367 pro
1408 1283 1548 1358 βοώντων
1571 1285 1640 1348 siue

445 1391 654 1470 κεκραγότων.

494 1604 548 1671 Vs.
573 1603 650 1670 315.

516 1713 566 1777 σόν
590 1711 616 1775 δ’
640 1708 726 1790 ἔργον
750 1709 844 1787 έστέν,
868 1706 888 1772 ὦ
912 1709 1028 1789 χότρα,
1052 1709 1104 1773 τόν
1126 1707 1249 1787 dalcae*
1273 1710 1443 1794 έΕεγεέρειν,

516 1820 570 1892 την
593 1815 739 1892 λαμπάδ’
763 1816 899 1893 ἡμμένην
923 1812 1025 1886 ὅπως
1051 1823 1199 1896 πρῶτον
1222 1815 1311 1892 έμοέ
1336 1818 1581 1896 προσοίσεις.

447 1923 670 1989 Audacissime
694 1922 796 1987 editor
820 1922 858 1987 de
882 1942 940 1987 sua
963 1923 1143 1987 coniectura
1166 1921 1253 1987 dedit

944 2034 1076 2099 καλῶς
1102 2024 1205 2097 όπως
1231 2028 1321 2103 έμο)
1347 2027 1553 2106 παρέξεις.

443 2135 538 2200 Licet
566 2136 741 2199 sententiae
771 2139 882 2218 aptam
913 2154 982 2198 esse
1015 2155 1077 2198 non
1109 2155 1243 2220 negem,
1275 2133 1399 2199 nullam
1431 2142 1537 2201 tamen
1561 2135 1637 2200 adeo

444 2243 556 2327 gravis
590 2242 745 2316 mutatio,
782 2241 875 2304 cuius
911 2241 1002 2325 origo
1034 2237 1187 2324 explicari
1219 2243 1349 2305 omnino
1380 2244 1508 2325 nequit,
1544 2242 1640 2307 habet

444 2346 669 2421 πειθανόγκην,
701 2352 733 2410 et
765 2344 863 2430 longe
892 2344 981 2410 aliud
1012 2344 1111 2410 latere
1142 2346 1241 2411 habeo
1272 2349 1564 2432 persuasissimum.
1596 2347 1639 2412 111

444 2453 551 2518 lenius
574 2459 606 2517 et
629 2457 701 2537 apte
726 2453 913 2529 conieceris,
937 2453 971 2515 ni
993 2449 1103 2516 fallor:

513 2560 568 2630 την
591 2557 737 2634 λαμπάδ’
761 2557 900 2634 ἡμμένην
923 2553 1025 2627 ὅπως
1049 2563 1135 2627 τοῖς
1159 2558 1371 2634 πρεμνέοις
1397 2559 1606 2638 προσοέσυ.

448 2665 554 2751 Ligna
585 2684 666 2749 quae
696 2663 779 2728 infra
808 2684 857 2728 uc.
884 2661 949 2726 336
982 2660 1119 2740 στελέχη
1145 2670 1309 2741 vocantur,
1341 2663 1637 2749 110001οπρέμνοι

446 2774 517 2836 sive
541 2770 673 2847 πρέμνια
698 2769 761 2834 dici
785 2775 968 2854 potuerunt.
992 2766 1053 2833 Illo
1077 2790 1109 2834 u.
1134 2789 1160 2833 c.
1184 2771 1289 2834 utitur
1311 2775 1418 2835 noster
1440 2791 1487 2836 vs.
1513 2768 1579 2834 267
1605 2774 1637 2834 et

446 2879 509 2941 Av.
536 2875 612 2952 321,
644 2875 705 2940 hoc
735 2874 832 2939 habet
862 2873 1063 2960 Hesychius:
1096 2876 1292 2951 πρέμνια·
1324 2878 1366 2940 τότ
1390 2876 1495 2956 πόχος
1521 2875 1636 2956 έχοντα

444 2982 548 3058 ξύλα,
581 2982 715 3046 fortasse
747 3002 786 3046 ex
817 2980 877 3046 hoc
899 2983 969 3066 ipso
992 2979 1079 3057 loco,
1103 2987 1142 3045 ut
1165 2982 1285 3057 πρέμνα
1310 2984 1424 3047 citarit
1446 3003 1463 3047 e
1487 3003 1534 3049 vs.
1559 2978 1636 3047 267.

444 3087 532 3153 Olim
552 3090 700 3174 proposui
719 3082 799 3156 ότως
820 3087 950 3167 τάχιστ’
971 3087 1036 3161 ἐμοὶ
1057 3086 1211 3165 παρέξεις,
1233 3088 1287 3153 006
1306 3087 1472 3174 hoclonge
1484 3088 1636 3174 praefero.

492 3305 546 3372 Vs.
571 3305 647 3372 340.

513 3417 550 3482 ὡς
576 3412 646 3489 πυρὶ
671 3415 731 3491 χρη
757 3413 815 3483 τὰς
840 3415 984 3491 μυσαρόος
1009 3420 1213 3491 γυναῖκας
1238 3412 1514 3490 όνόρακεύειν.

448 3520 574 3583 Vitium
602 3519 774 3583 metricum
806 3517 963 3582 facillime
993 3521 1039 3583 sic
1069 3517 1140 3583 tolli
1172 3539 1264 3604 posse
1294 3518 1433 3597 uidetur,
1464 3525 1503 3583 ut
1534 3517 1637 3584 deleto

444 3625 639 3711 glossemate
664 3631 835 3701 γυναῖκας,
860 3625 1058 3709 corrigatur:

513 3732 550 3800 ὡς
575 3730 645 3805 πυρὶ
669 3731 730 3809 χρὴ
756 3729 815 3800 τὰς
839 3729 983 3808 μυσαρὰς
1010 3728 1156 3807 (τάσδε)
1181 3728 1537 3806 κατανόρακεόειν

446 3856 509 3920 quo
543 3835 632 3898 ducit
666 3833 830 3898 Leidensis
858 3833 994 3911 codicis,
1028 3838 1084 3920 qni
1118 3836 1305 3920 saepissime
1339 3834 1497 3899 laboranti
1532 3836 1636 3899 textui

445 3942 611 4017 subvenit,
630 3937 726 4004 lectio
746 3940 1050 4015 adstruxerim.
1073 3940 1110 4004 10
1130 3943 1275 4026 sequenti
1295 3961 1390 4006 versa
1408 3961 1482 4004 cum
1496 3939 1636 4025 Bergkio

441 4045 557 4111 malim
599 4045 659 4123 ἐγὼ
694 4046 1022 4123 <’μ>πιμτραμένας,
1068 4049 1144 4131 quia
1183 4046 1412 4132 Aristophanes
1445 4048 1584 4112 abstinet
1618 4067 1637 4112 0

442 4152 550 4218 verbis
573 4151 775 4238 simplicibus
798 4155 974 4231 πιμπρόναι
999 4159 1032 4218 01
1055 4153 1248 4227 πιμπλοὶναι.

491 4352 545 4418 Vs.
570 4351 646 4418 395.
670 4343 687 4425 ii
712 4353 738 4417 δ’
762 4355 972 4419 ὑποπεπωκυῖ’
996 4357 1012 4428 ἡ
1037 4358 1137 4433 γυνη
1162 4355 1226 4419 trel
1252 4360 1322 4420 τοῦ
1346 4357 1493 4435 τέγους

671 4460 835 4537 ,κόπτεσό
856 4461 1010 4525 ”slew
1034 4460 1140 4540 φησέν.

448 4565 538 4631 Adeo
569 4565 686 4629 durum
718 4573 766 4631 eet
788 4570 923 4654 iungere
947 4568 1044 4633 verba
1067 4568 1163 4647 φησὶν
1187 4567 1237 4631 ἐπὶ
1263 4573 1316 4633 τοῦ
1340 4568 1446 4646 τέγους
1473 4575 1511 4634 01
1532 4590 1636 4635 neces

448 4675 570 4735 sarium
594 4670 731 4735 iudicem
757 4675 916 4758 corrigere
936 4693 1009 4737 cum
1030 4672 1196 4738 Meinelrio
1215 4676 1231 4747 η
1253 4677 1329 4750 γυνη
1351 4676 1367 4748 η
1388 4675 1432 4738 ’τὶ
1453 4679 1506 4737 τοῦ
1526 4676 1634 4752 τέγους

444 4784 503 4841 001
527 4782 731 4863 transponere
756 4781 772 4853 ἡ
798 4781 841 4841 ’πὶ
867 4783 919 4843 τοῦ
944 4778 1050 4856 τέγους
1077 4781 1166 4857 γυνη.
