4525 5950
930 696 972 744 au
996 697 1130 745 usaonu
1154 696 1352 745 innormans.
1462 712 1465 716 >
1671 677 1735 743 345

544 865 579 923 et
604 858 856 946 explicavimus,
885 867 996 947 sponte
1021 861 1142 940 elucet,
1164 862 1273 938 credo,
1296 861 1404 927 locum
1424 862 1508 926 hunc
1528 883 1590 926 non
1609 867 1737 926 tantum

543 968 636 1029 omni
657 968 737 1032 vitio
756 987 878 1045 carere,
900 967 954 1033 aad
974 968 1135 1053 praeclare
1156 971 1257 1034 animi
1275 975 1397 1034 etatum
1413 967 1576 1032 illustrare
1588 971 1737 1046 auctoris,

543 1074 619 1156 qui,
653 1076 803 1158 quoniam
835 1074 997 1140 intellexit
1027 1075 1135 1163 legere
1167 1083 1199 1140 et
1230 1076 1358 1141 studere
1389 1076 1451 1140 eibi
1481 1097 1543 1140 uon
1574 1075 1679 1152 licere,
1704 1096 1737 1140 ee

543 1177 737 1256 consolatur,
769 1179 852 1266 quod
885 1186 933 1245 tot
963 1181 1026 1247 alia
1057 1203 1209 1260 munera,
1241 1203 1340 1268 eaque
1368 1181 1464 1269 longe
1487 1183 1650 1268 graviora,
1675 1181 1736 1245 eibi

544 1285 736 1369 praestanda
759 1289 931 1372 supersint.

594 1391 644 1455 Ad
667 1393 804 1458 eundem
827 1400 937 1459 autem
961 1399 1083 1459 etatum
1108 1397 1207 1459 animi
1230 1398 1368 1460 auctoris
1386 1395 1570 1460 referendus
1589 1402 1638 1460 est
1657 1394 1738 1461 alter

545 1495 654 1576 locus,
686 1498 795 1585 paullo
820 1500 988 1580 difficilior,
1012 1500 1033 1567 l.
1060 1500 1113 1566 IV.
1139 1500 1193 1580 30,
1219 1504 1274 1587 qui
1297 1523 1316 1567 a
1338 1500 1460 1567 Stichio
1483 1503 1528 1566 sic
1552 1501 1674 1567 editur:
1700 1502 1736 1579 „i

544 1606 604 1680 μὶν
633 1607 725 1687 χωρὶς
758 1615 886 1687 χιτῶνος
919 1616 1104 1689 Φιλοσνφεῖ,
1139 1611 1153 1674 θ
1180 1611 1210 1673 δὲ
1234 1610 1326 1689 χωρὶς
1351 1608 1497 1686 βιβλίον·
1523 1607 1618 1679 ἄλλος
1642 1605 1735 1679 οὕτως

544 1713 733 1787 ἦμΙηυμννς.
757 1711 866 1793 ἄρτους
892 1717 944 1779 οὐκ
968 1714 1049 1796 ἔχω,
1075 1717 1170 1793 sanci,
1197 1716 1249 1778 καὶ
1275 1715 1394 1791 ἕμμθνω
1419 1718 1460 1796 τῷ
1485 1716 1580 1793 λόγῳ.
1606 1753 1648 1764 -
1673 1715 1734 1790 ἐγὼ

543 1817 577 1882 δὲ
603 1820 720 1897 τροφὰς
744 1822 802 1890 τὰς
827 1822 860 1883 ἐκ
884 1823 941 1884 τῶν
964 1822 1159 1896 μαθημάτων
1183 1824 1235 1885 οὐκ
1255 1819 1335 1901 ἔχω,
1358 1823 1410 1885 καὶ
1433 1822 1588 1896 ἕμμένω.”
1613 1821 1736 1886 Ultima

544 1924 660 1989 Nauck
683 1923 730 1990 l.l.
755 1947 785 2011 p.
813 1925 832 1990 6
858 1934 1022 2011 tamquam
1044 1927 1208 2013 glossema
1232 1931 1340 2006 eiecit,
1365 1928 1442 1992 haec
1462 1928 1597 1993 addens:
1619 1928 1735 2006 „verba

542 2038 689 2095 extrema
720 2032 792 2108 (ἐγὼ
824 2033 854 2096 δὲ
869 2069 911 2080 -
926 2033 1059 2110 luntre)
1092 2054 1173 2118 quae
1203 2035 1293 2098 uncis
1324 2033 1515 2099 inclusimus
1544 2036 1736 2098 conveniunt

541 2136 738 2223 pauperculo
772 2135 841 2202 ludi
877 2142 1049 2225 magistro,
1085 2142 1143 2224 qui
1177 2160 1210 2203 ee
1243 2141 1391 2224 quamvis
1421 2142 1510 2204 victu
1542 2139 1735 2205 destitutum

542 2243 631 2308 dicat
661 2247 693 2307 in
725 2246 921 2328 optimarum
945 2248 1066 2310 artium
1089 2245 1206 2310 studiis
1228 2266 1448 2331 perseverare:
1473 2266 1551 2309 uum
1575 2267 1649 2311 varo
1672 2247 1735 2310 Au-

542 2352 675 2414 toninue
698 2351 727 2413 ie
750 2356 836 2425 erat,
860 2352 916 2435 qni
940 2353 973 2414 ἐκ
997 2353 1056 2414 τῶν
1079 2351 1273 2426 μαθημάτων
1296 2353 1421 2416 uictum
1445 2348 1651 2437 quaereretl”

590 2454 694 2520 Locus
715 2461 773 2520 aut
796 2459 925 2521 omuino
948 2458 1075 2543 integer
1098 2462 1164 2535 est,
1189 2462 1245 2522 eut
1267 2459 1360 2522 unica
1378 2463 1505 2522 tantum
1524 2476 1623 2542 eaque
1642 2454 1735 2521 lenia

541 2564 626 2626 eima
648 2564 840 2627 correctione
863 2563 998 2650 indiget,
1019 2584 1117 2649 quam
1137 2562 1260 2628 dudum
1280 2564 1493 2629 adhibuerunt
1511 2563 1683 2649 Meuagius
1702 2569 1736 2628 et

542 2666 696 2746 Gataker,
717 2690 774 2754 pro
794 2666 885 2740 οὕτως
907 2670 1080 2736 scribentes
1100 2666 1202 2741 οὗτοςε
1225 2671 1320 2741 ἄλλος
1335 2667 1420 2741 οὗτος
1440 2672 1611 2747 ἡμίγυμνος
1630 2667 1734 2746 ‚alius

540 2777 703 2861 quispiam
727 2776 935 2840 seminudue’'
951 2776 984 2855 ¹).
1017 2776 1086 2856 Qua
1108 2776 1330 2842 emendatione
1352 2783 1494 2862 recepta,
1520 2779 1628 2842 omnia
1650 2785 1733 2842 recte

540 2881 728 2969 procedunt,
749 2881 922 2948 dummodo
941 2882 1031 2949 locus
1049 2883 1110 2949 hoc
1130 2884 1224 2949 modo
1245 2884 1480 2969 distinguatur:
1503 2884 1538 2961 ,,θ
1561 2884 1617 2959 μὶν
1639 2883 1732 2963 guala

541 2996 671 3071 χιτῶνος
685 2998 863 3068 φιλοσοφεῖ,
877 2991 890 3053 ὂ
904 2988 934 3054 δὲ
947 2989 1042 3070 χωρὶς
1054 2991 1194 3067 βιβλίου.
1215 2990 1311 3062 ἄλλος
1326 2987 1409 3061 οὗτος
1425 2991 1595 3067 ἡμίγυμνος
1613 2990 1731 3069 ,ἄρτους

539 3100 596 3161 οὐκ
628 3093 701 3175 ἔχω’
726 3099 805 3174 Φησί
829 3096 891 3174 ,καὶ
918 3096 1039 3171 ε’μμθνω
1064 3099 1105 3178 τῷ
1129 3095 1236 3176 ao'yqo’.
1264 3135 1306 3146 -
1331 3099 1392 3172 ἔνθ)
1417 3096 1448 3159 δὲ
1473 3097 1589 3175 τροφὰς
1614 3098 1672 3169 τὰς
1698 3098 1732 3160 ἐκ

540 3209 600 3268 τῶν
625 3203 817 3276 μαθημάτων
842 3204 893 3266 οὖν
914 3200 995 3281 ἔχω,
1020 3204 1069 3265 καὶ
1092 3203 1249 3279 ἕμμένω.”
1270 3203 1457 3268 Instituitur
1476 3206 1631 3268 nimirum
1651 3226 1733 3269 com-

539 3311 665 3396 paratio
688 3311 774 3373 vitae
799 3306 1011 3395 Cynicorum,
1039 3312 1095 3395 qui
1118 3313 1257 3396 corporis
1281 3310 1498 3376 blandimenta
1515 3316 1730 3389 contemnere,

540 3426 575 3482 et
595 3418 682 3480 vitae
702 3418 856 3490 auctoris,
878 3418 934 3500 qui
953 3418 1053 3479 auimi
1075 3414 1296 3501 voluptatibus
1315 3438 1408 3503 egere
1429 3424 1604 3483 consuerat.
1626 3416 1733 3504 Igitur

538 3520 683 3608 Cynicus
713 3520 955 3606 philosophatur
980 3524 1048 3586 siue
1071 3524 1196 3599 tunica,
1221 3530 1254 3587 at
1277 3523 1352 3587 huic
1374 3522 1659 3609 philosophandum
1683 3529 1733 3588 est

540 3630 632 3706 „sine
654 3627 768 3694 libr0.’'
792 3627 872 3693 Ecce
892 3627 971 3693 alter
991 3625 1131 3715 Cynicus
1152 3630 1337 3694 seminudus
1359 3630 1491 3715 „panis”
1508 3633 1614 3715 inquit
1628 3630 1730 3708 „mihi

536 3756 602 3799 non
622 3740 670 3799 eet
689 3741 721 3799 et
740 3741 847 3799 tamen
868 3737 1024 3800 rationem
1045 3742 1225 3800 constanter
1244 3736 1408 3802 observo.'’
1423 3739 1487 3813 „At
1499 3758 1558 3823 ego
1570 3736 1731 3803 alimentis

536 3838 607 3906 illie
638 3842 755 3915 animi,
787 3861 868 3925 quae
898 3864 937 3907 ax
961 3841 1138 3928 disciplinis
1162 3845 1313 3928 variaque
1338 3843 1479 3908 doctrina
1500 3847 1730 3930 percipiuntur,

536 3967 631 4013 careo
655 3952 688 4011 et
711 3954 817 4013 tamen
840 3952 998 4015 rationem
1021 3949 1186 4015 observo.”

537 4132 736 4143 ,.--—

533 4244 602 4308 μέθη
626 4245 669 4294 nai
690 4244 755 4306 ὀρθὸς
778 4240 812 4294 sl·
837 4245 977 4306 ἀναβιῶναί
998 4262 1037 4294 σοι
1061 4244 1186 4311 1ξνστιν.”
1209 4246 1238 4295 x.
1256 4247 1284 4294 8:
1315 4246 1372 4292 nitu
1391 4239 1432 4293 οὖν
1450 4242 1563 4306 θνατηρῇς
1581 4246 1687 4293 scauros
1703 4242 1728 4294 iv

534 4327 642 4385 τούτοις
659 4330 713 4385 τοῖς
730 4328 847 4389 ὀνόμασι,
862 4328 909 4391 'irs
927 4329 1010 4389 ’θτνρνς
1027 4326 1069 4376 nal
1086 4327 1121 4386 sic
1140 4329 1192 4389 βίον
1209 4325 1341 4390 νῖσιλιθνη
1357 4326 1464 4388 ’θτνρον3’

573 4412 602 4460 V.
621 4412 643 4461 d.
667 4411 778 4462 Britanni
798 4412 946 4461 coniectores
963 4411 1063 4474 cognovi
1081 4427 1109 4459 ex
1127 4411 1190 4459 libro
1208 4411 1271 4459 eius:
1289 4412 1325 4458 Μ.
1343 4410 1454 4458 Aurelius
1471 4409 1607 4458 Antoninus
1624 4414 1649 4458 to
1667 4411 1728 4460 him·

530 4494 588 4545 seli.
613 4498 649 4543 An
668 4494 767 4557 English
783 4494 926 4543 translation
944 4494 1002 4542 with
1020 4495 1186 4557 introductory
1203 4494 1273 4556 stndy
1288 4509 1318 4542 on
1334 4493 1443 4541 Stoicism
1461 4493 1505 4541 sud
1524 4493 1565 4541 the
1581 4493 1627 4543 last
1645 4494 1671 4543 oi
1686 4495 1727 4543 the

531 4578 620 4627 Stoice.
639 4577 745 4626 London.
765 4577 837 4629 leae.

571 4661 594 4722 l)
617 4661 653 4708 Ad
671 4659 815 4708 locutionem
837 4657 916 4716 θλλος
933 4651 1005 4715 οὗτος
1021 4658 1190 4707 illustrendsm
1208 4659 1313 4707 Gstsker
1330 4659 1399 4706 affert
1417 4657 1495 4706 locum
1513 4674 1540 4706 ex
1559 4660 1725 4709 Demosthenis

532 4743 647 4793 orations
669 4742 698 4790 ud
722 4742 839 4791 Midian:
864 4740 943 4798 θλλος
967 4739 1057 4789 οὑτοσί
1077 4759 1117 4799 τις
1141 4738 1249 4798 ἀναιδής.
1267 4741 1344 4793 Possis
1361 4740 1432 4792 etism
1449 4740 1556 4794 conterre
1574 4741 1724 4810 proverbium

534 4826 602 4880 illud
620 4842 648 4876 ss
666 4825 732 4876 Plus,
749 4825 811 4874 Thes
835 4824 880 4880 29:
898 4823 977 4886 ἄλλος
992 4817 1066 4886 οὗτος
1084 4825 1213 4889 Ἡρακλῆς,
