4525 5950
542 671 562 733 8
1014 687 1254 737 nnuosrnnnus.

539 854 713 938 quaeritur.
739 889 781 900 -
805 851 868 917 His
891 851 1014 917 dudum
1038 854 1241 938 perscriptis,
1263 852 1368 918 laetus
1391 854 1460 919 vidi
1481 873 1561 940 quse
1580 851 1731 919 Polacins

537 962 571 1023 in
595 958 727 1023 eandem
750 960 942 1024 sententiam
966 958 1109 1043 disputat
1134 959 1245 1023 Μκοοι.
1273 959 1360 1025 1902
1383 982 1414 1045 p.
1440 959 1516 1025 380.

583 1164 601 1247 ᾗ
622 1162 662 1227 11
688 1185 718 1248 p.
744 1161 797 1227 21.
822 1161 966 1228 Thessali
990 1161 1064 1226 είσίν
1091 1160 1294 1240 ἐψηφισμένοι
1322 1164 1480 1239 Παγασὸς
1504 1164 1653 1226 ἀπαιτεῖν
1677 1163 1729 1226 καί

538 1270 605 1346 περὶ
629 1268 822 1344 Μαγνησίας
846 1267 997 1344 λόγους
1021 1270 1181 1332 ποιεῖσθαι.
1206 1267 1278 1332 Non
1300 1266 1443 1332 multum
1467 1274 1639 1334 curaturus
1661 1274 1731 1333 erat

537 1372 709 1458 Philippus
730 1371 855 1458 legatos
876 1371 1068 1448 ποιουμένους
1092 1371 1204 1450 λόγους
1228 1379 1261 1437 et
1280 1373 1433 1458 probabat
1452 1373 1485 1437 id
1504 1372 1590 1458 quod
1610 1372 1730 1438 sciolus

536 1477 706 1563 aliquando
738 1477 904 1543 adnotavit
931 1477 970 1542 ad
994 1475 1136 1562 Philipp.
1160 1476 1273 1562 1549
1298 1499 1329 1562 p.
1355 1476 1415 1542 54:
1441 1477 1640 1551 οἱνοοτότατιι
1664 1478 1730 1557 γοίο

535 1585 610 1649 είσιν
640 1585 666 1648 οί
697 1588 936 1660 λογοποιοῦντες.
969 1582 1131 1660 Thessali,
1165 1586 1215 1648 uti
1245 1586 1399 1669 suspicor,
1422 1586 1582 1649 iusserant
1603 1581 1731 1670 legatos

536 1711 643 1756 eoram
666 1709 742 1775 rege
765 1711 827 1755 non
851 1689 961 1765 λόγους
988 1689 1139 1753 ποιεῖσθαι
1163 1689 1218 1753 sed
1242 1690 1257 1752 ἕ
1265 1689 1309 1753 λέ
1317 1714 1338 1766 γ
1349 1712 1457 1771 χους.
1484 1689 1532 1756 Of.
1558 1710 1630 1755 Μ.
1656 1690 1733 1755 Phi·

535 1795 613 1882 lipp.
638 1796 654 1862 Ι
677 1794 750 1881 §15
775 1818 806 1881 p.
831 1794 891 1860 44:
916 1796 950 1861 τό
975 1795 1007 1860 δὲ
1031 1798 1169 1874 πρᾶγμα
1195 1795 1248 1869 ἤδη
1274 1797 1325 1859 τὸν
1348 1796 1484 1877 ἔλεγχον
1508 1795 1604 1861 δύσει.

581 2012 663 2097 §14
694 2036 727 2099 p.
751 2012 813 2079 22:
848 2008 915 2078 ίποι
946 2038 993 2084 τις
1025 2014 1063 2079 ίον
1095 2015 1205 2094 sporta
1239 2014 1295 2078 κᾶν
1328 2014 1439 2089 μικρὰν
1471 2013 1600 2090 δύναμιν
1633 2014 1729 2078 πάντ’

534 2120 708 2198 ὠφελεῖ,
730 2120 810 2192 αύτίο
831 2119 862 2183 δὲ
884 2118 954 2185 καό’
976 2121 1072 2194 αὑτὴν
1092 2121 1220 2193 οίσόενίςς
1241 2120 1292 2182 καί
1314 2126 1435 2183 πολλῶν
1455 2127 1555 2184 κακῶν
1576 2120 1621 2188 ἔτι
1634 2124 1729 2196 aresi.

536 2223 663 2289 Horum
698 2225 870 2290 verborum
905 2227 1062 2290 sententia
1096 2226 1232 2290 minime
1266 2225 1400 2290 obscura
1434 2231 1500 2290 est:
1540 2225 1731 2292 Macedonia

534 2349 690 2415 magnum
714 2330 803 2395 affert
826 2338 996 2395 momentum
1021 2330 1246 2396 Thessalorum
1265 2331 1360 2395 rebus
1379 2333 1570 2416 cuicumque
1588 2334 1674 2416 parti
1695 2353 1729 2397 se

533 2435 744 2520 applicuerit,
775 2436 830 2501 sed
852 2439 922 2522 ipsa
945 2457 1001 2523 per
1023 2457 1057 2501 se
1079 2435 1193 2501 debilis
1216 2442 1264 2500 est
1287 2441 1320 2501 et
1341 2436 1485 2516 infirma;
1511 2457 1625 2503 verum
1649 2437 1729 2521 quid

537 2547 585 2606 est
608 2538 745 2621 ὠφελεῖί
768 2541 865 2607 Haud
889 2563 1004 2628 parum
1028 2541 1147 2608 melius
1169 2540 1368 2628 intelligam:
1394 2542 1574 2621 ἕφίλκει.

581 2762 598 2844 §
622 2759 664 2825 16
687 2781 718 2844 p.
742 2759 801 2825 22:
835 2760 893 2825 οὔθ’
918 2756 962 2825 ὅτ’
988 2760 1026 2824 ίον
1048 2761 1270 2834 ποιήσουσιν
1295 2759 1386 2832 οὕτως
1412 2755 1492 2830 ίπιος
1516 2757 1554 2823 im
1579 2760 1727 2825 δύνωνται

534 2868 625 2928 ταῦτ’
650 2862 776 2946 ἔχοντες
801 2864 964 2930 διαόὲοόαι.
993 2865 1144 2930 Reiskius
1166 2864 1274 2931 locum
1298 2866 1474 2930 rectissime
1496 2867 1729 2950 interpretatus

534 2977 583 3035 est
613 2976 645 3035 et
676 2977 783 3035 tamen
815 2969 917 3036 malo:
943 2966 987 3034 ὅτ’
1011 2970 1049 3035 όν
1073 2975 1320 3045 πωλήσωσιν.
1346 2971 1430 3051 Quas
1453 2993 1573 3037 merces
1597 2971 1728 3037 venales

534 3075 669 3153 habent,
693 3097 746 3141 eas
769 3076 937 3141 extrudere
957 3081 1129 3161 nequeunt.
1154 3076 1319 3142 Sententia
1338 3082 1411 3142 ante
1431 3077 1525 3163 pedes
1544 3083 1592 3143 est
1610 3080 1727 3163 posita.

580 3293 662 3379 §19
695 3316 725 3380 p.
757 3293 817 3360 23:
857 3295 982 3373 λος-διο
1020 3294 1071 3358 καί
1105 3293 1244 3366 κόλακας
1276 3295 1327 3360 καί
1361 3295 1511 3365 τοιούτους
1544 3295 1727 3374 ἀνθρώπους.

534 3399 709 3485 Vulgatam
740 3400 910 3466 lectionem
942 3406 1052 3465 tuetur
1075 3398 1215 3466 (lebetas
1239 3400 1371 3466 Mmmll.
1396 3424 1426 3487 p.
1451 3399 1535 3479 4533
1560 3422 1617 3465 cur
1640 3405 1729 3486 equi·

534 3505 607 3570 dem
642 3505 817 3590 praeferam
853 3506 1084 3583 πυλαῖςοίς,
1126 3506 1213 3571 haud
1246 3508 1403 3572 incuriose
1438 3506 1601 3573 ostendere
1635 3506 1728 3572 volui

534 3612 644 3676 Μινοιιο.
673 3610 760 3676 1900
784 3634 815 3697 p.
844 3608 918 3676 137.

579 3811 656 3897 §21
691 3836 722 3898 p.
746 3813 808 3877 24:
842 3812 899 3877 κίον
930 3817 1038 3892 ῥῆγμα
1072 3815 1127 3882 κόν
1159 3813 1285 3891 τρίμμα
1307 3813 1364 3878 κίον
1388 3813 1468 3878 ἄλλο
1492 3839 1521 3878 τι
1546 3821 1604 3878 τῶν
1629 3815 1726 3892 ὑπαρ-

534 3920 651 3999 χόντων
675 3921 817 3998 σαόοόν
842 3915 869 3999 ᾖ.
893 3919 965 3984 Non
989 3926 1108 4004 exputo
1132 3941 1190 3985 cur
1212 3919 1354 3985 Blassius
1377 3940 1450 3985 eum
1470 3941 1517 4005 pr.
1531 3942 1574 3984 m.
1597 3918 1726 3986 Codicis

535 4025 673 4088 Parisini
695 4025 748 4088 hic
771 4026 883 4104 ταόρῶν
908 4025 999 4090 edere
1021 4024 1184 4091 maluerit.

577 4240 658 4325 §28
689 4264 720 4327 p.
745 4240 806 4306 26:
839 4243 916 4313 τίνος
942 4244 1004 4321 rep
1029 4241 1117 4307 ἕνεκα
1143 4243 1282 4321 νομίζετε
1306 4248 1409 4306 τοῦτον
1434 4246 1491 4318 μὲν
1516 4243 1647 4321 φεύγειν
1671 4244 1724 4307 τὸν

533 4346 667 4417 πόλεμον
691 4346 813 4419 πόντιος
837 4345 923 4419 ὅσους
948 4347 986 4413 ίον
1010 4346 1195 4428 ἐκπέμψητε
1214 4351 1406 4426 ςοατνγούο,
1427 4348 1516 4419 ίδίους
1539 4349 1564 4412 δ’
1577 4349 1724 4428 εὑρίσκειν

532 4452 737 4526 πολέμους
855 4474 880 4532 .;
912 4450 958 4516 ότι
982 4455 1112 4518 ε’νταῦόα
1139 4456 1195 4528 μέν
1221 4455 1265 4521 let
1291 4454 1333 4518 τα
1356 4450 1439 4518 ἇόλα
1464 4453 1617 4533 ὑμέτερα,
1642 4456 1667 4520 οἱ
1690 4455 1722 4519 δὲ

532 4557 656 4622 κίνδυνοι
687 4564 744 4621 τῶν
776 4556 970 4637 ἕφεςκκότοιν
1001 4558 1084 4637 ίδιοι,
1117 4561 1182 4623 ἐκεῖ
1202 4560 1233 4624 δὲ
1257 4561 1380 4624 κίνδυνοι
1406 4562 1464 4636 μὲν
1488 4560 1654 4638 ἐλάττους,
1678 4562 1723 4625 τοὶ

533 4660 564 4724 δὲ
596 4663 753 4736 λήμματα
785 4666 844 4730 τῶν
876 4663 1079 4741 ἐφεςκκότυν.
1103 4663 1190 4744 Quae
1213 4668 1369 4744 λήμματος
1394 4666 1446 4731 hic
1469 4664 1723 4751 intelliguntur?

530 4766 713 4853 Explicavit
735 4771 803 4854 ipse
822 4768 1070 4836 Demosthenes:
1090 4778 1167 4836 sunt
1186 4771 1385 4852 Λάμψακος,
1408 4772 1540 4849 Σίγειον,
1561 4773 1602 4836 τόν
1624 4782 1722 4837 πλοῖα
