4525 5950
541 670 606 736 346
923 691 966 738 ru
990 690 1123 739 11111111
1147 691 1345 739 1111111111.

584 851 678 918 Vides
711 874 807 938 quam
842 856 920 920 bene
952 857 1029 920 baec
1060 858 1092 919 in
1117 856 1316 921 Antoninum
1347 859 1537 922 conveniant
1560 862 1593 922 11
1615 859 1649 921 11
1673 876 1726 933 aa,

537 980 617 1044 quae
649 982 745 1045 snpra
769 961 807 1026 de
830 962 946 1027 studiis
968 964 1158 1047 interruptis
1182 983 1221 1027 ex
1246 959 1494 1028 Commentariis
1517 962 1726 1049 collegimus,

538 1087 697 1152 quamque
728 1070 891 1134 immerito
923 1068 1001 1134 haec
1031 1090 1049 1133 1
1079 1067 1225 1134 Nauchio
1258 1076 1423 1154 tamquam
1456 1069 1565 1135 Marco
1595 1069 1728 1156 indigna

537 1174 725 1239 abiciantur.
757 1174 823 1239 Nec
852 1198 913 1240 non
945 1178 1165 1261 persentiscis,
1197 1178 1318 1261 opinor,
1352 1175 1617 1254 amaritudinem,
1648 1196 1726 1261 quae

537 1282 620 1346 inest
649 1283 683 1344 in
715 1282 820 1346 verbis
853 1279 996 1359 ultimis,
1028 1302 1108 1366 quae
1139 1284 1173 1345 in
1204 1279 1364 1368 Cynicum
1397 1281 1583 1369 frugalitate
1606 1301 1666 1346 sue
1695 1286 1726 1346 et

536 1390 690 1472 patientia
725 1391 864 1473 corporis
897 1387 1035 1466 elatum,
1068 1394 1261 1475 regeruntur
1291 1391 1330 1453 ab
1360 1410 1413 1467 eo,
1439 1391 1495 1475 qui
1518 1387 1617 1453 aliam
1641 1408 1725 1452 eam·

538 1514 598 1577 que
621 1493 717 1581 longe
740 1497 922 1581 graviorem
946 1501 1186 1580 paupertatem,
1212 1515 1255 1559 sc.
1278 1497 1379 1560 animi
1400 1502 1435 1560 11
1457 1499 1542 1560 vitae
1565 1497 1727 1572 internae,

538 1602 633 1664 tacite
656 1605 689 1664 et
712 1603 779 1666 sine
804 1603 1016 1667 ostentatione
1037 1601 1175 1685 perferre
1199 1600 1361 1666 didicerat.

583 1705 671 1771 Haec
695 1707 732 1772 de
757 1710 912 1773 Antonini
936 1711 1088 1794 primaria
1111 1707 1227 1773 indole.
1252 1707 1371 1788 Quodsi
1393 1711 1466 1793 quis
1489 1729 1542 1787 ea,
1567 1729 1649 1794 quae
1670 1708 1729 1773 dis

536 1815 711 1890 seruimus,
746 1815 885 1879 breviter
912 1813 1081 1899 complecti
1104 1817 1231 1899 cupiet,
1256 1819 1287 1878 11
1311 1812 1409 1878 simul
1433 1818 1540 1879 animo
1565 1817 1727 1900 concipere

536 1940 572 1983 ac
603 1922 731 2003 sentire,
763 1941 860 2005 quam
883 1924 1010 2006 penitus
1033 1923 1207 2006 imperator
1230 1920 1282 1985 hic
1305 1920 1414 1985 literas
1437 1927 1469 1986 et
1491 1919 1726 2007 philosophiam

537 2025 702 2102 dilexerit,
735 2026 878 2114 perlegat
908 2027 929 2092 1.
953 2027 1038 2094 Vlll.
1066 2028 1083 2091 l
1117 2026 1170 2093 vel
1201 2026 1270 2092 Vll.
1297 2025 1339 2092 67
1371 2028 1431 2092 snb
1455 2027 1526 2093 tine.
1560 2027 1726 2112 Nusquam

537 2135 623 2197 euim
653 2136 794 2217 apertius
818 2132 871 2199 vel
894 2133 1000 2200 dolore
1023 2136 1128 2220 magis
1152 2136 1322 2219 conspicuo
1345 2143 1455 2199 auctor
1479 2131 1727 2201 Commentario

538 2260 612 2303 rum
630 2242 745 2304 statuit
767 2261 822 2317 „se
844 2243 910 2305 iam
934 2240 1098 2326 desperare
1121 2240 1205 2317 fore,
1231 2247 1267 2304 ut
1290 2261 1443 2325 umquam
1468 2238 1652 2307 dialecticae
1676 2239 1728 2306 111

536 2345 688 2430 physicae
719 2349 796 2410 satis
827 2349 950 2433 peritus
981 2349 1147 2430 existeret,
1181 2346 1232 2410 vol
1256 2353 1293 2410 ut
1316 2367 1430 2413 nomen
1453 2346 1637 2433 philosophi
1660 2350 1727 2413 1111

538 2454 621 2517 tueri
652 2453 799 2538 posset,”
835 2474 993 2539 nusquam
1028 2452 1144 2518 clarius
1177 2451 1358 2518 illustratur
1390 2452 1490 2518 illud:
1525 2451 1638 2530 „Felix
1672 2456 1727 2538 qui

537 2561 643 2645 potnit
770 2560 950 2626 fortunatus
974 2568 1006 2626 et
1028 2560 1084 2626 ille
1094 2560 1125 2637 ,''
1151 2565 1301 2646 etqseqq,
1326 2560 1496 2626 consolatio
1521 2560 1579 2625 1111
1603 2564 1727 2646 poetice

537 2669 623 2743 eius,
644 2668 701 2752 qui
720 2666 886 2733 nobilitate
906 2666 1124 2752 philosophiae
1147 2674 1309 2752 perspecta
1328 2667 1444 2732 studiis
1467 2666 1533 2732 illis
1558 2666 1727 2753 praeclaris

537 2772 679 2838 sufficere
710 2795 743 2838 se
773 2795 883 2860 posse,
916 2777 984 2840 eive
1015 2782 1142 2859 propter
1171 2776 1295 2859 ingenii
1326 2773 1525 2839 debilitatem
1556 2776 1625 2839 sive
1650 2783 1727 2839 tem·

536 2880 666 2964 poribus
697 2881 912 2957 obstantibus,
945 2880 1091 2965 desperat
1114 2884 1147 2944 et
1171 2879 1316 2957 tandem,
1341 2882 1448 2945 missis
1469 2882 1533 2944 iam
1558 2882 1617 2957 iis,
1644 2900 1724 2965 quae

536 3007 662 3072 sperare
684 2987 786 3067 nefas,
810 2990 964 3054 concessis
987 2990 1037 3052 uti
1061 3008 1169 3052 secum
1192 2986 1340 3053 destinat.

1115 3410 1155 3476 ll.

578 3632 688 3696 Fuisse
719 3630 867 3696 Marcum
898 3632 1064 3695 homiuem
1095 3631 1258 3696 eruditum
1289 3628 1449 3695 declarant
1475 3632 1573 3695 etiam
1597 3630 1661 3697 loci
1687 3654 1725 3699 ex

532 3738 604 3804 aliis
626 3740 833 3823 scriptoribus
857 3740 960 3822 petiti,
985 3740 1043 3821 qui
1066 3740 1187 3822 passim
1210 3740 1243 3801 in
1267 3734 1514 3803 Commentariis
1538 3741 1727 3826 interspersi

531 3848 749 3910 inveniuntur.
787 3843 871 3923 Quos
904 3851 1067 3909 auctorem
1099 3842 1243 3908 laudasse
1274 3851 1405 3929 apparet
1437 3851 1601 3930 tamquam
1633 3867 1726 3912 suam

536 3953 637 4036 ipsius
667 3954 859 4015 sententiam
892 3951 1008 4014 eximie
1039 3949 1209 4015 referentes
1241 3948 1293 4015 vel
1324 3971 1360 4015 eo
1383 3949 1534 4029 consilio,
1558 3961 1596 4016 ut
1618 3952 1728 4039 dispu-

537 4060 691 4122 tationem
722 4078 761 4121 ex
791 4055 859 4120 loco
889 4055 996 4139 aliquo
1027 4055 1155 4121 aliunde
1187 4063 1261 4121 noto
1291 4059 1479 4134 instituens,
1510 4057 1582 4123 dein
1605 4059 1645 4124 de
1669 4082 1728 4125 suo

538 4162 665 4227 adderet
693 4161 860 4240 nonnulla,
891 4163 1063 4227 verborum
1095 4165 1267 4228 citatorum
1298 4184 1427 4228 sensum
1451 4171 1585 4251 augeret
1606 4171 1640 4230 et·
1663 4187 1730 4231 am·

537 4268 708 4356 plificaret,
733 4269 896 4334 interdum
920 4271 1093 4355 corrigeret
1117 4272 1216 4334 etiam
1240 4269 1292 4335 vel
1315 4270 1354 4334 ad
1377 4269 1569 4355 placitorum
1592 4292 1728 4338 suorum

537 4398 683 4442 normam
707 4376 875 4463 redigeret.
901 4375 962 4455 Qui
986 4375 1049 4440 loci
1073 4384 1106 4440 et
1130 4398 1263 4442 numere
1287 4379 1364 4441 satis
1388 4376 1486 4442 multi
1509 4385 1542 4442 et
1564 4398 1605 4443 ex
1628 4383 1729 4445 variis

537 4484 743 4567 scriptoribus
768 4484 921 4557 arcessiti,
947 4483 1085 4545 auctoris
1109 4482 1192 4545 baud
1215 4482 1409 4547 mediocrem
1429 4483 1527 4548 fuisse
1548 4484 1728 4550 doctrinam

538 4589 619 4654 clare
650 4590 801 4654 indicant.
834 4588 941 4652 Homo
972 4597 1082 4653 autem
1106 4609 1180 4653 vere
1204 4586 1350 4675 elegans,
1375 4592 1428 4654 cui
1451 4610 1513 4653 non
1536 4590 1728 4657 eruditionis

537 4699 642 4780 copias
666 4703 822 4760 ostentare
845 4697 878 4758 in
902 4696 1008 4758 animo
1032 4701 1131 4772 esset,
1157 4694 1210 4759 sed
1234 4698 1423 4760 sententiam
1448 4716 1540 4761 suam
1562 4718 1673 4763 ornare
1695 4707 1729 4764 et

537 4825 574 4870 11
598 4803 819 4868 tantummodo
843 4803 1013 4886 respicere,
1040 4823 1120 4887 quae
1144 4803 1292 4867 omnibns
1314 4802 1458 4868 cultioris
1482 4806 1605 4891 ingenii
1625 4805 1726 4872 homi-
