4525 5950
641 673 707 740 266
1113 692 1361 741 surerorrrsnrs.

688 856 741 921 Vs.
768 856 843 922 398.
869 861 1026 922 τοιαῦτ’
1052 861 1117 922 ἀπ’
1142 860 1240 923 αὐτῶν
1266 859 1348 922 ἐστιν
1371 859 1668 934 declamarem.

640 962 819 1027 Videndum
843 970 891 1028 est
914 984 1016 1029 annon
1040 963 1165 1029 defendi
1189 971 1285 1049 queat
1307 964 1501 1029 Ravenmtis
1524 964 1624 1031 lectio
1649 965 1769 1029 τοιοῦθ’
1790 965 1836 1027 ὑπ’

642 1070 741 1132 αὐτῶν
772 1070 835 1134 κτέ.
861 1095 900 1119 =
924 1073 1041 1134 τοιοῦτ’
1068 1071 1119 1132 ὑπ’
1144 1071 1244 1134 αὐτῶν
1269 1071 1549 1147 instauraturus,
1574 1078 1614 1136 ut
1640 1073 1768 1155 passim
1793 1091 1840 1134 no·

640 1176 728 1238 mina
759 1174 900 1240 verbalia
931 1197 1042 1261 graece
1074 1183 1209 1240 sumunt
1231 1177 1421 1254 verborum,
1449 1177 1529 1241 unde
1553 1177 1737 1250 ducuntur.
1764 1179 1841 1262 regi

639 1282 736 1344 mina.
772 1280 856 1345 Nam
887 1284 938 1345 sin
969 1285 1091 1359 minus,
1128 1285 1396 1367 praepositionem
1426 1303 1555 1367 prorsus
1586 1285 1753 1347 omissam
1777 1302 1840 1347 esse

638 1391 830 1470 expectares.
858 1387 968 1452 Lectio
995 1388 1062 1452 cod.
1090 1386 1253 1453 Leidensis
1281 1394 1398 1452 τοιοῦτ’
1423 1392 1479 1453 ἀπ’
1504 1390 1606 1452 αὐτῶν
1631 1388 1734 1453 facile
1760 1391 1841 1453 nasci

640 1494 748 1578 potuit
772 1512 810 1557 ex
834 1491 933 1557 simili
956 1494 1049 1558 initio
1074 1514 1121 1557 rs.
1147 1491 1223 1557 406.

688 1710 739 1776 Vs.
765 1710 831 1776 416
844 1732 889 1796 sq.
914 1710 950 1775 ln
972 1711 1176 1777 adnotatione
1200 1715 1310 1778 critica
1333 1714 1444 1779 scribit
1467 1712 1650 1778 vLeeuwen
1673 1708 1846 1790 „aaaron

641 1816 700 1880 διον
725 1822 773 1881 est
796 1817 922 1895 ωοοίὶνν,
946 1803 1142 1882 terrenitas
1168 1839 1243 1883 vero
1262 1818 1443 1899 dipitctasffi
1467 1819 1537 1884 Hoc
1557 1839 1633 1884 sane
1655 1818 1759 1886 docet
1780 1842 1845 1885 aaa

640 1921 745 2008 logia,
783 1944 840 1988 neo
876 1924 968 1988 video
1004 1946 1067 2009 quo
1103 1931 1196 2009 pacto
1229 1924 1348 1988 aaran
1382 1925 1477 1990 aliter
1510 1946 1626 2010 graece
1663 1926 1845 2011 significari

640 2031 798 2114 potuerit,
824 2038 1069 2095 verumtamen
1093 2051 1270 2116 nusquam,
1295 2032 1379 2115 quod
1403 2034 1520 2109 sciam,
1544 2052 1650 2115 neque
1673 2034 1713 2096 in
1741 2032 1844 2097 titulis

641 2155 743 2219 neque
772 2137 807 2199 in
839 2139 970 2222 papyris
999 2137 1058 2201 hoo
1088 2136 1327 2201 deminutivum
1360 2139 1516 2221 scriptum
1547 2143 1651 2201 extat.
1676 2136 1773 2217 Quin
1797 2136 1846 2203 ali·

642 2242 767 2326 quaudo
802 2262 840 2306 ex
875 2242 1138 2327 inscriptionibus
1173 2249 1229 2307 aut
1264 2264 1281 2307 e
1310 2245 1442 2329 papyris
1472 2243 1684 2328 proditurum
1721 2247 1768 2309 sit
1796 2247 1844 2308 rix

641 2344 764 2410 dubito.

690 2564 741 2631 Vs.
767 2564 844 2630 424.
1252 2565 1327 2647 Φέρε
1351 2567 1420 2637 τοὺς
1445 2567 1605 2646 μοχλούς,

847 2670 925 2742 ὅπως
951 2670 990 2737 δον
1013 2672 1112 2743 adroic
1138 2679 1192 2746 τῆς
1218 2670 1332 2751 ὕβρεως
1357 2674 1417 2750 ayt
1441 2673 1581 2752 σχέθω.

640 2774 845 2842 sublimioris
869 2778 1016 2843 dictionis
1040 2785 1088 2843 est
1110 2778 1231 2858 σχέθω,
1256 2799 1336 2863 quae
1360 2780 1462 2843 forma
1480 2780 1590 2843 aoristi
1610 2781 1763 2859 (σχεθεῖν
1776 2788 1844 2858 etc.)

641 2885 761 2968 passim
796 2884 881 2969 apud
917 2886 1074 2970 tragicos,
1110 2904 1269 2970 nusquam
1299 2883 1377 2950 alibi
1407 2887 1441 2948 in
1472 2884 1638 2949 comoedia
1671 2894 1739 2950 aut
1764 2886 1843 2972 apud

641 2992 810 3073 scriptores
832 2990 991 3075 pedestres
1015 2994 1163 3056 occurrit.
1187 2990 1346 3056 Probulus
1368 2995 1471 3077 igitur
1493 2994 1731 3057 auctoritatem
1756 3015 1841 3059 suam

642 3094 805 3160 vindicans
828 3095 1140 3182 grandiloquentiam
1165 3097 1308 3162 affectare
1331 3097 1468 3161 ridetur.

687 3297 738 3363 Vs.
764 3297 840 3363 449.
865 3296 942 3375 οἷμον
968 3300 1174 3374 κακοδαίμων.
1200 3299 1392 3363 ἐπιλέλοιπεν
1418 3300 1455 3378 (ὃ
1478 3300 1648 3377 στρατός).

640 3403 840 3470 Felicissime
870 3426 923 3469 me
946 3404 1051 3469 iudice
1074 3405 1205 3470 editoris
1228 3408 1408 3469 coniectura
1432 3426 1488 3490 pro
1513 3406 1693 3483 ἐπιλέλοιφ’
1723 3408 1737 3469 ὂ
1764 3408 1841 3482 roit-

641 3534 713 3585 τνο,
735 3532 832 3595 quam
851 3510 1007 3576 librorum
1027 3513 1219 3595 scripturam
1239 3510 1410 3597 glossatori
1428 3511 1533 3576 deberi
1554 3510 1733 3578 intellexit.
1760 3515 1840 3579 Nam

641 3616 806 3682 collective
838 3617 969 3701 quidem
998 3616 1115 3681 dieitur
1148 3620 1164 3690 si
1197 3614 1306 3691 ἵππος,
1340 3619 1356 3689 ἡ
1389 3619 1483 3685 ἀσπίς
1515 3615 1707 3702 similiaque
1734 3643 1793 3706 pro
1816 3622 1839 3684 ei

640 3725 758 3805 ἱππῆς,
792 3725 817 3787 cl
851 3725 979 3789 ὁπλῖται
1011 3731 1081 3800 eto,
1106 3723 1224 3788 dieitur
1247 3727 1344 3789 etiam
1368 3726 1402 3787 τὸ
1427 3724 1561 3800 ἱππικόν,
1584 3725 1620 3788 τὸ
1645 3725 1784 3804 τοξικόν,
1809 3728 1839 3790 τὸ

640 3829 796 3894 ὁπλιτικόν
821 3836 892 3905 eto,
921 3829 976 3894 sed
999 3829 1145 3895 inaudita
1169 3838 1245 3894 sunt
1267 3830 1280 3892 t
1305 3831 1436 3907 ἱππεύς,
1462 3830 1475 3893 ὁ
1500 3828 1638 3905 τοξότης,
1665 3832 1680 3894 ὃ
1708 3834 1839 3905 ὁπλίτης

640 3957 697 4020 pro
727 3956 859 3999 numero
890 3934 1018 4020 plurali.
1050 3935 1093 3999 Et
1124 3936 1331 4000 festivissime
1362 3937 1519 3999 exercitum
1549 3935 1716 4019 probulus
1751 3947 1841 4005 vocat

641 4062 759 4127 paucos
783 4063 856 4106 suos
880 4043 1074 4127 sagittarios.

690 4250 741 4316 Vs.
769 4249 845 4314 516.
869 4250 963 4315 Prob.
988 4250 1046 4313 κᾶν
1068 4249 1198 4331 ᾤμωξοὶς
1222 4254 1267 4328 γ’,
1292 4253 1317 4315 εἰ
1341 4253 1384 4327 μὴ
1410 4250 1525 4327 ὀἴνοιο

1033 4355 1110 4442 Lys.
1135 4358 1244 4435 rclycp
1269 4357 1364 4433 ἔγωγ’
1389 4355 1470 4420 ἔνδον
1494 4357 1652 4432 ἐσίγων.

642 4461 783 4526 Adnotat
806 4460 908 4526 editor
934 4460 1091 4538 „Brerius
1114 4462 1238 4525 dictum
1262 4468 1310 4527 est
1336 4461 1434 4539 ,ἔνδον
1460 4462 1590 4539 ἐτίγων”
1618 4485 1677 4548 pro
1708 4469 1842 4546 ,ἐσίγων

643 4568 694 4629 καὶ
722 4566 800 4630 ἔνδον
824 4566 960 4642 ἔμενον”.

687 4673 863 4737 Dissentire
887 4672 991 4738 liceat.
1024 4672 1202 4758 Lysistrata
1225 4672 1332 4738 dicens
1356 4674 1436 4738 domi
1459 4675 1587 4738 tacebam
1610 4676 1742 4743 indicat
1769 4679 1842 4757 „sed

638 4779 715 4843 foris
738 4780 836 4843 libere
859 4778 1029 4864 eloquebar
1053 4799 1134 4864 quae
1157 4778 1343 4844 sentirem”.
