<?xml version="1.0" encoding="UTF-8"?>
<!DOCTYPE html PUBLIC "-//W3C//DTD XHTML 1.0 Transitional//EN"
    "http://www.w3.org/TR/xhtml1/DTD/xhtml1-transitional.dtd">
<html xmlns="http://www.w3.org/1999/xhtml" xml:lang="en" lang="en">
 <head>
  <title>
</title>
<meta http-equiv="Content-Type" content="text/html;charset=utf-8" />
  <meta name='ocr-system' content='tesseract 3.04.00' />
  <meta name='ocr-capabilities' content='ocr_page ocr_carea ocr_par ocr_line ocrx_word'/>
</head>
<body>
  <div class='ocr_page' id='page_1' title='image "./mnemosyne07verdgoog_0158.png"; bbox 0 0 4525 5950; ppageno 0'>
   <div class='ocr_carea' id='block_1_1' title="bbox 955 661 1626 728">
    <p class='ocr_par' dir='ltr' id='par_1_1' title="bbox 955 661 1626 728">
     <span class='ocr_line' id='line_1_1' title="bbox 955 661 1626 728; baseline -0.003 -2"><span class='ocrx_word' id='word_1_1' title='bbox 955 679 1107 728; x_wconf 81' lang='lat' dir='ltr'>rasurus.</span> <span class='ocrx_word' id='word_1_2' title='bbox 1565 661 1626 726; x_wconf 88' lang='lat'><strong>141</strong></span> 
     </span>
    </p>
   </div>
   <div class='ocr_carea' id='block_1_2' title="bbox 431 842 1635 3580">
    <p class='ocr_par' dir='ltr' id='par_1_2' title="bbox 433 842 1635 1142">
     <span class='ocr_line' id='line_1_2' title="bbox 438 842 1635 931; baseline 0.003 -24"><span class='ocrx_word' id='word_1_3' title='bbox 438 849 514 907; x_wconf 92' lang='lat' dir='ltr'><strong>tum</strong></span> <span class='ocrx_word' id='word_1_4' title='bbox 535 842 691 929; x_wconf 78' lang='lat' dir='ltr'>languide</span> <span class='ocrx_word' id='word_1_5' title='bbox 710 845 859 927; x_wconf 79' lang='lat' dir='ltr'>repetitio</span> <span class='ocrx_word' id='word_1_6' title='bbox 879 845 1111 928; x_wconf 88' lang='lat' dir='ltr'>praecedentis,</span> <span class='ocrx_word' id='word_1_7' title='bbox 1132 845 1187 910; x_wconf 90' lang='lat' dir='ltr'><strong>sed</strong></span> <span class='ocrx_word' id='word_1_8' title='bbox 1207 849 1312 931; x_wconf 80' lang='lat' dir='ltr'>magis</span> <span class='ocrx_word' id='word_1_9' title='bbox 1327 849 1424 910; x_wconf 84' lang='lat' dir='ltr'>etiem</span> <span class='ocrx_word' id='word_1_10' title='bbox 1442 848 1635 911; x_wconf 78' lang='lat' dir='ltr'><strong>constructio</strong></span> 
     </span>
     <span class='ocr_line' id='line_1_3' title="bbox 433 950 1632 1037; baseline 0 -21"><span class='ocrx_word' id='word_1_11' title='bbox 433 954 644 1028; x_wconf 82' lang='lat' dir='ltr'>inconcinna,</span> <span class='ocrx_word' id='word_1_12' title='bbox 666 972 739 1015; x_wconf 92' lang='lat' dir='ltr'>cum</span> <span class='ocrx_word' id='word_1_13' title='bbox 760 950 962 1037; x_wconf 82' lang='lat' dir='ltr'>flagitaretur</span> <span class='ocrx_word' id='word_1_14' title='bbox 981 951 1079 1036; x_wconf 91' lang='lat' dir='ltr'>quid</span> <span class='ocrx_word' id='word_1_15' title='bbox 1103 952 1236 1016; x_wconf 86' lang='lat' dir='ltr'>iacies</span> <span class='ocrx_word' id='word_1_16' title='bbox 1256 955 1355 1029; x_wconf 90' lang='lat' dir='ltr'>scis,</span> <span class='ocrx_word' id='word_1_17' title='bbox 1375 955 1466 1016; x_wconf 92' lang='lat' dir='ltr'>utin</span> <span class='ocrx_word' id='word_1_18' title='bbox 1484 953 1632 1018; x_wconf 80' lang='lat' dir='ltr'>versibus</span> 
     </span>
     <span class='ocr_line' id='line_1_4' title="bbox 434 1060 684 1142; baseline -0.008 -20"><span class='ocrx_word' id='word_1_19' title='bbox 434 1060 684 1142; x_wconf 80' lang='lat' dir='ltr'>circumpositis.</span> 
     </span>
    </p>

    <p class='ocr_par' dir='ltr' id='par_1_3' title="bbox 433 1161 1633 1778">
     <span class='ocr_line' id='line_1_5' title="bbox 481 1161 1627 1249; baseline 0.003 -24"><span class='ocrx_word' id='word_1_20' title='bbox 481 1163 581 1227; x_wconf 90' lang='lat' dir='ltr'>Porro</span> <span class='ocrx_word' id='word_1_21' title='bbox 613 1184 660 1226; x_wconf 88' lang='lat' dir='ltr'><strong>vs.</strong></span> <span class='ocrx_word' id='word_1_22' title='bbox 693 1161 873 1227; x_wconf 75' lang='lat'>406-408</span> <span class='ocrx_word' id='word_1_23' title='bbox 905 1183 923 1227; x_wconf 88' lang='grc'><strong>6</strong></span> <span class='ocrx_word' id='word_1_24' title='bbox 954 1162 1114 1247; x_wconf 88' lang='lat' dir='ltr'>plerisque</span> <span class='ocrx_word' id='word_1_25' title='bbox 1145 1162 1289 1248; x_wconf 83' lang='lat' dir='ltr'>(Ussing.</span> <span class='ocrx_word' id='word_1_26' title='bbox 1321 1163 1451 1227; x_wconf 87' lang='lat' dir='ltr'>Lorenn.</span> <span class='ocrx_word' id='word_1_27' title='bbox 1485 1162 1627 1249; x_wconf 80' lang='lat' dir='ltr'>Langen.</span> 
     </span>
     <span class='ocr_line' id='line_1_6' title="bbox 433 1268 1629 1354; baseline -0.001 -20"><span class='ocrx_word' id='word_1_28' title='bbox 433 1270 555 1348; x_wconf 85' lang='lat' dir='ltr'>Leone)</span> <span class='ocrx_word' id='word_1_29' title='bbox 579 1275 818 1354; x_wconf 82' lang='lat' dir='ltr'>expunguntur,</span> <span class='ocrx_word' id='word_1_30' title='bbox 843 1271 919 1353; x_wconf 86' lang='lat' dir='ltr'>quia</span> <span class='ocrx_word' id='word_1_31' title='bbox 940 1289 1042 1352; x_wconf 90' lang='grc'><strong>66666</strong></span> <span class='ocrx_word' id='word_1_32' title='bbox 1061 1272 1140 1333; x_wconf 86' lang='lat' dir='ltr'><strong>iam</strong></span> <span class='ocrx_word' id='word_1_33' title='bbox 1162 1270 1323 1353; x_wconf 82' lang='lat' dir='ltr'>pridem</span> <span class='ocrx_word' id='word_1_34' title='bbox 1343 1268 1426 1333; x_wconf 92' lang='lat' dir='ltr'>illud</span> <span class='ocrx_word' id='word_1_35' title='bbox 1446 1269 1629 1344; x_wconf 81' lang='lat' dir='ltr'>dixerat,</span> 
     </span>
     <span class='ocr_line' id='line_1_7' title="bbox 433 1374 1632 1460; baseline 0 -20"><span class='ocrx_word' id='word_1_36' title='bbox 433 1376 489 1440; x_wconf 91' lang='lat' dir='ltr'><strong>scd</strong></span> <span class='ocrx_word' id='word_1_37' title='bbox 522 1377 705 1460; x_wconf 91' lang='lat' dir='ltr'>nuperrime</span> <span class='ocrx_word' id='word_1_38' title='bbox 735 1375 818 1439; x_wconf 80' lang='lat' dir='ltr'>dixit</span> <span class='ocrx_word' id='word_1_39' title='bbox 840 1377 873 1439; x_wconf 93' lang='lat' dir='ltr'><strong>in</strong></span> <span class='ocrx_word' id='word_1_40' title='bbox 900 1374 974 1452; x_wconf 81' lang='lat'>112,</span> <span class='ocrx_word' id='word_1_41' title='bbox 999 1396 1100 1459; x_wconf 89' lang='lat' dir='ltr'>neque</span> <span class='ocrx_word' id='word_1_42' title='bbox 1125 1396 1262 1460; x_wconf 86' lang='lat' dir='ltr'>usquam</span> <span class='ocrx_word' id='word_1_43' title='bbox 1286 1378 1318 1439; x_wconf 92' lang='lat' dir='ltr'><strong>in</strong></span> <span class='ocrx_word' id='word_1_44' title='bbox 1343 1375 1401 1439; x_wconf 87' lang='lat' dir='ltr'><strong>hac</strong></span> <span class='ocrx_word' id='word_1_45' title='bbox 1424 1375 1532 1440; x_wconf 88' lang='grc'><strong>161616</strong></span> <span class='ocrx_word' id='word_1_46' title='bbox 1556 1385 1632 1440; x_wconf 89' lang='grc'><strong>166-</strong></span> 
     </span>
     <span class='ocr_line' id='line_1_8' title="bbox 434 1480 1633 1568; baseline 0.001 -23"><span class='ocrx_word' id='word_1_47' title='bbox 434 1480 579 1568; x_wconf 82' lang='lat' dir='ltr'>gulam</span> <span class='ocrx_word' id='word_1_48' title='bbox 610 1483 677 1545; x_wconf 91' lang='lat' dir='ltr'>seni</span> <span class='ocrx_word' id='word_1_49' title='bbox 707 1483 868 1545; x_wconf 88' lang='lat' dir='ltr'>inicere</span> <span class='ocrx_word' id='word_1_50' title='bbox 891 1480 1031 1545; x_wconf 85' lang='lat' dir='ltr'>voluit</span> <span class='ocrx_word' id='word_1_51' title='bbox 1055 1487 1112 1545; x_wconf 85' lang='lat' dir='ltr'><strong>aut</strong></span> <span class='ocrx_word' id='word_1_52' title='bbox 1136 1484 1263 1555; x_wconf 91' lang='lat' dir='ltr'>iniecit,</span> <span class='ocrx_word' id='word_1_53' title='bbox 1289 1481 1424 1566; x_wconf 89' lang='lat' dir='ltr'>denique</span> <span class='ocrx_word' id='word_1_54' title='bbox 1449 1484 1523 1566; x_wconf 89' lang='lat' dir='ltr'>quie</span> <span class='ocrx_word' id='word_1_55' title='bbox 1546 1501 1633 1566; x_wconf 85' lang='lat' dir='ltr'>prae·</span> 
     </span>
     <span class='ocr_line' id='line_1_9' title="bbox 433 1585 1632 1671; baseline 0.001 -20"><span class='ocrx_word' id='word_1_56' title='bbox 433 1590 539 1652; x_wconf 92' lang='lat' dir='ltr'>sensio</span> <span class='ocrx_word' id='word_1_57' title='bbox 572 1589 656 1651; x_wconf 91' lang='lat' dir='ltr'>senis</span> <span class='ocrx_word' id='word_1_58' title='bbox 687 1587 718 1651; x_wconf 92' lang='lat' dir='ltr'><strong>h.</strong></span> <span class='ocrx_word' id='word_1_59' title='bbox 742 1585 765 1651; x_wconf 93' lang='lat' dir='ltr'><strong>l.</strong></span> <span class='ocrx_word' id='word_1_60' title='bbox 799 1585 928 1650; x_wconf 89' lang='lat' dir='ltr'>dedecet</span> <span class='ocrx_word' id='word_1_61' title='bbox 960 1595 1089 1671; x_wconf 88' lang='lat' dir='ltr'>propter</span> <span class='ocrx_word' id='word_1_62' title='bbox 1112 1609 1158 1652; x_wconf 85' lang='lat' dir='ltr'><strong>vs.</strong></span> <span class='ocrx_word' id='word_1_63' title='bbox 1185 1587 1259 1652; x_wconf 83' lang='lat'>426.</span> <span class='ocrx_word' id='word_1_64' title='bbox 1293 1587 1402 1652; x_wconf 81' lang='lat' dir='ltr'>Etiam</span> <span class='ocrx_word' id='word_1_65' title='bbox 1427 1586 1632 1652; x_wconf 75' lang='grc'><strong>46966166</strong></span> 
     </span>
     <span class='ocr_line' id='line_1_10' title="bbox 433 1691 1159 1778; baseline 0 -21"><span class='ocrx_word' id='word_1_66' title='bbox 433 1695 594 1778; x_wconf 90' lang='lat' dir='ltr'>repetitus</span> <span class='ocrx_word' id='word_1_67' title='bbox 618 1713 685 1757; x_wconf 90' lang='grc'><strong>6666</strong></span> <span class='ocrx_word' id='word_1_68' title='bbox 709 1692 836 1756; x_wconf 89' lang='lat' dir='ltr'>videtur</span> <span class='ocrx_word' id='word_1_69' title='bbox 859 1715 897 1757; x_wconf 90' lang='lat' dir='ltr'><strong>ex</strong></span> <span class='ocrx_word' id='word_1_70' title='bbox 920 1692 968 1757; x_wconf 91' lang='lat' dir='ltr'><strong>Ill</strong></span> <span class='ocrx_word' id='word_1_71' title='bbox 995 1693 1025 1756; x_wconf 95' lang='grc'><strong>1.</strong></span> <span class='ocrx_word' id='word_1_72' title='bbox 1040 1691 1115 1758; x_wconf 84' lang='grc'><strong>788.</strong></span> <span class='ocrx_word' id='word_1_73' title='bbox 1147 1702 1159 1713; x_wconf 82' lang='grc'><em>“</em></span> 
     </span>
    </p>

    <p class='ocr_par' dir='ltr' id='par_1_4' title="bbox 431 1798 1634 3262">
     <span class='ocr_line' id='line_1_11' title="bbox 478 1798 1632 1884; baseline 0 -21"><span class='ocrx_word' id='word_1_74' title='bbox 478 1798 543 1863; x_wconf 83' lang='lat' dir='ltr'><strong>Sed</strong></span> <span class='ocrx_word' id='word_1_75' title='bbox 569 1800 650 1862; x_wconf 92' lang='lat' dir='ltr'>mihi</span> <span class='ocrx_word' id='word_1_76' title='bbox 673 1801 824 1883; x_wconf 79' lang='lat' dir='ltr'>graviora</span> <span class='ocrx_word' id='word_1_77' title='bbox 847 1798 1018 1884; x_wconf 83' lang='lat' dir='ltr'>displicent</span> <span class='ocrx_word' id='word_1_78' title='bbox 1042 1802 1075 1863; x_wconf 92' lang='lat' dir='ltr'><strong>in</strong></span> <span class='ocrx_word' id='word_1_79' title='bbox 1100 1800 1280 1864; x_wconf 88' lang='grc'><strong>16666666.</strong></span> <span class='ocrx_word' id='word_1_80' title='bbox 1305 1798 1350 1863; x_wconf 90' lang='lat' dir='ltr'><strong>Ut</strong></span> <span class='ocrx_word' id='word_1_81' title='bbox 1369 1822 1453 1864; x_wconf 91' lang='lat' dir='ltr'>nunc</span> <span class='ocrx_word' id='word_1_82' title='bbox 1473 1821 1505 1864; x_wconf 90' lang='lat' dir='ltr'><strong>se</strong></span> <span class='ocrx_word' id='word_1_83' title='bbox 1526 1800 1632 1876; x_wconf 88' lang='grc'><strong>16161,</strong></span> 
     </span>
     <span class='ocr_line' id='line_1_12' title="bbox 433 1903 1634 1990; baseline -0.002 -21"><span class='ocrx_word' id='word_1_84' title='bbox 433 1907 547 1969; x_wconf 89' lang='grc'><strong>66611</strong></span> <span class='ocrx_word' id='word_1_85' title='bbox 567 1903 744 1969; x_wconf 87' lang='grc'><strong>66661111</strong></span> <span class='ocrx_word' id='word_1_86' title='bbox 764 1906 908 1990; x_wconf 86' lang='lat' dir='ltr'>inopia</span> <span class='ocrx_word' id='word_1_87' title='bbox 928 1903 1022 1984; x_wconf 81' lang='lat'><strong>(397)</strong></span> <span class='ocrx_word' id='word_1_88' title='bbox 1042 1909 1181 1989; x_wconf 88' lang='lat' dir='ltr'>pertinet</span> <span class='ocrx_word' id='word_1_89' title='bbox 1201 1906 1477 1970; x_wconf 87' lang='lat' dir='ltr'>adinventionem</span> <span class='ocrx_word' id='word_1_90' title='bbox 1496 1905 1558 1970; x_wconf 88' lang='lat' dir='ltr'><strong>XX</strong></span> <span class='ocrx_word' id='word_1_91' title='bbox 1574 1907 1634 1968; x_wconf 91' lang='lat' dir='ltr'>mi·</span> 
     </span>
     <span class='ocr_line' id='line_1_13' title="bbox 432 2014 1631 2095; baseline -0.001 -20"><span class='ocrx_word' id='word_1_92' title='bbox 432 2032 570 2086; x_wconf 85' lang='lat' dir='ltr'>narum,</span> <span class='ocrx_word' id='word_1_93' title='bbox 591 2030 687 2094; x_wconf 89' lang='grc'><strong>6666,</strong></span> <span class='ocrx_word' id='word_1_94' title='bbox 707 2030 903 2095; x_wconf 83' lang='lat' dir='ltr'>quamquam</span> <span class='ocrx_word' id='word_1_95' title='bbox 923 2032 1081 2095; x_wconf 85' lang='lat' dir='ltr'>nusquam</span> <span class='ocrx_word' id='word_1_96' title='bbox 1099 2021 1189 2086; x_wconf 88' lang='lat' dir='ltr'>sunt,</span> <span class='ocrx_word' id='word_1_97' title='bbox 1211 2033 1244 2076; x_wconf 92' lang='lat' dir='ltr'><strong>se</strong></span> <span class='ocrx_word' id='word_1_98' title='bbox 1267 2016 1372 2075; x_wconf 87' lang='lat' dir='ltr'>tamen</span> <span class='ocrx_word' id='word_1_99' title='bbox 1398 2018 1507 2095; x_wconf 86' lang='lat' dir='ltr'>poetae</span> <span class='ocrx_word' id='word_1_100' title='bbox 1530 2014 1631 2075; x_wconf 85' lang='lat' dir='ltr'>instar</span> 
     </span>
     <span class='ocr_line' id='line_1_14' title="bbox 431 2116 1628 2202; baseline 0 -21"><span class='ocrx_word' id='word_1_101' title='bbox 431 2121 646 2182; x_wconf 84' lang='lat' dir='ltr'>inventurum</span> <span class='ocrx_word' id='word_1_102' title='bbox 665 2116 802 2180; x_wconf 84' lang='lat' dir='ltr'>affirmat</span> <span class='ocrx_word' id='word_1_103' title='bbox 826 2124 858 2180; x_wconf 93' lang='grc'><strong>61</strong></span> <span class='ocrx_word' id='word_1_104' title='bbox 881 2116 1067 2181; x_wconf 83' lang='lat' dir='ltr'>effossurum</span> <span class='ocrx_word' id='word_1_105' title='bbox 1094 2139 1131 2181; x_wconf 85' lang='lat' dir='ltr'><strong>ex</strong></span> <span class='ocrx_word' id='word_1_106' title='bbox 1157 2118 1215 2181; x_wconf 92' lang='lat' dir='ltr'>hoc</span> <span class='ocrx_word' id='word_1_107' title='bbox 1239 2117 1386 2202; x_wconf 89' lang='lat' dir='ltr'>sepulcro</span> <span class='ocrx_word' id='word_1_108' title='bbox 1411 2124 1534 2192; x_wconf 87' lang='lat' dir='ltr'>vetere,</span> <span class='ocrx_word' id='word_1_109' title='bbox 1556 2117 1587 2180; x_wconf 88' lang='lat' dir='ltr'><strong>h.</strong></span> <span class='ocrx_word' id='word_1_110' title='bbox 1602 2137 1628 2181; x_wconf 91' lang='grc'><strong>6.</strong></span> 
     </span>
     <span class='ocr_line' id='line_1_15' title="bbox 432 2222 1631 2308; baseline -0.002 -20"><span class='ocrx_word' id='word_1_111' title='bbox 432 2232 624 2308; x_wconf 87' lang='lat' dir='ltr'>erepturum</span> <span class='ocrx_word' id='word_1_112' title='bbox 643 2222 784 2299; x_wconf 87' lang='lat' dir='ltr'>Simoni,</span> <span class='ocrx_word' id='word_1_113' title='bbox 805 2230 843 2286; x_wconf 91' lang='lat' dir='ltr'><strong>ut</strong></span> <span class='ocrx_word' id='word_1_114' title='bbox 862 2223 915 2287; x_wconf 89' lang='lat' dir='ltr'><strong>det</strong></span> <span class='ocrx_word' id='word_1_115' title='bbox 938 2223 1010 2288; x_wconf 89' lang='lat' dir='ltr'>erili</span> <span class='ocrx_word' id='word_1_116' title='bbox 1033 2224 1117 2306; x_wconf 86' lang='lat' dir='ltr'>filio,</span> <span class='ocrx_word' id='word_1_117' title='bbox 1141 2245 1255 2308; x_wconf 89' lang='lat' dir='ltr'>nempe</span> <span class='ocrx_word' id='word_1_118' title='bbox 1279 2223 1318 2288; x_wconf 88' lang='lat' dir='ltr'>ad</span> <span class='ocrx_word' id='word_1_119' title='bbox 1341 2222 1507 2288; x_wconf 86' lang='lat' dir='ltr'>emendam</span> <span class='ocrx_word' id='word_1_120' title='bbox 1532 2223 1631 2287; x_wconf 80' lang='lat' dir='ltr'>Phoe</span> 
     </span>
     <span class='ocr_line' id='line_1_16' title="bbox 432 2328 1630 2416; baseline -0.001 -22"><span class='ocrx_word' id='word_1_121' title='bbox 432 2334 568 2394; x_wconf 92' lang='lat' dir='ltr'>nicium.</span> <span class='ocrx_word' id='word_1_122' title='bbox 589 2330 788 2416; x_wconf 83' lang='lat' dir='ltr'>Pugnant</span> <span class='ocrx_word' id='word_1_123' title='bbox 807 2329 906 2394; x_wconf 90' lang='grc'><strong>1666</strong></span> <span class='ocrx_word' id='word_1_124' title='bbox 926 2351 1014 2395; x_wconf 92' lang='lat' dir='ltr'>cum</span> <span class='ocrx_word' id='word_1_125' title='bbox 1036 2336 1197 2395; x_wconf 86' lang='lat' dir='ltr'>mutato</span> <span class='ocrx_word' id='word_1_126' title='bbox 1217 2328 1419 2405; x_wconf 90' lang='lat' dir='ltr'>consilio,</span> <span class='ocrx_word' id='word_1_127' title='bbox 1441 2328 1630 2414; x_wconf 89' lang='lat' dir='ltr'>quodmodo</span> 
     </span>
     <span class='ocr_line' id='line_1_17' title="bbox 433 2435 1632 2521; baseline -0.003 -20"><span class='ocrx_word' id='word_1_128' title='bbox 433 2437 599 2521; x_wconf 86' lang='lat' dir='ltr'>professus</span> <span class='ocrx_word' id='word_1_129' title='bbox 620 2445 683 2513; x_wconf 91' lang='lat' dir='ltr'>est,</span> <span class='ocrx_word' id='word_1_130' title='bbox 704 2435 884 2520; x_wconf 85' lang='lat' dir='ltr'>eripiendae</span> <span class='ocrx_word' id='word_1_131' title='bbox 903 2435 1049 2501; x_wconf 90' lang='lat' dir='ltr'>mulieris</span> <span class='ocrx_word' id='word_1_132' title='bbox 1062 2444 1181 2501; x_wconf 90' lang='lat' dir='ltr'>etcum</span> <span class='ocrx_word' id='word_1_133' title='bbox 1194 2436 1343 2500; x_wconf 92' lang='lat' dir='ltr'>omnibus</span> <span class='ocrx_word' id='word_1_134' title='bbox 1356 2438 1412 2511; x_wconf 92' lang='lat' dir='ltr'>iis,</span> <span class='ocrx_word' id='word_1_135' title='bbox 1426 2456 1506 2520; x_wconf 85' lang='lat' dir='ltr'>quae</span> <span class='ocrx_word' id='word_1_136' title='bbox 1519 2435 1632 2498; x_wconf 88' lang='lat' dir='ltr'>dehinc</span> 
     </span>
     <span class='ocr_line' id='line_1_18' title="bbox 433 2538 1631 2627; baseline -0.003 -21"><span class='ocrx_word' id='word_1_137' title='bbox 433 2546 468 2606; x_wconf 91' lang='lat' dir='ltr'><strong>in</strong></span> <span class='ocrx_word' id='word_1_138' title='bbox 505 2542 565 2605; x_wconf 85' lang='lat' dir='ltr'><strong>hac</strong></span> <span class='ocrx_word' id='word_1_139' title='bbox 592 2540 699 2605; x_wconf 84' lang='lat' dir='ltr'>fabula</span> <span class='ocrx_word' id='word_1_140' title='bbox 727 2548 868 2627; x_wconf 81' lang='lat' dir='ltr'>aguntur</span> <span class='ocrx_word' id='word_1_141' title='bbox 884 2540 918 2620; x_wconf 85' lang='lat'><strong>¹),</strong></span> <span class='ocrx_word' id='word_1_142' title='bbox 947 2542 1003 2606; x_wconf 92' lang='lat' dir='ltr'>ubi</span> <span class='ocrx_word' id='word_1_143' title='bbox 1031 2541 1113 2605; x_wconf 92' lang='lat' dir='ltr'>nihil</span> <span class='ocrx_word' id='word_1_144' title='bbox 1142 2541 1290 2606; x_wconf 84' lang='lat' dir='ltr'>effoditur</span> <span class='ocrx_word' id='word_1_145' title='bbox 1312 2543 1385 2605; x_wconf 92' lang='lat' dir='ltr'>h.e.</span> <span class='ocrx_word' id='word_1_146' title='bbox 1412 2544 1556 2625; x_wconf 82' lang='lat' dir='ltr'>pervim</span> <span class='ocrx_word' id='word_1_147' title='bbox 1583 2538 1631 2602; x_wconf 80' lang='lat' dir='ltr'><strong>vel</strong></span> 
     </span>
     <span class='ocr_line' id='line_1_19' title="bbox 434 2646 1632 2732; baseline -0.001 -22"><span class='ocrx_word' id='word_1_148' title='bbox 434 2646 550 2712; x_wconf 93' lang='lat' dir='ltr'>dolum</span> <span class='ocrx_word' id='word_1_149' title='bbox 570 2647 729 2731; x_wconf 79' lang='lat' dir='ltr'>abripitur</span> <span class='ocrx_word' id='word_1_150' title='bbox 749 2668 767 2711; x_wconf 89' lang='grc'><strong>6</strong></span> <span class='ocrx_word' id='word_1_151' title='bbox 787 2668 878 2723; x_wconf 90' lang='grc'><strong>6666,</strong></span> <span class='ocrx_word' id='word_1_152' title='bbox 899 2646 953 2711; x_wconf 89' lang='grc'><strong>661</strong></span> <span class='ocrx_word' id='word_1_153' title='bbox 973 2651 1041 2732; x_wconf 91' lang='lat' dir='ltr'>ipse</span> <span class='ocrx_word' id='word_1_154' title='bbox 1061 2670 1119 2712; x_wconf 89' lang='grc'><strong>666</strong></span> <span class='ocrx_word' id='word_1_155' title='bbox 1138 2655 1250 2732; x_wconf 90' lang='lat' dir='ltr'>sponte</span> <span class='ocrx_word' id='word_1_156' title='bbox 1270 2649 1432 2732; x_wconf 88' lang='lat' dir='ltr'>promittit</span> <span class='ocrx_word' id='word_1_157' title='bbox 1452 2646 1515 2709; x_wconf 93' lang='lat' dir='ltr'><strong>XX</strong></span> <span class='ocrx_word' id='word_1_158' title='bbox 1528 2649 1632 2710; x_wconf 83' lang='lat' dir='ltr'>minas</span> 
     </span>
     <span class='ocr_line' id='line_1_20' title="bbox 434 2752 1631 2837; baseline -0.002 -19"><span class='ocrx_word' id='word_1_159' title='bbox 434 2753 624 2837; x_wconf 69' lang='grc'><strong>(5366661,</strong></span> <span class='ocrx_word' id='word_1_160' title='bbox 649 2774 751 2837; x_wconf 89' lang='lat' dir='ltr'>neque</span> <span class='ocrx_word' id='word_1_161' title='bbox 775 2754 834 2818; x_wconf 90' lang='lat' dir='ltr'><strong>hae</strong></span> <span class='ocrx_word' id='word_1_162' title='bbox 858 2753 1058 2818; x_wconf 88' lang='lat' dir='ltr'>destinantur</span> <span class='ocrx_word' id='word_1_163' title='bbox 1082 2754 1155 2819; x_wconf 89' lang='lat' dir='ltr'>erili</span> <span class='ocrx_word' id='word_1_164' title='bbox 1177 2754 1259 2832; x_wconf 89' lang='lat' dir='ltr'>filio,</span> <span class='ocrx_word' id='word_1_165' title='bbox 1285 2753 1337 2818; x_wconf 90' lang='lat' dir='ltr'><strong>sed</strong></span> <span class='ocrx_word' id='word_1_166' title='bbox 1362 2752 1520 2817; x_wconf 88' lang='lat' dir='ltr'>Pseudolo</span> <span class='ocrx_word' id='word_1_167' title='bbox 1544 2772 1631 2837; x_wconf 88' lang='lat' dir='ltr'>pree-</span> 
     </span>
     <span class='ocr_line' id='line_1_21' title="bbox 433 2857 1631 2945; baseline -0.002 -22"><span class='ocrx_word' id='word_1_168' title='bbox 433 2863 496 2923; x_wconf 92' lang='lat' dir='ltr'><strong>mii</strong></span> <span class='ocrx_word' id='word_1_169' title='bbox 528 2858 598 2924; x_wconf 89' lang='lat' dir='ltr'>loco</span> <span class='ocrx_word' id='word_1_170' title='bbox 629 2861 668 2922; x_wconf 91' lang='grc'><strong>61</strong></span> <span class='ocrx_word' id='word_1_171' title='bbox 701 2858 810 2923; x_wconf 91' lang='lat' dir='ltr'>dolum</span> <span class='ocrx_word' id='word_1_172' title='bbox 840 2859 977 2924; x_wconf 83' lang='lat' dir='ltr'>feliciter</span> <span class='ocrx_word' id='word_1_173' title='bbox 1000 2868 1166 2945; x_wconf 83' lang='lat' dir='ltr'>peractum</span> <span class='ocrx_word' id='word_1_174' title='bbox 1180 2858 1215 2938; x_wconf 80' lang='lat'><strong>²).</strong></span> <span class='ocrx_word' id='word_1_175' title='bbox 1249 2859 1396 2936; x_wconf 86' lang='lat' dir='ltr'>Accedit,</span> <span class='ocrx_word' id='word_1_176' title='bbox 1423 2858 1506 2943; x_wconf 94' lang='lat' dir='ltr'>quod</span> <span class='ocrx_word' id='word_1_177' title='bbox 1531 2857 1631 2922; x_wconf 85' lang='lat' dir='ltr'>semel</span> 
     </span>
     <span class='ocr_line' id='line_1_22' title="bbox 432 2964 1629 3050; baseline -0.001 -20"><span class='ocrx_word' id='word_1_178' title='bbox 432 2969 621 3049; x_wconf 86' lang='lat' dir='ltr'>iterumque</span> <span class='ocrx_word' id='word_1_179' title='bbox 639 2967 766 3042; x_wconf 90' lang='lat' dir='ltr'>monui,</span> <span class='ocrx_word' id='word_1_180' title='bbox 787 2964 914 3029; x_wconf 90' lang='lat' dir='ltr'>nullum</span> <span class='ocrx_word' id='word_1_181' title='bbox 937 2988 1030 3030; x_wconf 92' lang='lat' dir='ltr'>usum</span> <span class='ocrx_word' id='word_1_182' title='bbox 1044 2988 1111 3031; x_wconf 89' lang='grc'><strong>6666</strong></span> <span class='ocrx_word' id='word_1_183' title='bbox 1123 2965 1188 3031; x_wconf 89' lang='lat' dir='ltr'><strong>XX</strong></span> <span class='ocrx_word' id='word_1_184' title='bbox 1201 2968 1378 3042; x_wconf 86' lang='lat' dir='ltr'>minarum,</span> <span class='ocrx_word' id='word_1_185' title='bbox 1397 2987 1471 3030; x_wconf 88' lang='lat' dir='ltr'><strong>eum</strong></span> <span class='ocrx_word' id='word_1_186' title='bbox 1485 2966 1629 3050; x_wconf 84' lang='lat' dir='ltr'>proxime</span> 
     </span>
     <span class='ocr_line' id='line_1_23' title="bbox 433 3070 1630 3157; baseline -0.002 -22"><span class='ocrx_word' id='word_1_187' title='bbox 433 3076 534 3135; x_wconf 89' lang='lat' dir='ltr'>instet</span> <span class='ocrx_word' id='word_1_188' title='bbox 555 3070 712 3135; x_wconf 83' lang='lat' dir='ltr'>adventus</span> <span class='ocrx_word' id='word_1_189' title='bbox 731 3070 849 3157; x_wconf 83' lang='lat' dir='ltr'>legati,</span> <span class='ocrx_word' id='word_1_190' title='bbox 872 3071 1042 3136; x_wconf 91' lang='lat' dir='ltr'>mulierem</span> <span class='ocrx_word' id='word_1_191' title='bbox 1062 3073 1249 3150; x_wconf 85' lang='lat' dir='ltr'>abducturi,</span> <span class='ocrx_word' id='word_1_192' title='bbox 1270 3075 1332 3136; x_wconf 88' lang='lat' dir='ltr'>nisi</span> <span class='ocrx_word' id='word_1_193' title='bbox 1345 3075 1435 3157; x_wconf 90' lang='lat' dir='ltr'>prius</span> <span class='ocrx_word' id='word_1_194' title='bbox 1448 3073 1506 3136; x_wconf 92' lang='lat' dir='ltr'>hoc</span> <span class='ocrx_word' id='word_1_195' title='bbox 1519 3072 1630 3135; x_wconf 88' lang='lat' dir='ltr'>fecerit</span> 
     </span>
     <span class='ocr_line' id='line_1_24' title="bbox 433 3176 1321 3262; baseline -0.001 -21"><span class='ocrx_word' id='word_1_196' title='bbox 433 3176 633 3252; x_wconf 86' lang='lat' dir='ltr'>Pseudolus,</span> <span class='ocrx_word' id='word_1_197' title='bbox 659 3180 714 3261; x_wconf 88' lang='lat' dir='ltr'>qui</span> <span class='ocrx_word' id='word_1_198' title='bbox 738 3179 805 3241; x_wconf 91' lang='lat' dir='ltr'>sine</span> <span class='ocrx_word' id='word_1_199' title='bbox 829 3176 901 3241; x_wconf 93' lang='lat' dir='ltr'>dolo</span> <span class='ocrx_word' id='word_1_200' title='bbox 924 3178 957 3241; x_wconf 91' lang='lat' dir='ltr'>id</span> <span class='ocrx_word' id='word_1_201' title='bbox 982 3178 1081 3242; x_wconf 86' lang='lat' dir='ltr'>facere</span> <span class='ocrx_word' id='word_1_202' title='bbox 1106 3200 1169 3242; x_wconf 93' lang='lat' dir='ltr'><strong>non</strong></span> <span class='ocrx_word' id='word_1_203' title='bbox 1194 3181 1321 3262; x_wconf 89' lang='lat' dir='ltr'>poterit.</span> 
     </span>
    </p>

    <p class='ocr_par' dir='ltr' id='par_1_5' title="bbox 433 3282 1633 3580">
     <span class='ocr_line' id='line_1_25' title="bbox 480 3282 1630 3369; baseline -0.001 -24"><span class='ocrx_word' id='word_1_204' title='bbox 480 3282 617 3347; x_wconf 86' lang='lat' dir='ltr'>Necesse</span> <span class='ocrx_word' id='word_1_205' title='bbox 649 3292 697 3346; x_wconf 92' lang='lat' dir='ltr'><strong>est</strong></span> <span class='ocrx_word' id='word_1_206' title='bbox 728 3283 807 3347; x_wconf 89' lang='grc'><strong>1666</strong></span> <span class='ocrx_word' id='word_1_207' title='bbox 837 3303 963 3347; x_wconf 85' lang='lat' dir='ltr'>scenam</span> <span class='ocrx_word' id='word_1_208' title='bbox 994 3304 1012 3347; x_wconf 97' lang='grc'><strong>6</strong></span> <span class='ocrx_word' id='word_1_209' title='bbox 1042 3304 1157 3369; x_wconf 83' lang='lat' dir='ltr'>graeco</span> <span class='ocrx_word' id='word_1_210' title='bbox 1189 3292 1316 3348; x_wconf 86' lang='lat' dir='ltr'>auctore</span> <span class='ocrx_word' id='word_1_211' title='bbox 1346 3286 1393 3346; x_wconf 83' lang='lat' dir='ltr'><strong>ita</strong></span> <span class='ocrx_word' id='word_1_212' title='bbox 1422 3285 1630 3346; x_wconf 87' lang='lat' dir='ltr'>const&#39;tutam</span> 
     </span>
     <span class='ocr_line' id='line_1_26' title="bbox 434 3387 1632 3473; baseline -0.001 -20"><span class='ocrx_word' id='word_1_213' title='bbox 434 3392 553 3465; x_wconf 87' lang='grc'><strong>161666,</strong></span> <span class='ocrx_word' id='word_1_214' title='bbox 587 3395 625 3452; x_wconf 91' lang='grc'><strong>61</strong></span> <span class='ocrx_word' id='word_1_215' title='bbox 655 3387 805 3452; x_wconf 90' lang='grc' dir='ltr'><strong>Ρ6661611</strong></span> <span class='ocrx_word' id='word_1_216' title='bbox 829 3391 936 3473; x_wconf 84' lang='lat' dir='ltr'>inopia</span> <span class='ocrx_word' id='word_1_217' title='bbox 960 3392 1132 3473; x_wconf 90' lang='lat' dir='ltr'>pertineret</span> <span class='ocrx_word' id='word_1_218' title='bbox 1155 3389 1194 3453; x_wconf 85' lang='lat' dir='ltr'><strong>ed</strong></span> <span class='ocrx_word' id='word_1_219' title='bbox 1218 3410 1337 3454; x_wconf 88' lang='lat' dir='ltr'>novum</span> <span class='ocrx_word' id='word_1_220' title='bbox 1362 3387 1543 3453; x_wconf 90' lang='lat' dir='ltr'>consilium.</span> <span class='ocrx_word' id='word_1_221' title='bbox 1569 3388 1632 3453; x_wconf 90' lang='lat' dir='ltr'><strong>Hie</strong></span> 
     </span>
     <span class='ocr_line' id='line_1_27' title="bbox 433 3494 1633 3580; baseline -0.001 -21"><span class='ocrx_word' id='word_1_222' title='bbox 433 3497 538 3559; x_wconf 89' lang='lat' dir='ltr'>sensit</span> <span class='ocrx_word' id='word_1_223' title='bbox 563 3494 693 3579; x_wconf 90' lang='lat' dir='ltr'>quidem</span> <span class='ocrx_word' id='word_1_224' title='bbox 718 3497 869 3559; x_wconf 88' lang='lat' dir='ltr'>continuo</span> <span class='ocrx_word' id='word_1_225' title='bbox 893 3517 960 3559; x_wconf 90' lang='lat' dir='ltr'><strong>rem</strong></span> <span class='ocrx_word' id='word_1_226' title='bbox 985 3494 1143 3580; x_wconf 80' lang='lat' dir='ltr'>agendam</span> <span class='ocrx_word' id='word_1_227' title='bbox 1168 3516 1234 3559; x_wconf 93' lang='grc'><strong>6666</strong></span> <span class='ocrx_word' id='word_1_228' title='bbox 1258 3516 1313 3580; x_wconf 91' lang='lat' dir='ltr'><strong>per</strong></span> <span class='ocrx_word' id='word_1_229' title='bbox 1337 3495 1500 3558; x_wconf 91' lang='lat' dir='ltr'>homiuem</span> <span class='ocrx_word' id='word_1_230' title='bbox 1526 3494 1633 3559; x_wconf 91' lang='lat' dir='ltr'>subdi-</span> 
     </span>
    </p>
   </div>
   <div class='ocr_carea' id='block_1_3' title="bbox 436 3681 635 3690">
    <p class='ocr_par' dir='ltr' id='par_1_6' title="bbox 436 3681 635 3690">
     <span class='ocr_line' id='line_1_28' title="bbox 436 3681 635 3690; baseline -0.015 0"><span class='ocrx_word' id='word_1_231' title='bbox 436 3681 635 3690; x_wconf 73' lang='lat'>..—.—----——-</span> 
     </span>
    </p>
   </div>
   <div class='ocr_carea' id='block_1_4' title="bbox 431 3798 1634 4850">
    <p class='ocr_par' dir='ltr' id='par_1_7' title="bbox 470 3798 1197 3864">
     <span class='ocr_line' id='line_1_29' title="bbox 470 3798 1197 3864; baseline -0.003 -13"><span class='ocrx_word' id='word_1_232' title='bbox 470 3805 500 3863; x_wconf 85' lang='lat'><strong>1)</strong></span> <span class='ocrx_word' id='word_1_233' title='bbox 521 3805 555 3850; x_wconf 83' lang='lat' dir='ltr'><strong>lle</strong></span> <span class='ocrx_word' id='word_1_234' title='bbox 573 3801 679 3850; x_wconf 85' lang='lat' dir='ltr'>versibus</span> <span class='ocrx_word' id='word_1_235' title='bbox 697 3800 831 3850; x_wconf 75' lang='lat' dir='ltr'>tal-sat</span> <span class='ocrx_word' id='word_1_236' title='bbox 848 3803 872 3849; x_wconf 89' lang='grc'><strong>61</strong></span> <span class='ocrx_word' id='word_1_237' title='bbox 890 3798 1021 3850; x_wconf 76' lang='lat' dir='ltr'>eut-cal</span> <span class='ocrx_word' id='word_1_238' title='bbox 1040 3800 1103 3848; x_wconf 90' lang='grc'><strong>16166</strong></span> <span class='ocrx_word' id='word_1_239' title='bbox 1121 3816 1197 3864; x_wconf 77' lang='lat' dir='ltr'>agam.</span> 
     </span>
    </p>

    <p class='ocr_par' dir='ltr' id='par_1_8' title="bbox 431 3881 1631 4028">
     <span class='ocr_line' id='line_1_30' title="bbox 467 3881 1631 3947; baseline -0.003 -14"><span class='ocrx_word' id='word_1_240' title='bbox 467 3888 497 3943; x_wconf 80' lang='lat'><strong>2)</strong></span> <span class='ocrx_word' id='word_1_241' title='bbox 525 3885 649 3933; x_wconf 85' lang='lat' dir='ltr'>Bierma</span> <span class='ocrx_word' id='word_1_242' title='bbox 673 3884 710 3931; x_wconf 94' lang='grc'><strong>116</strong></span> <span class='ocrx_word' id='word_1_243' title='bbox 734 3883 762 3930; x_wconf 89' lang='grc'><strong>16</strong></span> <span class='ocrx_word' id='word_1_244' title='bbox 783 3882 859 3931; x_wconf 85' lang='lat' dir='ltr'>causis</span> <span class='ocrx_word' id='word_1_245' title='bbox 882 3886 958 3930; x_wconf 86' lang='lat' dir='ltr'>totam</span> <span class='ocrx_word' id='word_1_246' title='bbox 981 3896 1074 3929; x_wconf 82' lang='lat' dir='ltr'>scenam</span> <span class='ocrx_word' id='word_1_247' title='bbox 1098 3897 1111 3929; x_wconf 90' lang='grc'><strong>6</strong></span> <span class='ocrx_word' id='word_1_248' title='bbox 1136 3883 1223 3930; x_wconf 84' lang='lat' dir='ltr'>Plauto</span> <span class='ocrx_word' id='word_1_249' title='bbox 1241 3882 1411 3947; x_wconf 88' lang='lat' dir='ltr'>interpolatam</span> <span class='ocrx_word' id='word_1_250' title='bbox 1427 3883 1493 3931; x_wconf 88' lang='lat' dir='ltr'>ducit</span> <span class='ocrx_word' id='word_1_251' title='bbox 1511 3898 1538 3931; x_wconf 91' lang='grc'><strong>66</strong></span> <span class='ocrx_word' id='word_1_252' title='bbox 1556 3881 1631 3930; x_wconf 90' lang='grc'><strong>611666</strong></span> 
     </span>
     <span class='ocr_line' id='line_1_31' title="bbox 431 3963 1345 4028; baseline -0.005 -11"><span class='ocrx_word' id='word_1_253' title='bbox 431 3967 516 4017; x_wconf 81' lang='lat' dir='ltr'>fabula</span> <span class='ocrx_word' id='word_1_254' title='bbox 537 3968 580 4014; x_wconf 82' lang='grc'><strong>,16</strong></span> <span class='ocrx_word' id='word_1_255' title='bbox 598 3967 752 4015; x_wconf 76' lang='lat' dir='ltr'>frustratione</span> <span class='ocrx_word' id='word_1_256' title='bbox 769 3963 897 4020; x_wconf 84' lang='lat' dir='ltr'>Simonis&#39;&#39;.</span> <span class='ocrx_word' id='word_1_257' title='bbox 913 3979 985 4027; x_wconf 90' lang='lat' dir='ltr'>qnam</span> <span class='ocrx_word' id='word_1_258' title='bbox 1002 3964 1076 4011; x_wconf 89' lang='grc'><strong>16611.</strong></span> <span class='ocrx_word' id='word_1_259' title='bbox 1095 3964 1131 4012; x_wconf 79' lang='lat' dir='ltr'><strong>Cf.</strong></span> <span class='ocrx_word' id='word_1_260' title='bbox 1150 3980 1171 4028; x_wconf 93' lang='lat' dir='ltr'><strong>p.</strong></span> <span class='ocrx_word' id='word_1_261' title='bbox 1192 3965 1232 4013; x_wconf 79' lang='lat'><strong>³8.</strong></span> <span class='ocrx_word' id='word_1_262' title='bbox 1249 3965 1287 4014; x_wconf 86' lang='grc'><strong>111.</strong></span> <span class='ocrx_word' id='word_1_263' title='bbox 1307 3965 1345 4012; x_wconf 83' lang='grc'><strong>81.</strong></span> 
     </span>
    </p>

    <p class='ocr_par' dir='ltr' id='par_1_9' title="bbox 467 4046 1072 4111">
     <span class='ocr_line' id='line_1_32' title="bbox 467 4046 1072 4111; baseline -0.005 -14"><span class='ocrx_word' id='word_1_264' title='bbox 467 4051 635 4111; x_wconf 77' lang='lat' dir='ltr'>hengestus</span> <span class='ocrx_word' id='word_1_265' title='bbox 653 4047 713 4095; x_wconf 88' lang='grc'><strong>1666</strong></span> <span class='ocrx_word' id='word_1_266' title='bbox 730 4062 822 4094; x_wconf 81' lang='grc'><strong>6666666</strong></span> <span class='ocrx_word' id='word_1_267' title='bbox 840 4046 996 4109; x_wconf 79' lang='grc'><strong>1666166116.</strong></span> <span class='ocrx_word' id='word_1_268' title='bbox 1015 4047 1072 4094; x_wconf 82' lang='grc'><strong>318.</strong></span> 
     </span>
    </p>

    <p class='ocr_par' dir='ltr' id='par_1_10' title="bbox 431 4126 1634 4850">
     <span class='ocr_line' id='line_1_33' title="bbox 469 4126 1630 4192; baseline -0.003 -13"><span class='ocrx_word' id='word_1_269' title='bbox 469 4132 529 4179; x_wconf 81' lang='lat' dir='ltr'><strong>Leo</strong></span> <span class='ocrx_word' id='word_1_270' title='bbox 551 4131 575 4178; x_wconf 89' lang='grc'><strong>16</strong></span> <span class='ocrx_word' id='word_1_271' title='bbox 595 4129 685 4177; x_wconf 87' lang='grc'><strong>1166666</strong></span> <span class='ocrx_word' id='word_1_272' title='bbox 702 4126 785 4177; x_wconf 85' lang='lat' dir='ltr'>XVlll</span> <span class='ocrx_word' id='word_1_273' title='bbox 804 4143 826 4192; x_wconf 88' lang='lat' dir='ltr'><strong>p.</strong></span> <span class='ocrx_word' id='word_1_274' title='bbox 846 4129 894 4176; x_wconf 79' lang='lat' dir='ltr'><strong>nea</strong></span> <span class='ocrx_word' id='word_1_275' title='bbox 911 4127 1045 4191; x_wconf 86' lang='lat' dir='ltr'>suspicatus</span> <span class='ocrx_word' id='word_1_276' title='bbox 1062 4132 1111 4185; x_wconf 90' lang='grc'><strong>661,</strong></span> <span class='ocrx_word' id='word_1_277' title='bbox 1129 4127 1212 4184; x_wconf 92' lang='lat' dir='ltr'>illum,</span> <span class='ocrx_word' id='word_1_278' title='bbox 1230 4129 1272 4191; x_wconf 92' lang='lat' dir='ltr'>qui</span> <span class='ocrx_word' id='word_1_279' title='bbox 1289 4143 1371 4190; x_wconf 75' lang='grc'><strong>666666</strong></span> <span class='ocrx_word' id='word_1_280' title='bbox 1390 4128 1445 4175; x_wconf 85' lang='grc'><strong>16611</strong></span> <span class='ocrx_word' id='word_1_281' title='bbox 1463 4129 1523 4176; x_wconf 86' lang='grc'><strong>1666</strong></span> <span class='ocrx_word' id='word_1_282' title='bbox 1538 4145 1630 4177; x_wconf 87' lang='lat' dir='ltr'>comoe-</span> 
     </span>
     <span class='ocr_line' id='line_1_34' title="bbox 432 4209 1630 4276; baseline -0.003 -14"><span class='ocrx_word' id='word_1_283' title='bbox 432 4216 514 4270; x_wconf 88' lang='lat' dir='ltr'>diam,</span> <span class='ocrx_word' id='word_1_284' title='bbox 533 4227 605 4276; x_wconf 85' lang='lat' dir='ltr'>quarn</span> <span class='ocrx_word' id='word_1_285' title='bbox 624 4220 693 4275; x_wconf 87' lang='lat' dir='ltr'>putat</span> <span class='ocrx_word' id='word_1_286' title='bbox 711 4210 782 4258; x_wconf 84' lang='grc'><strong>161666</strong></span> <span class='ocrx_word' id='word_1_287' title='bbox 803 4210 976 4266; x_wconf 73' lang='lat' dir='ltr'>Menandrum,</span> <span class='ocrx_word' id='word_1_288' title='bbox 996 4226 1050 4257; x_wconf 92' lang='lat' dir='ltr'>cum</span> <span class='ocrx_word' id='word_1_289' title='bbox 1066 4209 1180 4257; x_wconf 78' lang='lat' dir='ltr'>scriberet</span> <span class='ocrx_word' id='word_1_290' title='bbox 1195 4210 1336 4273; x_wconf 76' lang='grc'><strong>66.11266.</strong></span> <span class='ocrx_word' id='word_1_291' title='bbox 1352 4210 1486 4259; x_wconf 83' lang='lat' dir='ltr'>meminisse</span> <span class='ocrx_word' id='word_1_292' title='bbox 1502 4211 1630 4259; x_wconf 77' lang='lat' dir='ltr'>Menandri</span> 
     </span>
     <span class='ocr_line' id='line_1_35' title="bbox 432 4291 1632 4356; baseline -0.004 -11"><span class='ocrx_word' id='word_1_293' title='bbox 432 4294 605 4353; x_wconf 76' lang='lat' dir='ltr'>Thesauri,</span> <span class='ocrx_word' id='word_1_294' title='bbox 622 4294 689 4342; x_wconf 90' lang='grc'><strong>66166</strong></span> <span class='ocrx_word' id='word_1_295' title='bbox 704 4297 871 4356; x_wconf 78' lang='lat' dir='ltr'>argumentum</span> <span class='ocrx_word' id='word_1_296' title='bbox 888 4291 992 4340; x_wconf 83' lang='lat' dir='ltr'>servavit</span> <span class='ocrx_word' id='word_1_297' title='bbox 1011 4293 1117 4339; x_wconf 86' lang='lat' dir='ltr'>Donatus</span> <span class='ocrx_word' id='word_1_298' title='bbox 1135 4292 1238 4340; x_wconf 84' lang='grc'><strong>611166.</strong></span> <span class='ocrx_word' id='word_1_299' title='bbox 1255 4292 1316 4355; x_wconf 88' lang='lat' dir='ltr'>prol.</span> <span class='ocrx_word' id='word_1_300' title='bbox 1335 4293 1373 4349; x_wconf 89' lang='grc'><strong>10,</strong></span> <span class='ocrx_word' id='word_1_301' title='bbox 1389 4303 1457 4340; x_wconf 84' lang='lat' dir='ltr'>nam:</span> <span class='ocrx_word' id='word_1_302' title='bbox 1477 4292 1632 4355; x_wconf 61' lang='lat' dir='ltr'>utrobique,</span> 
     </span>
     <span class='ocr_line' id='line_1_36' title="bbox 435 4372 1632 4440; baseline -0.003 -14"><span class='ocrx_word' id='word_1_303' title='bbox 435 4378 546 4440; x_wconf 86' lang='lat' dir='ltr'>.inquit,</span> <span class='ocrx_word' id='word_1_304' title='bbox 570 4391 653 4423; x_wconf 75' lang='grc'><strong>666666</strong></span> <span class='ocrx_word' id='word_1_305' title='bbox 676 4375 815 4422; x_wconf 84' lang='lat' dir='ltr'>thesaurum</span> <span class='ocrx_word' id='word_1_306' title='bbox 838 4389 865 4422; x_wconf 90' lang='grc'><strong>66</strong></span> <span class='ocrx_word' id='word_1_307' title='bbox 888 4382 987 4438; x_wconf 89' lang='lat' dir='ltr'>paterno</span> <span class='ocrx_word' id='word_1_308' title='bbox 1005 4372 1115 4437; x_wconf 86' lang='lat' dir='ltr'>sepulcro</span> <span class='ocrx_word' id='word_1_309' title='bbox 1132 4375 1283 4437; x_wconf 89' lang='lat' dir='ltr'>desumptum</span> <span class='ocrx_word' id='word_1_310' title='bbox 1302 4373 1356 4421; x_wconf 89' lang='lat' dir='ltr'>erili</span> <span class='ocrx_word' id='word_1_311' title='bbox 1375 4375 1568 4423; x_wconf 85' lang='grc'><strong>111616611661”.</strong></span> <span class='ocrx_word' id='word_1_312' title='bbox 1587 4376 1632 4423; x_wconf 90' lang='lat' dir='ltr'><strong>Sed</strong></span> 
     </span>
     <span class='ocr_line' id='line_1_37' title="bbox 432 4455 1632 4519; baseline -0.003 -11"><span class='ocrx_word' id='word_1_313' title='bbox 432 4460 521 4509; x_wconf 87' lang='grc'><strong>166166</strong></span> <span class='ocrx_word' id='word_1_314' title='bbox 538 4473 621 4505; x_wconf 83' lang='lat' dir='ltr'>rarum</span> <span class='ocrx_word' id='word_1_315' title='bbox 639 4459 691 4505; x_wconf 83' lang='grc'><strong>6611</strong></span> <span class='ocrx_word' id='word_1_316' title='bbox 708 4457 736 4505; x_wconf 92' lang='grc'><strong>16</strong></span> <span class='ocrx_word' id='word_1_317' title='bbox 756 4456 793 4504; x_wconf 87' lang='grc'><strong>116</strong></span> <span class='ocrx_word' id='word_1_318' title='bbox 810 4471 853 4504; x_wconf 79' lang='lat' dir='ltr'>uss.</span> <span class='ocrx_word' id='word_1_319' title='bbox 872 4470 955 4504; x_wconf 85' lang='lat' dir='ltr'>sersus</span> <span class='ocrx_word' id='word_1_320' title='bbox 967 4456 1017 4503; x_wconf 89' lang='lat' dir='ltr'>adit</span> <span class='ocrx_word' id='word_1_321' title='bbox 1033 4455 1169 4519; x_wconf 88' lang='lat' dir='ltr'>sepulerum</span> <span class='ocrx_word' id='word_1_322' title='bbox 1184 4471 1211 4502; x_wconf 89' lang='lat' dir='ltr'><strong>eo</strong></span> <span class='ocrx_word' id='word_1_323' title='bbox 1225 4455 1326 4505; x_wconf 88' lang='lat' dir='ltr'>consilio</span> <span class='ocrx_word' id='word_1_324' title='bbox 1342 4463 1368 4505; x_wconf 91' lang='lat' dir='ltr'><strong>ut</strong></span> <span class='ocrx_word' id='word_1_325' title='bbox 1383 4457 1521 4505; x_wconf 85' lang='lat' dir='ltr'>thesaurum</span> <span class='ocrx_word' id='word_1_326' title='bbox 1536 4458 1632 4505; x_wconf 75' lang='lat' dir='ltr'>effodiat</span> 
     </span>
     <span class='ocr_line' id='line_1_38' title="bbox 431 4537 1631 4605; baseline -0.002 -15"><span class='ocrx_word' id='word_1_327' title='bbox 431 4548 456 4591; x_wconf 88' lang='grc'><strong>61</strong></span> <span class='ocrx_word' id='word_1_328' title='bbox 476 4540 569 4605; x_wconf 87' lang='lat' dir='ltr'>rapiat,</span> <span class='ocrx_word' id='word_1_329' title='bbox 586 4540 625 4587; x_wconf 89' lang='grc'><strong>661</strong></span> <span class='ocrx_word' id='word_1_330' title='bbox 644 4540 669 4588; x_wconf 89' lang='grc'><strong>16</strong></span> <span class='ocrx_word' id='word_1_331' title='bbox 687 4539 844 4587; x_wconf 79' lang='lat' dir='ltr'>Thesauro</span> <span class='ocrx_word' id='word_1_332' title='bbox 864 4537 972 4586; x_wconf 86' lang='lat' dir='ltr'>mittitur</span> <span class='ocrx_word' id='word_1_333' title='bbox 990 4537 1019 4586; x_wconf 89' lang='grc'><strong>61</strong></span> <span class='ocrx_word' id='word_1_334' title='bbox 1037 4539 1185 4586; x_wconf 88' lang='lat' dir='ltr'>adolescente</span> <span class='ocrx_word' id='word_1_335' title='bbox 1204 4542 1230 4587; x_wconf 91' lang='grc'><strong>61</strong></span> <span class='ocrx_word' id='word_1_336' title='bbox 1248 4539 1329 4603; x_wconf 89' lang='lat' dir='ltr'>epulas</span> <span class='ocrx_word' id='word_1_337' title='bbox 1346 4540 1435 4588; x_wconf 89' lang='grc'><strong>1616661</strong></span> <span class='ocrx_word' id='word_1_338' title='bbox 1452 4540 1631 4589; x_wconf 88' lang='lat' dir='ltr'>inmonumen·</span> 
     </span>
     <span class='ocr_line' id='line_1_39' title="bbox 432 4620 1632 4686; baseline -0.003 -12"><span class='ocrx_word' id='word_1_339' title='bbox 432 4631 489 4674; x_wconf 91' lang='lat' dir='ltr'><strong>tum</strong></span> <span class='ocrx_word' id='word_1_340' title='bbox 516 4622 606 4686; x_wconf 87' lang='lat' dir='ltr'>patris,</span> <span class='ocrx_word' id='word_1_341' title='bbox 632 4622 709 4686; x_wconf 86' lang='lat' dir='ltr'>aperit</span> <span class='ocrx_word' id='word_1_342' title='bbox 733 4620 778 4669; x_wconf 88' lang='grc'><strong>166</strong></span> <span class='ocrx_word' id='word_1_343' title='bbox 801 4635 848 4668; x_wconf 86' lang='lat' dir='ltr'><strong>una</strong></span> <span class='ocrx_word' id='word_1_344' title='bbox 869 4636 923 4669; x_wconf 89' lang='lat' dir='ltr'>cum</span> <span class='ocrx_word' id='word_1_345' title='bbox 945 4635 1014 4678; x_wconf 89' lang='lat' dir='ltr'>sene,</span> <span class='ocrx_word' id='word_1_346' title='bbox 1038 4620 1078 4683; x_wconf 91' lang='grc'><strong>661</strong></span> <span class='ocrx_word' id='word_1_347' title='bbox 1104 4620 1207 4683; x_wconf 77' lang='lat' dir='ltr'>agellum</span> <span class='ocrx_word' id='word_1_348' title='bbox 1230 4637 1294 4669; x_wconf 90' lang='lat' dir='ltr'>nunc</span> <span class='ocrx_word' id='word_1_349' title='bbox 1317 4623 1433 4685; x_wconf 87' lang='lat' dir='ltr'>possidet,</span> <span class='ocrx_word' id='word_1_350' title='bbox 1460 4622 1632 4684; x_wconf 84' lang='lat' dir='ltr'>inveniuntque</span> 
     </span>
     <span class='ocr_line' id='line_1_40' title="bbox 432 4702 1634 4774; baseline -0.001 -20"><span class='ocrx_word' id='word_1_351' title='bbox 432 4709 590 4761; x_wconf 84' lang='lat' dir='ltr'>thesaurum,</span> <span class='ocrx_word' id='word_1_352' title='bbox 613 4719 684 4766; x_wconf 86' lang='lat' dir='ltr'>quem</span> <span class='ocrx_word' id='word_1_353' title='bbox 706 4718 776 4752; x_wconf 87' lang='grc'><strong>66666</strong></span> <span class='ocrx_word' id='word_1_354' title='bbox 801 4702 902 4759; x_wconf 86' lang='grc'><strong>6611661,</strong></span> <span class='ocrx_word' id='word_1_355' title='bbox 919 4702 1054 4750; x_wconf 85' lang='lat' dir='ltr'>adolescens</span> <span class='ocrx_word' id='word_1_356' title='bbox 1072 4703 1097 4750; x_wconf 91' lang='lat' dir='ltr'><strong>in</strong></span> <span class='ocrx_word' id='word_1_357' title='bbox 1116 4702 1169 4751; x_wconf 90' lang='grc'><strong>1666</strong></span> <span class='ocrx_word' id='word_1_358' title='bbox 1185 4702 1230 4774; x_wconf 83' lang='grc'><strong>6111</strong></span> <span class='ocrx_word' id='word_1_359' title='bbox 1249 4703 1360 4752; x_wconf 83' lang='lat' dir='ltr'>vindicet.</span> <span class='ocrx_word' id='word_1_360' title='bbox 1380 4702 1446 4762; x_wconf 81' lang='lat' dir='ltr'>Vide,</span> <span class='ocrx_word' id='word_1_361' title='bbox 1465 4709 1582 4768; x_wconf 87' lang='lat' dir='ltr'>quantum</span> <span class='ocrx_word' id='word_1_362' title='bbox 1599 4705 1634 4753; x_wconf 91' lang='lat' dir='ltr'><strong>in·</strong></span> 
     </span>
     <span class='ocr_line' id='line_1_41' title="bbox 432 4783 1596 4850; baseline -0.002 -13"><span class='ocrx_word' id='word_1_363' title='bbox 432 4787 520 4845; x_wconf 85' lang='lat' dir='ltr'>tersit,</span> <span class='ocrx_word' id='word_1_364' title='bbox 538 4801 657 4850; x_wconf 86' lang='lat' dir='ltr'>quamque</span> <span class='ocrx_word' id='word_1_365' title='bbox 675 4785 769 4834; x_wconf 86' lang='lat' dir='ltr'>indrms</span> <span class='ocrx_word' id='word_1_366' title='bbox 786 4784 818 4833; x_wconf 89' lang='lat' dir='ltr'><strong>sit</strong></span> <span class='ocrx_word' id='word_1_367' title='bbox 833 4783 953 4835; x_wconf 85' lang='lat' dir='ltr'>conclusio</span> <span class='ocrx_word' id='word_1_368' title='bbox 971 4784 1027 4834; x_wconf 88' lang='grc'><strong>1166</strong></span> <span class='ocrx_word' id='word_1_369' title='bbox 1044 4785 1144 4834; x_wconf 87' lang='grc'><strong>1616616</strong></span> <span class='ocrx_word' id='word_1_370' title='bbox 1161 4801 1174 4834; x_wconf 91' lang='grc'><strong>6</strong></span> <span class='ocrx_word' id='word_1_371' title='bbox 1193 4786 1228 4835; x_wconf 81' lang='lat' dir='ltr'><strong>M.</strong></span> <span class='ocrx_word' id='word_1_372' title='bbox 1246 4785 1337 4834; x_wconf 83' lang='lat' dir='ltr'>Schera</span> <span class='ocrx_word' id='word_1_373' title='bbox 1354 4786 1378 4834; x_wconf 91' lang='lat' dir='ltr'><strong>in</strong></span> <span class='ocrx_word' id='word_1_374' title='bbox 1399 4787 1431 4836; x_wconf 90' lang='lat' dir='ltr'><strong>H.</strong></span> <span class='ocrx_word' id='word_1_375' title='bbox 1449 4786 1498 4835; x_wconf 89' lang='lat' dir='ltr'>litt.</span> <span class='ocrx_word' id='word_1_376' title='bbox 1519 4788 1540 4835; x_wconf 87' lang='lat'><strong>1.</strong></span> <span class='ocrx_word' id='word_1_377' title='bbox 1556 4788 1596 4836; x_wconf 87' lang='grc'><strong>13.</strong></span> 
     </span>
    </p>
   </div>
   <div class='ocr_carea' id='block_1_5' title="bbox 0 0 2268 5940">
    <p class='ocr_par' dir='ltr' id='par_1_11' title="bbox 0 0 2268 5940">
     <span class='ocr_line' id='line_1_42' title="bbox 0 0 2268 5940; baseline 0 0"><span class='ocrx_word' id='word_1_378' title='bbox 0 0 2268 5940; x_wconf 95' lang='lat' dir='ltr'><strong> </strong></span> 
     </span>
    </p>
   </div>
  </div>
 </body>
</html>
