4525 5950
852 1312 1249 1405 HENGEVINIUst

979 1541 1103 1582 sosslrst'r

812 1725 848 1789 P.
879 1724 909 1790 J.
941 1724 988 1788 M.
1018 1722 1118 1789 VAN
1150 1721 1283 1788 (lits.

936 2026 1149 2070 *ΘΒ-’-

931 2284 1021 2334 Incerti
1039 2284 1144 2333 auctoris
1159 2286 1193 2332 De
1207 2283 1300 2333 rutioue
1309 2284 1400 2333 dicendi
1410 2286 1440 2333 ad
1450 2283 1477 2333 C.
1488 2284 1638 2334 Herennium

964 2366 1019 2415 libri
1037 2365 1072 2414 IV
1089 2366 1138 2430 [M.
1153 2367 1218 2415 'lulli
1236 2367 1357 2415 Ciceronis
1370 2368 1399 2414 ad
1417 2367 1566 2416 Herennium
1582 2365 1638 2415 libri

963 2448 1019 2514 vl]‚
1037 2449 1112 2498 edidit
1129 2449 1264 2499 Fridericus
1283 2450 1354 2497 Marx
1371 2449 1474 2514 (Lipsiae
1491 2448 1517 2498 in
1536 2447 1639 2498 Aedibus

966 2533 995 2581 B.
1013 2532 1042 2580 G.
1061 2530 1178 2581 Teubneri
1198 2532 1279 2591 1894).

491 2732 586 2796 Marx
606 2752 637 2795 v.
656 2728 695 2795 cl.
716 2729 857 2794 codicem
877 2725 1159 2813 Herbipolitanum
1179 2725 1506 2812 (wirceburgensem)
1526 2726 1641 2791 descri-

443 2839 522 2902 bens
554 2838 630 2902 haec
661 2835 759 2900 habet
789 2840 833 2919 (p.
862 2835 900 2898 11
916 2842 993 2919 sq.):
1026 2831 1115 2909 „ool
1142 2829 1184 2896 75
1216 2834 1336 2918 pagina
1360 2834 1482 2917 postica
1505 2830 1639 2916 explicit

442 2942 527 3008 liber
556 2942 594 3007 ed
626 2941 704 3007 Her.
729 2940 782 3018 Vl,
814 2939 940 3005 addilae
963 2943 1039 3004 suut
1062 2938 1102 3003 ab
1125 2939 1256 3005 bomine
1280 2937 1424 3005 eiusdem
1449 2937 1567 3004 saeculi
1592 2939 1638 3002 in·

441 3052 632 3135 scriptiones
660 3050 812 3112 metricae
843 3068 882 3111 ex
905 3045 1047 3111 ecclesiis
1070 3046 1160 3110 urbis
1183 3045 1304 3111 Romae
1328 3051 1477 3131 sumptae
1501 3046 1637 3129 scriptae

440 3156 561 3220 litteris
581 3153 780 3239 Kerolingiis
796 3151 955 3238 parvulis,
977 3172 1057 3236 quae
1077 3150 1240 3236 complent
1259 3149 1413 3217 101750.
1433 3157 1466 3216 01
1485 3148 1637 3217 scitor.

442 3284 460 3327 0
492 3262 608 3346 quibus
639 3281 705 3325 una
734 3258 873 3325 celebrat
903 3264 1112 3323 monumenta
1144 3256 1306 3323 Paschalis
1337 3257 1353 3320 1
1382 3260 1436 3342 qui
1468 3278 1550 3342 papa
1573 3256 1637 3321 fuit

444 3366 643 3432 817-824:
676 3365 757 3430 conf.
790 3364 828 3430 10
859 3363 993 3429 Rossius
1023 3361 1126 3431 IOUR
1149 3362 1181 3428 11
1206 3363 1222 3427 l
1248 3385 1279 3448 p.
1308 3361 1371 3427 154
1384 3384 1470 3449 seqq.
1497 3399 1539 3411 -··
1565 3361 1634 3428 Fol.

443 3473 488 3541 76
501 3496 532 3539 r.
558 3474 635 3538 haec
655 3472 828 3558 leguntur:

557 3600 654 3665 quem
678 3584 763 3644 terra

557 3686 682 3772 pondus
705 3704 789 3749 nunc
813 3684 952 3748 dimittis
975 3704 1105 3748 servum
1130 3687 1224 3747 tuum
1248 3682 1377 3748 domine
1400 3704 1531 3749 servum

558 3789 733 3856 secundum
757 3789 892 3854 verbum
917 3787 1044 3853 domine
1068 3794 1163 3853 tuum
1186 3790 1220 3852 in
1244 3808 1319 3872 pace

558 3918 596 3961 ex
620 3917 708 3961 more
732 3894 816 3960 docti
841 3896 969 3958 mistico
993 3914 1160 3959 servamus
1183 3894 1397 3974 tenpcoinium.

440 4001 641 4068 Vocabulum
665 4001 821 4067 ultimum
845 4005 1007 4085 potestat
1030 3999 1097 4084 legi
1120 4000 1344 4082 ementatum:
1364 3999 1421 4065 ille
1443 4007 1549 4067 temen
1569 4005 1636 4067 0100

440 4110 540 4175 10110
563 4107 767 4195 praeferenda
788 4109 850 4172 erit
872 4105 978 4171 lectio.
1004 4104 1072 4170 Fol.
1099 4103 1140 4170 77
1164 4102 1274 4186 (780.)
1299 4106 1442 4194 Oeggius
1466 4107 1548 4195 legit
1568 4131 1634 4190 per-

440 4220 526 4280 bctce
543 4215 667 4297 scripsit
681 4251 721 4262 -
735 4234 798 4300 qua
818 4213 856 4279 de
877 4235 910 4278 re
930 4213 1011 4278 coni.
1033 4209 1068 4279 O.
1089 4210 1214 4276 Halmii
1233 4212 1386 4278 Analecta
1397 4212 1547 4279 Tulliana
1559 4214 1633 4279 fasc.

439 4324 454 4388 Ι
479 4346 511 4408 p.
534 4340 578 4398 rr,
600 4323 656 4406 qui
676 4319 818 4386 codicem
838 4318 977 4385 contulit
995 4320 1122 4404 primus
1141 4324 1174 4384 01
1192 4317 1345 4384 lectiones
1365 4340 1404 4384 ex
1425 4321 1534 4386 codice
1554 4324 1632 4386 00110

440 4428 614 4513 diligenter
645 4433 809 4511 excerptas
838 4424 862 4490 1.
887 4446 912 4490 0.
944 4425 1054 4490 edidit.
1086 4424 1173 4504 Quae
1204 4426 1302 4490 verba
1331 4447 1415 4491 nunc
1439 4426 1504 4492 fere
1528 4426 1632 4492 delete

438 4539 574 4619 possunt
606 4530 737 4616 quidem
767 4552 835 4597 esse
866 4534 936 4597 eius
967 4534 1023 4617 qui
1050 4530 1171 4595 librum
1196 4536 1302 4596 totum
1325 4535 1478 4597 exaravit.
1502 4532 1554 4597 Illi
1578 4536 1634 4618 qui

437 4638 630 4705 antecedunt
654 4636 708 4703 fol.
734 4635 777 4704 76
790 4660 822 4703 v.
846 4659 975 4715 versus,
999 4659 1136 4724 quorum
1160 4637 1298 4702 ultimus
1322 4640 1546 4703 transiectione
1568 4660 1637 4704 ver·

439 4747 554 4811 borum
578 4750 610 4810 01
634 4746 778 4809 numeris
801 4744 951 4830 qualibus
974 4744 1089 4832 hymni
1108 4750 1297 4831 panguntur
1315 4750 1442 4830 poetam
1462 4745 1570 4833 prodit
1588 4746 1636 4811 ita
