4525 5950
1063 700 1205 747 ricinus.
1678 683 1742 746 193

539 866 729 950 principum
760 863 927 928 inclinatio
949 866 983 928 in
1006 864 1083 940 hos,
1108 862 1236 928 offensio
1260 865 1294 926 in
1318 862 1409 938 illos,
1433 884 1473 927 an
1498 866 1539 927 sit
1563 863 1683 949 aliquid
1707 867 1741 928 in

540 972 665 1035 nostris
695 969 838 1035 consiliis
868 967 1026 1054 liceatque
1055 972 1140 1034 inter
1171 970 1341 1054 abruptam
1374 972 1607 1034 contumaciam
1637 977 1669 1034 et
1692 970 1742 1035 de·

541 1076 648 1140 forme
671 1075 860 1159 obsequium
885 1095 1017 1161 pergere
1040 1077 1103 1139 iter
1125 1075 1299 1139 ambitione
1319 1094 1354 1138 ac
1375 1073 1526 1159 periculis
1546 1076 1718 1140 vacuum.”

590 1178 783 1264 Unquamne
815 1180 896 1245 duos
925 1179 1027 1256 locos,
1055 1180 1181 1244 diverso
1214 1184 1357 1264 tempore
1391 1181 1543 1264 scriptos,
1569 1186 1635 1244 tam
1658 1183 1741 1246 inter

541 1307 577 1350 ee
602 1291 757 1371 cognatos
780 1285 894 1350 vidisti
917 1306 1014 1370 quam
1038 1285 1122 1349 hunc
1142 1284 1181 1350 de
1201 1287 1254 1348 via
1274 1283 1379 1348 media
1400 1288 1564 1350 tutissima
1582 1286 1742 1372 illumque

543 1413 581 1456 ex
617 1390 768 1477 Agricola
798 1390 837 1456 de
864 1393 991 1477 magnis
1015 1393 1112 1466 viris,
1138 1392 1194 1475 qui
1218 1391 1316 1454 etiam
1340 1390 1399 1454 sub
1424 1389 1519 1455 malis
1544 1393 1741 1477 principibus

543 1500 613 1562 tnti
643 1495 783 1562 fuerint?
815 1496 858 1561 Elt
889 1517 992 1562 nonne
1024 1496 1212 1580 utrobique,
1246 1501 1412 1579 tamquam
1436 1498 1471 1559 in
1496 1500 1651 1573 transitu,
1674 1520 1739 1583 per-

540 1607 750 1690 stringuntur
775 1603 922 1680 „insani”
945 1601 1014 1680 illi,
1040 1604 1095 1687 qni
1119 1608 1188 1666 tota
1211 1605 1360 1666 suavita
1385 1624 1449 1666 non
1474 1608 1540 1667 tam
1562 1604 1638 1688 qnid
1657 1611 1741 1670 esset

542 1711 772 1774 cautissimum
811 1711 1016 1794 maximeque
1049 1706 1203 1793 periculis
1238 1728 1396 1784 vacuum,
1433 1707 1488 1773 sed
1523 1710 1600 1794 quid
1635 1713 1740 1775 victua

543 1814 752 1899 officiumque
782 1835 880 1879 sunm
911 1813 1090 1899 postularet
1121 1810 1328 1898 rogaverint?
1363 1813 1480 1877 Laetus
1510 1836 1543 1879 se
1574 1815 1737 1900 aequalem

540 1919 686 2005 aliquem
705 1918 834 1984 Tiberio
853 1922 1013 1984 invenisse
1034 1917 1237 2004 Agricolam,
1251 1937 1288 1982 ea
1300 1920 1460 1983 occasions
1474 1922 1577 1984 utitur
1589 1920 1738 1986 dilectam

539 2024 636 2089 illam
659 2026 720 2090 sibi
744 2025 925 2110 proferendi
949 2025 1225 2110 reprehensionem
1251 2044 1361 2088 eorum
1382 2027 1544 2102 virorum,
1565 2027 1739 2112 dequibus

541 2133 688 2216 cogitare
720 2152 781 2195 non
805 2136 911 2216 potest
935 2133 1011 2215 quin
1036 2132 1308 2215 comparationem
1333 2138 1490 2195 vereatur.
1516 2131 1665 2199 Fueritne
1689 2133 1740 2198 Ti·
1823 2198 1827 2206 ,

540 2237 632 2301 bario
662 2238 841 2321 imperante
857 2235 975 2300 ‘eadem
998 2234 1113 2300 Stoicis
1137 2237 1271 2299 virtutis
1295 2255 1370 2299 suae
1393 2237 1597 2301 ostentandae
1621 2241 1739 2303 occasio

543 2362 628 2425 qnae
659 2342 717 2405 sub
748 2340 953 2417 Domitiano,
985 2361 1100 2425 parum
1125 2345 1233 2417 curat,
1258 2338 1311 2404 vel
1334 2342 1441 2425 petius
1465 2341 1564 2405 talem
1589 2364 1646 2407 sna
1669 2364 1738 2407 nar-

541 2448 667 2510 ratione
697 2444 818 2510 Tiberii
849 2449 1065 2531 principatum
1097 2444 1192 2531 lingit
1215 2449 1252 2508 ut
1276 2443 1364 2508 locus
1388 2447 1430 2508 sit
1455 2445 1486 2509 et
1510 2449 1613 2510 cantis
1637 2448 1739 2512 homi·

539 2551 640 2615 nibus
671 2573 837 2616 summum
869 2555 954 2616 vitae
984 2549 1165 2635 pericnlum
1197 2552 1280 2614 mira
1302 2550 1440 2633 quadam
1464 2552 1642 2616 vitantibus
1666 2574 1738 2637 pru·

544 2656 657 2721 dantia
678 2657 710 2722 et
736 2658 911 2743 „abruptae
933 2654 1186 2721 contumaciae'’.

590 2761 779 2828 Boiseierins
802 2767 835 2827 in
860 2765 1000 2848 egregiis
1023 2760 1106 2838 illis,
1132 2781 1211 2846 quas
1235 2764 1383 2845 proximo
1407 2781 1490 2825 anno
1514 2760 1634 2846 publici
1656 2765 1738 2828 iuris

539 2870 638 2946 fecit,
662 2868 700 2933 de
723 2867 832 2933 Tacito
856 2868 1129 2953 disputationibus
1152 2874 1185 2931 et
1204 2867 1266 2932 alia
1285 2865 1390 2930 multa
1409 2866 1529 2950 profert
1548 2867 1738 2954 dignissima

541 2997 625 3062 quae
660 2982 804 3040 accurate
837 2974 1072 3060 perpendamus
1107 2979 1139 3037 et
1168 2974 1244 3038 hoc:
1282 2972 1509 3050 „Domitianus
1541 2995 1643 3060 neqne
1674 2976 1737 3040 fuit

539 3084 652 3147 fatuus
686 3087 724 3145 ut
760 3078 927 3166 Caligula,
959 3100 1062 3164 neque
1093 3080 1189 3144 hebes
1220 3085 1256 3142 nt
1288 3077 1460 3155 Claudius3
1492 3079 1596 3145 multo
1633 3084 1737 3167 magis

540 3187 663 3252 'liberii
696 3184 813 3250 similis
843 3186 924 3251 est.’'
960 3186 1033 3251 Non
1064 3188 1223 3248 miramur
1253 3187 1338 3261 viro,
1372 3187 1428 3270 qni
1458 3188 1492 3249 in
1516 3185 1625 3251 Tacito
1649 3193 1736 3251 totus

541 3297 603 3370 sit,
628 3294 675 3357 ita
699 3292 816 3368 videri,
840 3312 915 3357 nam
940 3296 1067 3356 strenue
1092 3311 1221 3375 operam
1245 3289 1299 3354 dat
1321 3288 1451 3354 Tacitus
1471 3297 1508 3354 ut
1529 3290 1625 3356 talem
1646 3293 1736 3356 nobis

538 3398 707 3462 Tiberium
742 3399 848 3462 animo
882 3397 1102 3462 informemus.
1140 3394 1276 3460 Strenue
1310 3416 1439 3479 operam
1473 3395 1547 3473 dat,
1574 3400 1640 3474 aio;
1673 3419 1736 3461 non

539 3505 629 3569 enim
660 3502 858 3587 imprudenti
890 3501 1016 3579 Tacito,
1041 3523 1116 3566 cum
1142 3501 1180 3565 de
1204 3500 1382 3565 Domitiani
1405 3504 1527 3587 cogitat
1549 3504 1734 3588 tyrannide,

537 3608 661 3672 Tiberii
694 3610 893 3692 principatus
928 3610 962 3670 in
992 3613 1135 3671 mentem
1168 3608 1273 3680 venit3
1307 3607 1455 3670 omnibns
1486 3608 1590 3672 modis
1614 3609 1734 3673 efficere

536 3712 647 3777 studet
682 3719 720 3776 nt
753 3711 805 3776 illi
841 3714 999 3797 principes
1030 3732 1127 3797 qnam
1157 3713 1299 3775 maxime
1328 3714 1414 3776 inter
1446 3734 1478 3777 se
1502 3713 1580 3777 fiant
1602 3714 1732 3779 similes.

538 3818 611 3903 Ipse
642 3818 702 3881 hoc
735 3817 862 3882 disertis
896 3818 1003 3882 verbis
1035 3816 1174 3882 declarat
1197 3818 1235 3880 A.
1262 3815 1315 3893 lV,
1342 3817 1395 3881 32.
1427 3816 1464 3880 ln
1489 3825 1557 3882 arto
1582 3820 1641 3882 sibi
1666 3840 1734 3884 esse

536 3933 570 3990 et
599 3922 778 4009 inglorium
809 3922 950 3989 laborem
981 3925 1043 4001 ait;
1074 3945 1136 3988 non
1168 3944 1260 4008 posse
1292 3944 1368 3987 suos
1397 3922 1495 3988 libros
1526 3945 1734 3991 cumeorum

535 4031 716 4114 comparari
746 4029 906 4106 historiis,
939 4031 994 4112 qni
1025 4028 1063 4093 de
1095 4027 1197 4094 libera
1227 4032 1411 4113 scripserint
1443 4029 1624 4114 republica:
1659 4040 1734 4097 tnnc

537 4137 648 4201 omnia
682 4135 780 4199 fuisse
816 4155 951 4220 magna,
988 4132 1147 4220 gloriosa,
1179 4133 1319 4211 excelea;
1353 4137 1471 4200 amissa
1501 4135 1648 4201 libertate
1678 4141 1733 4201 vir

536 4240 716 4326 quidquam
745 4260 814 4304 esse
843 4245 952 4304 actum
985 4239 1069 4324 quod
1100 4262 1163 4304 non
1187 4246 1367 4304 memoratu
1390 4240 1462 4306 leve
1485 4242 1587 4307 videri
1610 4242 1732 4307 debeat.

535 4346 641 4423 Tum,
672 4353 842 4431 postquam
872 4348 907 4408 in
936 4348 1124 4410 universum
1149 4348 1298 4431 exposuit
1323 4347 1400 4431 quid
1426 4349 1553 4410 intersit
1574 4348 1659 4411 inter
1681 4370 1733 4433 po

533 4451 646 4538 palare
669 4453 845 4534 imperium
869 4454 1021 4515 etunius
1045 4453 1108 4515 viri
1134 4451 1403 4526 dominationem,
1426 4454 1470 4515 sic
1494 4455 1617 4538 pergit:

581 4556 710 4642 „lgitnr
743 4562 782 4619 ut
818 4554 898 4621 olim
936 4555 1027 4641 plebe
1063 4555 1186 4634 valida,
1226 4555 1280 4621 vel
1315 4578 1388 4621 cnm
1423 4563 1528 4641 patres
1560 4558 1729 4643 pollerent,

529 4662 688 4727 noscenda
712 4660 806 4748 vulgi
829 4669 960 4738 ustura,
985 4669 1017 4727 et
1042 4663 1159 4746 quibus
1183 4662 1288 4727 modis
1313 4668 1528 4747 temperanter
1551 4664 1729 4742 haberetur,

529 4774 725 4851 senatusque
755 4775 787 4831 et
819 4770 1026 4851 optimatium
1062 4770 1192 4855 ingenia
1223 4770 1278 4853 qui
1310 4771 1451 4834 manime
1481 4769 1729 4855 perdidicerant‚
