4525 5950
533 683 598 750 142
1053 702 1197 750 usurus.

531 888 668 953 gnarus,
693 888 728 930 ac
751 887 790 929 ne
815 871 944 931 externa
964 866 1066 931 moles
1090 871 1254 952 utrimque
1274 872 1453 955 ingrueret,
1473 872 1499 933 si
1521 868 1631 935 Dacus
1651 867 1725 935 Ger

532 995 708 1058 manusque
731 972 849 1038 diversi
872 975 1096 1059 irrupissent.''

576 1080 639 1146 Hic
662 1101 721 1166 ego
745 1101 819 1144 cum
838 1077 1040 1145 Viirtheimio
1061 1101 1131 1144 meo
1153 1081 1254 1145 iacere
1273 1088 1402 1165 paratus
1420 1103 1509 1159 sum,
1531 1104 1591 1167 pro
1607 1105 1727 1165 querar

531 1189 711 1252 coniicienti
729 1187 867 1266 gnoma:
889 1185 973 1270 apud
992 1184 1182 1251 Cremonam
1203 1191 1317 1252 vicisse
1337 1209 1413 1252 snos
1431 1190 1606 1274 ignorabat
1625 1193 1727 1254 etiam

531 1292 719 1368 Mucianus,
744 1314 805 1376 quo
825 1295 929 1379 magis
949 1292 1031 1356 illud
1052 1314 1070 1357 a
1089 1292 1182 1358 Dacis
1202 1297 1372 1358 imminens
1393 1293 1591 1379 pericnlum,
1613 1304 1728 1380 utpote

531 1401 563 1463 in
594 1420 626 1463 re
658 1401 808 1483 ancipiti,
839 1400 1014 1463 metuebat.
1046 1399 1117 1464 Non
1146 1403 1223 1484 quin
1247 1409 1280 1465 et
1302 1404 1436 1466 nuntius
1459 1401 1498 1465 de
1521 1401 1610 1466 felici
1635 1401 1728 1466 illins

531 1525 659 1590 pugnae
687 1508 776 1568 exitu
800 1503 990 1569 Mucianum
1016 1526 1052 1570 eo
1076 1505 1229 1571 adducere
1252 1509 1395 1591 potnerit
1417 1514 1454 1570 nt
1478 1506 1576 1571 Dacis
1594 1509 1729 1573 obuiam

531 1615 608 1676 iret:
640 1613 757 1676 sciebat
789 1614 874 1675 enim
906 1610 1031 1675 nullam
1062 1634 1147 1676 nunc
1180 1634 1308 1678 causam
1340 1634 1408 1678 esse
1439 1635 1495 1678 cur
1519 1634 1596 1678 eum
1624 1618 1729 1700 copiis

531 1721 598 1782 suis
627 1720 660 1781 in
689 1716 817 1781 Italiam
847 1725 1048 1801 properaret,
1077 1718 1168 1783 hoste
1191 1720 1237 1783 ibi
1261 1739 1279 1782 a
1302 1721 1461 1803 praesenti
1483 1721 1633 1784 exercitu
1659 1719 1731 1785 Fla·

531 1827 626 1889 viano
657 1826 722 1887 iam
755 1822 929 1909 profligato.
962 1823 1024 1888 Sed
1055 1845 1112 1908 pro
1145 1827 1281 1901 „certior
1313 1826 1416 1890 factus
1445 1825 1484 1889 de
1514 1823 1731 1892 Cremonensi

531 1931 686 1995 victoria''
711 1929 824 1994 Latine
849 1933 903 1994 vix
928 1929 991 1994 dici
1014 1952 1106 2015 posse
1130 1930 1277 1995 uidetur:
1303 1930 1549 2008 „Cremonensis
1573 1935 1732 1998 victoriae

433 2118 436 2124 Ι
531 2038 683 2124 gnarus.'’

577 2253 619 2316 H.
644 2250 701 2328 111,
723 2250 776 2315 50.
798 2248 991 2331 „(Flaviani)
1010 2254 1168 2316 exercitus
1188 2251 1346 2335 ducesque
1366 2251 1404 2316 ad
1424 2251 1549 2316 Fanum
1563 2251 1731 2319 Fortunae

531 2361 593 2423 iter
616 2361 749 2434 sistunt,
774 2357 812 2422 de
836 2378 963 2422 summa
986 2378 1093 2422 rernm
1117 2364 1319 2434 cunctantes,
1344 2358 1429 2443 quod
1451 2365 1558 2423 motas
1582 2381 1624 2424 ex
1653 2362 1730 2426 urbo

531 2467 703 2549 praetorias
729 2465 872 2529 cobortes
897 2464 1062 2529 audierant
1087 2471 1120 2529 et
1143 2469 1242 2529 teneri
1263 2465 1431 2549 praesidiis
1449 2468 1668 2550 Apenninum
1687 2489 1732 2532 re

531 2572 666 2647 bantur;
699 2579 731 2635 et
761 2575 847 2656 ipsos
879 2573 912 2634 in
944 2573 1074 2657 regione
1105 2570 1190 2636 bello
1220 2575 1332 2636 attrita
1363 2574 1469 2656 inopia
1496 2587 1529 2636 et
1552 2572 1730 2639 seditiosae

531 2677 675 2742 militnm
706 2699 799 2743 voces
823 2678 1001 2754 terrebant,
1027 2676 1204 2742 clavarium
1227 2678 1385 2758 (donativi
1409 2699 1523 2743 nomen
1549 2686 1615 2750 est)
1641 2680 1730 2768 flagi·

532 2782 706 2848 tantium.”

577 2889 660 2969 Quid
691 2890 751 2954 sibi
782 2890 834 2954 hic
866 2893 929 2954 ista
960 2912 1023 2955 vox
1054 2890 1135 2972 ipseo
1158 2889 1237 2954 velit
1260 2891 1344 2955 dicat
1368 2893 1423 2977 qui
1447 2893 1535 2955 sciat.
1562 2894 1616 2955 An
1642 2895 1731 2957 duces

531 3018 567 3062 ea
589 2996 763 3083 significari
788 2996 960 3083 putemus?
984 3000 1026 3061 At
1052 3006 1118 3063 tota
1137 2999 1214 3063 baec
1235 2998 1419 3063 deliberatio
1439 2998 1558 3062 docum
1580 3007 1645 3077 est,
1668 3022 1728 3066 non

531 3096 689 3180 universi,
721 3111 759 3167 nt
790 3106 911 3188 opinor,
944 3107 1109 3169 exereitus.
1144 3103 1261 3169 Verum
1293 3103 1364 3190 lege
1396 3106 1472 3187 epac,
1505 3108 1620 3169 omnia
1654 3128 1730 3172 sana

530 3212 720 3296 integraque
745 3219 855 3274 erunt:
883 3219 953 3275 tum
978 3213 1063 3275 enim
1087 3211 1156 3293 ipsc
1179 3212 1270 3293 regio,
1296 3214 1317 3274 i.
1339 3233 1365 3275 e.
1390 3214 1478 3297 regio
1501 3213 1534 3274 in
1560 3233 1630 3295 qna
1655 3235 1729 3279 cum

531 3319 671 3382 maxime
703 3318 821 3392 sedent,
854 3325 1031 3402 opponetur
1062 3315 1173 3382 Italiae
1206 3323 1238 3381 et
1261 3320 1464 3402 Appennino,
1489 3316 1547 3381 nbi
1571 3324 1730 3404 graviora

532 3427 629 3488 etiam
652 3424 713 3488 sibi
737 3424 919 3509 impendere
943 3423 1083 3507 pericula
1106 3427 1318 3508 suspicantur.

577 3634 619 3699 H.
639 3635 696 3712 ΙΙΙ,
718 3636 770 3700 56.
792 3636 926 3700 Romam
944 3639 1117 3700 revertitur
1128 3634 1295 3713 Vitellius,
1316 3636 1354 3701 de
1367 3656 1528 3701 succensa
1540 3636 1729 3722 desperans,

532 3745 693 3827 otioseque
723 3743 769 3807 ibi
799 3741 936 3818 desidet,
970 3764 1044 3806 cum
1069 3750 1176 3806 tamen
1201 3746 1388 3827 peritissimi
1412 3746 1645 3810 centurionum
1672 3748 1731 3812 for·

531 3852 607 3916 titer
638 3849 759 3936 agendo
792 3856 892 3913 totam
923 3870 990 3912 rem
1022 3852 1149 3912 restitui
1173 3871 1263 3934 posse
1287 3849 1477 3925 clamarent,
1500 3847 1600 3933 idque
1628 3856 1728 3918 etiarn

531 3959 639 4041 ipsum
664 3955 832 4020 Vitellium
856 3956 966 4020 docere
990 3958 1163 4041 gestirent:

579 4064 737 4139 „Arcuere
761 4084 813 4127 eos
836 4064 944 4125 intimi
968 4065 1147 4127 amicorum
1172 4061 1314 4140 Vitellii,
1339 4065 1384 4127 ita
1403 4062 1549 4126 formatis
1569 4067 1729 4152 principie

532 4169 663 4234 auribus
686 4178 723 4232 ut
745 4189 872 4253 aspera,
897 4188 977 4252 quae
1001 4167 1112 4244 utilia,
1137 4189 1193 4232 nee
1217 4172 1387 4253 quicquam
1411 4170 1473 4231 nisi
1493 4169 1679 4236 iucundum
1699 4179 1730 4236 et

533 4275 695 4340 laesurum
719 4274 906 4359 acciperet.'’

577 4381 641 4445 Pro
672 4404 795 4462 aspera,
827 4380 909 4464 quod
941 4379 1026 4444 haud
1058 4379 1153 4444 dubie
1184 4386 1371 4464 corruptum
1395 4378 1491 4457 (nihil
1514 4383 1602 4444 enim
1630 4383 1728 4448 habet

531 4508 593 4571 quo
614 4489 790 4564 referatur),
811 4486 911 4571 vulgo
931 4489 1083 4571 recipitur
1103 4486 1348 4571 Bipontinornm
1369 4488 1520 4551 correctio
1538 4510 1657 4568 capere.
1684 4494 1726 4553 nt

532 4615 615 4657 nuuc
634 4596 667 4656 in
688 4593 788 4657 altero
809 4596 984 4657 scrutentiae
1004 4594 1166 4658 membro:
1190 4596 1455 4678 „necquicquam
1477 4630 1519 4641 -
1541 4597 1724 4679 acciperet’'

532 4708 639 4764 mente
659 4701 763 4775 uobis,
783 4700 816 4763 id
836 4699 918 4783 quod
939 4700 1112 4763 admodum
1134 4699 1266 4776 durum,
1288 4698 1502 4784 supplendum
1522 4709 1572 4763 est
1588 4700 1728 4765 labeum

532 4805 658 4870 aliudve
681 4805 869 4870 adverbium
890 4809 924 4868 in
944 4806 1023 4868 bano
1044 4809 1246 4870 sententiam.
1271 4805 1454 4870 Lacunosus
1473 4803 1565 4869 locus
1584 4816 1651 4884 est,
1673 4808 1727 4872 sed
