4525 5950
534 693 577 758 66
1068 706 1213 755 ricinus.

578 874 615 937 A.
636 869 721 947 XIV,
745 869 797 934 12.
820 870 1045 934 Abiectissima
1064 868 1245 957 adulatione
1263 874 1422 934 senatores
1436 876 1598 934 mortuam
1612 871 1726 955 Agrip·

530 981 641 1063 pinam
665 978 753 1042 omni
778 974 973 1040 contumelia
996 975 1157 1040 afficiunt:

577 1083 737 1160 „Thrasea
761 1081 878 1146 Paetus
901 1080 1028 1145 silentio
1053 1080 1105 1145 vel
1129 1081 1218 1144 brevi
1238 1100 1368 1144 assensu
1387 1084 1508 1165 priores
1527 1080 1726 1146 adulationes

530 1192 748 1254 transmittere
771 1186 886 1252 solitus
910 1187 1033 1250 enitircm
1056 1186 1230 1250 oenotriae
1251 1188 1312 1251 sibi
1331 1208 1460 1251 eausam
1479 1185 1617 1271 periculi
1636 1187 1725 1263 fecit,

530 1297 643 1359 ceteris
665 1292 826 1358 libertatis
849 1295 981 1356 Initium
1005 1314 1067 1356 non
1092 1290 1272 1377 praebuit.''

576 1399 629 1464 Sic
660 1399 777 1475 cedex;
810 1399 965 1482 recipitur
996 1396 1186 1482 plerumque
1218 1396 1321 1481 Lipsii
1352 1399 1536 1462 coniectura
1567 1397 1644 1460 ertit
1667 1404 1727 1460 tam

529 1513 653 1582 senatu,
678 1526 758 1590 qnae
781 1507 920 1588 speciosa
940 1503 1071 1588 quidem
1091 1509 1157 1579 est,
1179 1524 1234 1566 nec
1255 1510 1363 1567 tamen
1384 1506 1578 1568 sententiam
1598 1506 1728 1589 praehet

528 1611 567 1675 ab
598 1613 687 1675 omni
711 1615 801 1694 parte
825 1608 1031 1694 probandam.
1057 1607 1141 1687 Quid
1163 1611 1250 1672 enim
1274 1630 1358 1673 nunc
1383 1608 1542 1673 Thraseae
1566 1611 1649 1674 vitio
1675 1608 1727 1672 dat

529 1712 680 1780 Tacitus?
714 1714 804 1794 Quod
835 1720 948 1779 senatu
980 1710 1079 1778 exiit?
1115 1713 1227 1778 Nonne
1258 1735 1335 1799 ergo
1365 1714 1425 1778 hec
1457 1714 1587 1778 decebat
1619 1716 1727 1777 virum

529 1842 664 1907 gravem
695 1824 752 1906 qui
782 1829 961 1886 ceterorum
992 1819 1124 1885 serviles
1155 1823 1375 1885 animes-iam
1407 1821 1487 1885 ferre
1511 1843 1574 1885 non
1597 1819 1726 1906 posset?

531 1928 580 1990 An
604 1927 688 2012 quod
710 1949 773 1991 nen
797 1925 904 2011 palam
925 1927 1042 1991 Neroni
1062 1928 1183 1989 restitit
1204 1932 1372 2010 totumque
1392 1926 1559 1991 admonuit
1578 1936 1724 1992 senatum

529 2040 567 2096 ut
598 2053 694 2117 seque
725 2039 757 2097 et
788 2031 1022 2116 rempublicam
1054 2033 1231 2096 vindIcaret
1261 2035 1295 2095 in
1318 2029 1524 2097 libertatem?
1549 2032 1620 2096 Non
1645 2033 1727 2097 solet

529 2160 583 2204 eoa
600 2137 730 2203 laudare
743 2137 872 2203 Tacitus
886 2141 941 2223 qui
954 2143 1066 2222 sponte
1078 2144 1197 2202 certam
1211 2138 1328 2202 adeunt
1341 2140 1523 2222 perniciem.
1545 2139 1725 2214 Praeterea,

530 2249 602 2308 tum
622 2244 753 2308 demum
775 2247 950 2308 necessaria
969 2251 1052 2308 esset
1068 2243 1171 2327 Lipsii
1183 2247 1365 2308 coniectura
1378 2247 1405 2307 si
1418 2242 1547 2307 aliunde
1559 2252 1726 2328 appareret

530 2350 569 2413 ab
601 2370 638 2414 ee
662 2349 735 2414 inde
761 2357 905 2433 tempere
928 2348 1101 2414 Thraseam
1126 2351 1158 2412 in
1184 2356 1294 2414 senatu
1319 2369 1484 2433 nunqnam
1510 2349 1670 2425 adfuisse;
1695 2355 1726 2413 at

528 2454 606 2532 lect,
638 2476 716 2539 quos
743 2454 955 2539 Nipperdeius
982 2454 1020 2519 ad
1050 2454 1140 2531 XIII,
1163 2454 1205 2518 49
1239 2454 1346 2531 affert,
1378 2457 1574 2519 centrarium
1598 2454 1724 2519 docent.

530 2557 663 2638 Contra,
698 2563 726 2624 si
756 2559 923 2645 vulgatam
956 2563 1150 2634 retinemus,
1176 2559 1253 2644 quid
1277 2560 1406 2624 taudem
1430 2561 1542 2624 fecerit
1565 2559 1724 2624 dixeritve

528 2665 667 2730 Thrasea
700 2688 761 2730 non
798 2666 877 2730 dicit
912 2665 1060 2741 Tacitus,
1093 2665 1148 2729 sed
1181 2672 1346 2750 tamquam
1378 2686 1446 2729 rem
1479 2665 1580 2750 vulgo
1613 2674 1723 2730 notam

527 2775 641 2837 reticet
656 2770 689 2851 ¹).
715 2769 861 2835 Fortasse
884 2791 994 2834 revera
1016 2778 1176 2835 senatores
1199 2770 1384 2834 adhortatus
1408 2776 1456 2835 est
1479 2778 1515 2834 nt
1540 2770 1723 2835 libertatem

527 2883 743 2961 capesserent,
777 2896 838 2939 non
870 2875 975 2939 solum
1003 2877 1122 2940 frustra
1145 2876 1200 2940 sed
1224 2879 1321 2940 etiam
1345 2897 1420 2940 cum
1444 2897 1501 2940 sue
1525 2875 1670 2959 periculo
1694 2881 1723 2940 et

529 2982 705 3046 multorum
736 2988 920 3045 senatorum
951 2985 1099 3066 pernicie.
1125 2981 1208 3061 Quid
1233 2983 1315 3066 quod
1339 2985 1366 3045 si
1389 2981 1470 3046 nihil
1494 2984 1556 3045 nisi
1581 2983 1661 3044 cciii
1681 3005 1721 3046 ae·

528 3094 602 3150 natu
636 3086 791 3160 Thrasea,
828 3086 882 3150 sed
918 3107 990 3150 cum
1023 3087 1160 3171 quadam
1192 3095 1394 3172 contemptus
1426 3092 1458 3151 et
1488 3086 1720 3172 indignationis

526 3195 756 3268 ostentatione,
786 3191 844 3256 illa
875 3214 1001 3278 quoque
1024 3214 1072 3257 res
1095 3200 1169 3256 tecte
1192 3194 1297 3258 verbis
1322 3194 1447 3257 traditis
1470 3195 1578 3278 potuit
1601 3192 1720 3279 signifi·

525 3302 599 3363 cari.
632 3299 762 3363 Etenim
794 3305 917 3363 constat
949 3307 1075 3364 acerte
1099 3300 1238 3384 quedam
1260 3307 1404 3384 tempore
1428 3298 1588 3364 Neronem
1612 3300 1653 3363 de
1676 3303 1719 3363 in·

526 3405 649 3469 dustria
670 3407 703 3467 in
728 3412 887 3468 senatores
910 3404 1014 3469 furere
1038 3409 1194 3489 coepisse;
1215 3426 1318 3469 nonne
1337 3405 1457 3490 aliquid
1478 3405 1561 3490 quod
1582 3404 1719 3470 Thrasea

526 3512 601 3575 fecit
632 3510 754 3574 diritve
785 3510 1017 3595 (qualecunque
1048 3510 1131 3575 illud
1165 3517 1245 3591 erat)
1271 3515 1339 3575 eius
1362 3515 1408 3574 rei
1432 3532 1542 3575 ansam
1569 3512 1718 3594 praebere

529 3613 652 3702 potuit?

573 3723 610 3785 A.
635 3720 721 3795 XIV,
747 3719 789 3785 60
822 3720 920 3798 „Mox
950 3725 983 3785 in
1008 3720 1216 3806 (lampanIam
1240 3722 1333 3807 pulsa
1356 3730 1405 3787 est
1427 3722 1587 3800 (Octavia)
1611 3723 1717 3787 addita

526 3826 661 3890 militari
681 3828 834 3890 custodia.
855 3826 931 3891 Inde
951 3828 1052 3892 crebri
1073 3834 1204 3912 questus
1222 3849 1279 3892 nec
1292 3827 1410 3892 occulti
1421 3849 1477 3911 per
1489 3826 1647 3912 vulgum,
1668 3830 1718 3892 cui

525 3935 630 3996 minor
651 3934 821 4015 sapientia,
842 3953 881 3996 er
901 3932 1120 3997 mediocritate
1140 3933 1285 3997 fortunae
1305 3935 1453 4017 pauciora
1473 3932 1617 4017 pericula
1637 3939 1719 3998 sunt.

526 4038 588 4100 Hie
610 4060 783 4122 quamquam
806 4038 887 4101 Nero
904 4038 1097 4119 paenitentia
1112 4038 1233 4120 flnpitii
1253 4039 1401 4101 revocave't
1421 4037 1599 4102 Octaviam.
1626 4039 1720 4103 Exim

524 4142 601 4208 laeti
633 4141 829 4226 Capitolium
860 4143 1013 4208 scandunt
1047 4143 1183 4227 deosque
1207 4144 1336 4208 tandem
1362 4144 1720 4230 venerantum-Effigies

526 4248 689 4332 Poppaeae
720 4257 890 4332 proruunt,
923 4248 1073 4313 Octaviae
1097 4251 1255 4333 imagines
1278 4257 1406 4335 gestant
1432 4252 1553 4313 umeris
1576 4270 1605 4313 e.
1618 4272 1648 4335 q.
1663 4249 1720 4313 s.”.

525 4353 578 4417 Sic
601 4353 715 4428 cedex3
749 4353 961 4438 NipperdeIus
986 4375 1042 4438 pro
1066 4377 1240 4438 quemquem
1263 4354 1346 4440 legit
1370 4361 1535 4439 turaquum,
1561 4376 1620 4439 pro
1644 4377 1722 4419 rene

526 4458 606 4521 eavit
635 4460 781 4521 revocarit
811 4465 844 4523 et
873 4465 944 4543 post
967 4460 1015 4521 aa
1037 4458 1170 4523 lacunae
1195 4463 1284 4544 ponit
1309 4464 1459 4546 signum;
1485 4461 1661 4537 hactenus,
1686 4467 1722 4525 ut

564 4733 587 4794 1)
607 4732 661 4780 Non
679 4732 793 4781 abhorret
811 4730 855 4778 hoc
871 4730 900 4779 ab
918 4746 960 4779 usn
978 4730 1066 4787 'I'aciti;
1082 4732 1131 4780 inm
1147 4731 1171 4779 in
1187 4730 1381 4796 praecedeutibna
1396 4747 1469 4780 nnnrn
1483 4734 1507 4779 et
1522 4730 1627 4780 alterum
1643 4732 1722 4781 Iocum

527 4813 630 4861 vidimus
648 4812 687 4861 nbi
704 4812 764 4861 iilud
784 4826 826 4860 nan
845 4812 951 4870 veniret,
968 4817 992 4860 et
1009 4811 1069 4860 aIIca
1086 4818 1221 4877 praeterea,
1240 4813 1384 4861 cccaaioncrn
1403 4814 1479 4871 nacti,
1496 4811 1664 4864 indicabImna.
