4525 5950
970 711 1112 760 ruamus.
1589 690 1631 755 53
1662 693 1664 697 ‘

441 875 517 941 Vari
548 884 650 942 castra
679 876 745 942 lato
776 878 899 942 ambitu
923 886 955 943 et
979 877 1131 942 dimensis
1157 880 1320 963 principiis
1344 880 1443 943 trium
1466 878 1632 965 legionum

441 1005 559 1049 manus
581 985 815 1050 ostentabant.”

490 1090 624 1156 Obsecro
649 1113 727 1155 num
751 1094 821 1178 agri
844 1092 1042 1157 mensoribus
1067 1100 1307 1177 castrorumque
1325 1094 1535 1158 metat-oribus
1554 1115 1634 1179 opus

441 1206 490 1262 est
524 1205 559 1261 ut
589 1196 752 1285 intelligas
783 1206 886 1262 castra
917 1197 1088 1284 quaedam,
1118 1201 1184 1263 iam
1216 1219 1317 1263 vacua
1348 1204 1380 1263 et
1403 1198 1528 1276 relicta,
1553 1199 1631 1263 olim

440 1309 608 1390 ingentem
631 1326 741 1388 cupere
765 1307 905 1389 potuisse
928 1303 1071 1368 militum
1097 1325 1285 1382 numerum,
1310 1304 1482 1390 videasque
1505 1313 1632 1369 tantum

441 1413 476 1473 in
500 1412 540 1474 iis
564 1410 715 1495 ponendis
738 1413 941 1495 insumptum
966 1410 1063 1475 fuisse
1087 1409 1204 1476 laboris
1227 1417 1264 1475 ut
1283 1410 1391 1495 perfici
1410 1414 1473 1476 nisi
1492 1432 1511 1476 a
1530 1412 1633 1477 tribus

440 1515 623 1602 legionibus
653 1539 715 1581 non
738 1513 923 1602 potuerint?
947 1518 1057 1601 Apage
1080 1519 1235 1601 ineptias,
1259 1516 1314 1581 sed
1338 1524 1375 1581 ut
1396 1538 1491 1581 sanus
1516 1521 1632 1582 existat

440 1645 553 1688 sensus
583 1624 725 1708 beneque
749 1623 936 1688 cohaereant
960 1623 1072 1698 verba,
1097 1625 1275 1687 certissima
1299 1623 1518 1689 emendatione
1541 1623 1630 1710 lege:

442 1730 592 1792 immeruit
620 1729 792 1812 principiis.
825 1727 962 1793 Omnino
994 1731 1027 1792 in
1060 1726 1183 1793 deliciis
1213 1727 1323 1793 Tacito
1354 1727 1549 1794 adiectiium
1580 1730 1632 1792 im·

442 1858 575 1913 marusim,
607 1836 645 1900 of.
670 1835 710 1912 II,
737 1836 976 1900 14:1mmensa
1001 1841 1107 1912 scuta;
1132 1833 1173 1911 ΙΙ,
1202 1833 1259 1898 12:
1284 1837 1480 1900 immensum
1504 1857 1630 1923 agmen.

487 2052 525 2114 A.
556 2049 581 2126 l,
616 2048 667 2113 74.
703 2047 819 2114 Multis
850 2048 1039 2113 criminibus
1071 2053 1238 2112 accusatur
1268 2045 1407 2114 Granius
1439 2047 1630 2128 Marcellus,

438 2176 578 2241 quorum
599 2176 702 2219 unum
722 2155 879 2220 eiusmodi
900 2162 1003 2219 estut
1022 2157 1215 2240 gravissima
1234 2157 1268 2218 in
1288 2177 1378 2220 reum
1390 2158 1438 2220 ira
1449 2155 1632 2222 exardescat

440 2261 606 2340 Tiberins3
640 2261 693 2326 sed
724 2260 920 2347 lepidissima
952 2282 1027 2325 enm
1059 2262 1307 2346 interrogatione
1338 2284 1421 2327 unus
1446 2272 1629 2329 senatorum

440 2369 602 2433 confutat:

488 2474 679 2552 „Permotus
698 2474 763 2552 bis,
785 2481 967 2560 quantoque
986 2476 1146 2538 incautius
1166 2472 1345 2551 efferverat,
1368 2479 1561 2560 paenitentia
1580 2499 1632 2563 pa·

438 2585 523 2646 tiens
547 2581 623 2646 tulit
646 2580 766 2646 absolvi
791 2603 882 2646 reum
907 2581 1095 2646 criminibus
1119 2580 1329 2645 maiestatis.''
1358 2562 1368 2585 ⁸

487 2686 609 2752 Sanum
640 2708 708 2752 esso
739 2690 849 2772 nequit
874 2686 1066 2769 poenitentia
1086 2687 1221 2768 potiens,
1246 2708 1308 2751 non
1332 2695 1459 2773 propter
1481 2689 1630 2755 adiectivi

440 2796 618 2880 positivum
649 2792 804 2878 gradum,
836 2792 890 2857 sed
920 2795 994 2877 quia
1015 2791 1152 2874 potiens,
1178 2793 1222 2856 sic
1246 2793 1329 2858 nude
1352 2797 1511 2878 positum,
1536 2816 1631 2860 sensu

439 2921 581 2964 vacuum
612 2907 669 2964 est.
700 2898 777 2964 Soni
809 2906 917 2964 antam
941 2897 1121 2963 similitudo
1146 2898 1317 2984 quaedam,
1343 2921 1423 2986 quae
1448 2908 1496 2966 est
1519 2904 1552 2966 in
1578 2923 1630 2968 vo

436 3005 563 3073 cabulis
588 3007 761 3089 penitentia
791 3014 823 3071 et
849 3005 989 3092 patiens,
1022 3006 1117 3071 efficit
1141 3013 1179 3070 ut
1202 3006 1376 3071 admodum
1409 3007 1558 3073 credibile
1583 3011 1630 3073 vi·

436 3113 553 3177 destur
576 3112 635 3177 hoc
658 3134 676 3177 e
699 3111 822 3177 librarii
847 3118 960 3176 natum
983 3133 1097 3177 errore.
1129 3110 1317 3197 Requiritnr
1340 3113 1404 3178 fere
1422 3114 1631 3196 paenitentiae

429 3219 579 3304 propior:
601 3240 662 3303 quo
674 3221 835 3284 incautius
848 3218 1011 3284 efferverat
1023 3239 1059 3283 eo
1073 3220 1169 3283 citius
1181 3218 1220 3283 ad
1232 3222 1461 3303 paenitentiam
1473 3221 1629 3286 veniebat.

486 3434 523 3496 A.
548 3431 589 3509 II,
614 3430 666 3497 69.
698 3431 742 3497 Ut
774 3432 854 3497 bene
885 3438 1030 3496 teneatur
1058 3453 1114 3496 cur
1146 3432 1228 3495 mihi
1259 3432 1311 3497 hic
1342 3453 1442 3517 pauca
1475 3432 1629 3517 quaedam

433 3537 594 3604 vocabula
625 3548 771 3624 suspecta
798 3540 880 3615 sint,
905 3545 1049 3603 accurate
1073 3539 1172 3602 totius
1196 3540 1384 3602 narrationis
1408 3538 1558 3603 decursus
1582 3546 1629 3604 est

435 3644 665 3711 observandus.
707 3644 775 3708 Iam
810 3646 997 3709 inimicitiae
1031 3646 1115 3708 inter
1150 3641 1378 3709 Germanicum
1413 3652 1445 3710 at
1480 3644 1629 3710 Pisonem

433 3756 526 3817 ortas
561 3758 636 3814 sunt
669 3770 847 3836 gravesque
884 3749 1093 3815 contumelias
1128 3760 1350 3836 provocarunt.
1387 3750 1461 3816 Piso
1496 3752 1582 3816 abire
1613 3774 1630 3817 e

432 3859 604 3944 provincia
634 3859 765 3931 statuit,
790 3856 845 3920 sed
869 3859 985 3921 retinet
1008 3877 1084 3920 eum
1107 3857 1239 3921 adversa
1262 3854 1444 3921 Germanici
1467 3856 1628 3925 valetudo.

433 3962 593 4030 Reficitur
627 3959 853 4040 Germanicus,
890 3961 1031 4027 exsultat
1065 3962 1184 4049 gaudio
1219 3964 1483 4029 Antiochensium
1519 3963 1628 4050 plebs,

431 4089 536 4155 quam
559 4070 661 4132 iratus
685 4089 741 4153 per
758 4067 888 4133 lictores
909 4069 983 4133 Piso
1003 4068 1172 4133 disturbat.
1193 4068 1276 4133 Tum
1296 4073 1331 4147 (i.
1352 4091 1379 4135 e.
1400 4075 1472 4155 post
1490 4073 1629 4155 priorem

434 4174 537 4240 illum
567 4171 751 4239 Germanici
780 4175 947 4251 morbum,
981 4196 1108 4259 quo-
1135 4179 1160 4239 si
1187 4196 1261 4240 vera
1285 4180 1360 4240 sunt
1383 4196 1463 4261 quae
1487 4177 1538 4242 hic
1562 4199 1629 4242 nar·

432 4291 550 4348 rantur
574 4318 617 4329 -
642 4284 708 4345 iam
740 4284 912 4345 excitatam
945 4280 1086 4366 aliquam
1118 4281 1156 4346 de
1186 4282 1311 4346 Pisonis
1336 4282 1465 4347 nefariis
1488 4283 1629 4348 consiliis

435 4390 654 4472 suspicionem
679 4383 1012 4467 consentaneumest)
1036 4386 1127 4452 Piso:

484 4494 685 4571 „Seleuciam
713 4493 903 4579 digreditur,
931 4495 1096 4580 opperiens
1121 4494 1373 4579 aegritudinem,
1398 4515 1477 4580 quae
1500 4517 1627 4560 rursum

433 4601 629 4669 Germanico
653 4600 842 4665 acciderat.''

482 4708 646 4772 Hactenus
672 4709 779 4771 omnia
803 4708 923 4792 optime
947 4706 1140 4791 procedunt:
1166 4709 1330 4791 sequentia
1354 4707 1535 4772 videamus:

486 4814 642 4893 „Saeuam
661 4816 730 4879 vim
750 4814 854 4879 morbi
866 4815 1005 4900 augebat
1017 4814 1180 4900 persuasio
1194 4816 1307 4879 veneni
1318 4835 1336 4878 a
1348 4813 1462 4879 Pisone
1474 4815 1626 4903 accepti.'’
