4525 5950
536 674 603 741 246
1025 695 1068 742 na
1091 694 1236 744 omanis.

534 861 567 921 st
597 878 615 921 a
647 858 769 921 virium
800 859 999 922 contentione
1023 856 1161 923 alienam
1186 879 1281 944 agere
1303 857 1451 924 solerent.
1476 858 1731 944 Simplicissimo

533 964 638 1049 igitur
667 963 762 1028 modo
796 962 941 1027 colebant
977 964 1050 1029 deos
1080 971 1113 1030 et
1143 967 1228 1028 inter
1258 986 1311 1029 eos
1334 967 1439 1050 operis
1461 967 1512 1030 sui
1535 972 1731 1050 patronum,

536 1071 592 1153 qui
625 1065 739 1134 Garnei
771 1067 821 1132 dei
852 1071 979 1133 nomine
1012 1091 1072 1134 non
1097 1071 1225 1156 exiguis
1247 1068 1408 1135 sacrificiis
1431 1069 1599 1134 fruebatur
1619 1076 1655 1134 et
1679 1069 1734 1134 ho·

535 1174 674 1238 neribus.
699 1172 872 1238 Videamus
896 1177 967 1259 quis
991 1174 1045 1239 ille
1068 1175 1166 1240 fuerit
1189 1182 1221 1239 et
1243 1197 1306 1260 quo
1330 1175 1425 1240 modo
1448 1196 1523 1240 cum
1546 1175 1641 1240 Luna
1662 1196 1733 1240 con-

533 1282 627 1365 iungi
650 1282 802 1363 potuerit.

579 1385 717 1450 Exstant
739 1385 824 1472 apud
846 1385 1088 1472 lexicographos
1111 1387 1171 1452 hae
1194 1386 1334 1472 glossae:

625 1494 762 1569 καρανά·
787 1494 842 1563 τὴν
864 1487 946 1568 αἶγα
972 1499 1096 1570 Κρῆτες.

625 1596 705 1674 κάρα
753 1616 760 1633 ·
787 1594 840 1673 αἲξ
864 1594 971 1675 ἥμερος
996 1599 1196 1674 Πολυρρήνοον.

625 1704 729 1781 κάρνος
755 1723 762 1739 ·
787 1700 953 1781 πρόβατον.

624 1806 713 1885 καράς
754 1807 945 1883 ’βόσκημα

625 1911 683 1992 κάρ
755 1932 762 1948 ·
787 1911 954 1990 πρόβατον.

536 2020 585 2084 Ab
616 2020 675 2084 hac
705 2019 810 2082 radice
842 2041 927 2095 sap-v
958 2018 1011 2097 (cf.
1038 2038 1158 2094 σοντι-υ,
1184 2017 1218 2081 τὸ
1244 2017 1348 2095 κάρνον
1371 2046 1411 2071 =
1434 2017 1448 2082 ὃ
1473 2016 1605 2095 κάρνυξ,
1630 2039 1731 2083 cornu

538 2122 705 2190 Gallorum
728 2122 833 2188 Schol.
860 2121 978 2201 2219)
1001 2121 1145 2207 plerique
1168 2120 1282 2187 (larnai
1304 2143 1422 2187 nomen
1441 2122 1607 2200 derivant,
1629 2144 1732 2208 nsque

536 2230 637 2294 habeo
666 2228 751 2313 quod
780 2231 821 2293 iis
852 2230 1020 2305 obiiciam,
1052 2230 1114 2293 nisi
1146 2228 1231 2312 quod
1263 2227 1345 2292 illud
1375 2248 1490 2293 nomen
1514 2231 1671 2307 minime,
1697 2236 1732 2293 ut

533 2333 583 2399 illi
607 2334 766 2410 iecerunt,
791 2333 1066 2419 interpretandum
1090 2333 1171 2398 duco
1191 2336 1242 2396 τὸν
1262 2341 1321 2397 τῶν
1340 2334 1454 2411 κάρυον
1474 2337 1543 2399 sive
1564 2335 1732 2412 τροβάτον

537 2440 610 2518 θεάν,
634 2439 687 2504 sed
712 2442 797 2503 dcam
824 2441 999 2515 Cornuto-m,
1024 2442 1045 2503 i.
1058 2460 1086 2504 s.
1110 2439 1237 2502 omnium
1260 2443 1499 2525 cornigerorum
1519 2440 1731 2516 animalium,

535 2551 603 2610 tam
627 2546 727 2610 boum
750 2565 848 2628 quam
875 2545 1070 2621 bidentium,
1093 2550 1277 2629 patronum.
1298 2545 1399 2624 Quem
1420 2545 1535 2622 deum,
1556 2568 1617 2631 pro
1639 2549 1733 2632 prisci

536 2650 765 2716 consuetudine
787 2653 956 2735 temporis,
981 2671 1044 2714 non
1066 2652 1171 2735 specie
1193 2650 1335 2715 humana
1357 2651 1510 2715 indutum
1533 2652 1590 2715 sed
1614 2655 1732 2716 anima-

534 2755 576 2821 lis
608 2756 788 2841 praeditum
819 2757 922 2820 forma
951 2757 1014 2819 eibi
1044 2755 1259 2820 informabant
1290 2758 1415 2841 antiqui
1445 2756 1613 2835 homines,
1646 2779 1674 2822 e.
1698 2779 1729 2844 g.

535 2860 724 2941 κρνάμορφον,
759 2859 862 2945 qualis
895 2863 929 2924 in
964 2863 1107 2925 nummis
1143 2860 1320 2945 adspicitur
1355 2860 1513 2945 delphicis
1547 2866 1731 2928 autonomis

535 2969 707 3033 arietinum
740 2966 892 3032 exhibens
924 2974 1029 3052 caput.
1061 2966 1151 3032 Idem
1180 2969 1285 3051 igitur
1316 2967 1355 3033 ab
1386 2970 1511 3053 origine
1538 2976 1611 3034 erat
1636 2978 1730 3055 atque

501 3116 503 3120 -
535 3074 547 3137 l
574 3074 735 3152 Κριοφόρου
765 3076 787 3138 i.
808 3094 835 3137 e.
857 3073 934 3138 deus
958 3075 1067 3137 arietis
1090 3072 1227 3151 τροτάμρ
1250 3080 1400 3151 ornatus,
1425 3095 1522 3159 quem
1542 3078 1669 3159 posteri
1689 3110 1728 3123 -

533 3185 612 3264 puta
630 3178 806 3264 Tanagraei
827 3215 869 3227 -
889 3176 1092 3263 appellabant
1108 3178 1294 3242 Mercurium
1313 3177 1529 3265 Griopborum
1549 3185 1584 3245 et
1596 3184 1730 3246 arietem

534 3287 678 3351 humeris
700 3290 883 3371 gestantem
907 3283 1093 3369 sculpebant
1108 3283 1141 3361 ¹).

580 3391 665 3456 Hinc
695 3388 919 3474 intellegimus
950 3410 1007 3453 cur
1029 3391 1128 3453 etiam
1150 3398 1261 3472 postea
1283 3388 1446 3455 nonnullis
1468 3389 1546 3455 locis
1570 3392 1668 3456 iuxta
1690 3394 1732 3455 in-

536 3499 626 3562 venti
658 3498 723 3560 sint
753 3500 806 3559 τοῦ
832 3495 974 3571 Καρνείου
1000 3516 1035 3560 ac
1059 3500 1111 3558 τοῦ
1137 3497 1225 3571 Koloe
1247 3493 1407 3573 cultus2),
1430 3516 1535 3580 neque
1559 3516 1620 3561 nos
1646 3498 1731 3582 sugit

536 3604 723 3687 Periegetae
754 3600 924 3665 verborum
949 3621 1059 3665 sensus
1082 3602 1214 3665 interior
1236 3622 1311 3665 oum
1334 3604 1379 3665 sic
1402 3601 1531 3665 scribit:
1559 3602 1573 3665 ὃ
1598 3602 1631 3666 δὲ
1657 3601 1732 3676 Κάρ-

534 3732 626 3784 νοτος,
659 3703 689 3772 ὃν
715 3705 849 3771 Οἰκέταν
875 3704 1112 3785 ἐπονομάζουσι,
1137 3705 1234 3778 τομάς
1257 3701 1343 3785 εἶχεν
1369 3707 1398 3768 ἐν
1424 3704 1556 3785 Στάρτρ
1581 3707 1636 3769 καὶ
1664 3705 1731 3782 πρὶν

532 3814 738 3890 Ἡρακλείδας
755 3812 925 3887 κατελθεῖν,
942 3808 1075 3890 ἵδρυτο
1094 3810 1132 3874 δὲ
1158 3810 1194 3872 ἐν
1215 3810 1325 3892 οἰκίᾳ
1346 3812 1463 3889 Κρίου
1480 3816 1533 3874 τοῦ
1547 3810 1729 3887 Θεοκλέους,

534 3918 639 3994 άνδρὸς
662 3917 805 3992 μάντεως
819 3913 855 3992 ³).

577 4021 727 4086 Vidimus
758 4039 854 4105 supra
883 4018 996 4084 lunam
1019 4021 1052 4083 in
1077 4023 1244 4104 pastorum
1267 4018 1424 4103 religione
1448 4025 1480 4083 et
1503 4018 1597 4084 cultu
1621 4018 1731 4085 locum

534 4147 702 4212 occupasse
733 4127 942 4211 primarium;
977 4145 1061 4188 nunc
1092 4144 1169 4188 vero
1200 4123 1424 4209 intellegimus
1454 4127 1509 4196 rio
1534 4127 1730 4206 Κεραοφάρον

536 4233 682 4309 Σελήνην,
714 4233 798 4294 mam
829 4237 996 4307 cornutam,
1029 4250 1047 4293 a
1075 4230 1129 4292 deo
1152 4237 1274 4292 cornuto
1297 4250 1360 4293 non
1384 4249 1452 4293 esse
1476 4230 1730 4315 seiungendam,

533 4346 566 4404 et
590 4357 701 4403 revera
724 4336 809 4421 apud
830 4335 1026 4411 Andaniam,
1052 4334 1108 4398 ubi
1133 4334 1291 4414 Καρνασίῳ
1315 4335 1345 4396 ἐν
1365 4332 1457 4398 άλοεο
1477 4334 1607 4399 stabant
1628 4338 1730 4415 άγάλ-

534 4469 625 4520 ματα
658 4443 800 4520 Καρνείου
826 4440 876 4504 καὶ
904 4441 1017 4518 Ἑρμοῦ
1042 4438 1209 4519 siccone,
1234 4444 1360 4523 reperta
1384 4444 1433 4503 est
1455 4441 1645 4525 inscriptio,
1671 4460 1731 4526 qua

537 4607 730 4620 ,-..-..--

569 4717 593 4776 l)
610 4715 680 4762 Peos.
697 4712 741 4772 1x,
759 4713 799 4770 88,
810 4712 833 4760 1.
1184 4708 1209 4769 Β)
1226 4708 1296 4760 Pauo.
1314 4707 1358 4767 IV,
1375 4709 1449 4767 ΒΜ.

569 4798 593 4859 3)
611 4797 681 4845 Psus.
699 4793 748 4853 ΙΠ,
768 4794 805 4850 la,
816 4794 839 4841 8.
