4525 5950
975 665 1097 714 ursus.
1566 648 1627 714 181

485 829 541 894 Or.
564 827 626 893 XII
650 824 742 911 §272
768 827 827 891 Kal
853 829 914 903 μήν
937 831 1002 894 οὐδὲ
1026 835 1114 895 τοῦτο
1136 832 1215 903 εἰκὸς
1236 832 1319 908 atre
1340 833 1532 895 πιστεύειν·
1547 869 1579 879 -
1594 833 1632 903 ὣς

432 937 524 1012 αὐτῷ
558 934 767 1013 προσετάχθη.
800 936 848 999 Οὐ
879 937 943 1013 γάρ
974 936 1070 1008 δήτου
1101 938 1131 1001 ἐν
1164 945 1225 1008 τοῖς
1258 941 1410 1013 μετοίκοις
1433 941 1537 1002 τίστιν
1561 940 1634 1017 παρ’

433 1042 536 1104 αὑτοῦ
564 1040 755 1118 ἐλάμβανον.
780 1039 869 1120 Quod
893 1041 946 1106 hio
969 1041 1194 1128 corrigendum
1214 1065 1282 1109 esse
1301 1052 1374 1108 ante
1394 1043 1516 1109 multos
1535 1065 1633 1109 annos

431 1147 686 1223 adnotaveram,
711 1147 849 1212 totidem
871 1147 990 1213 litteris
1012 1170 1096 1214 nune
1119 1149 1353 1215 Franckenium
1378 1150 1523 1237 relegens
1546 1149 1632 1235 apud

432 1255 526 1318 huno
550 1256 763 1338 perscriptum
786 1256 909 1339 reperio
933 1251 982 1333 (O.
1008 1253 1044 1319 Ιι.
1068 1278 1100 1341 p.
1126 1250 1199 1336 83):
1225 1258 1265 1320 οὐ
1288 1258 1488 1334 νάρ<ἶιν>
1503 1257 1631 1330 λήιτον.

432 1360 603 1424 Sententia
635 1363 723 1424 enim
754 1359 831 1425 haee
862 1366 928 1425 est:
960 1381 1074 1445 parum
1107 1362 1284 1427 verisimile
1315 1384 1382 1427 esse
1406 1362 1490 1447 quod
1513 1364 1634 1449 profert

433 1466 683 1543 Eratosthenes,
715 1465 856 1531 officium
883 1467 1252 1550 comprehendendorum
1275 1468 1507 1553 inquilinorum
1531 1490 1550 1534 a
1573 1467 1637 1534 eol·

433 1571 523 1657 legis
553 1571 649 1635 inuito
679 1571 738 1635 sibi
767 1593 836 1637 esse
860 1572 1065 1650 mandatum;
1091 1573 1234 1636 credibile
1257 1574 1333 1637 euim
1356 1596 1416 1637 ιιυιι
1440 1597 1502 1638 esee
1524 1581 1562 1639 ut
1586 1596 1635 1640 ree

434 1686 506 1742 tam
529 1680 639 1763 gravis
663 1677 759 1741 inuito
780 1680 1014 1765 iniungeretur,
1040 1685 1076 1743 ut
1099 1682 1144 1744 sio
1166 1680 1240 1745 fidei
1259 1683 1328 1745 eius
1348 1684 1467 1768 pignus
1486 1687 1635 1766 eaperent

434 1782 572 1848 scilieet.
608 1782 694 1862 Quae
725 1788 882 1869 interpres
914 1782 1095 1850 Germanus
1126 1785 1228 1850 adfert
1259 1787 1375 1871 quihus
1407 1789 1563 1852 omissum
1595 1787 1634 1850 ἂν

435 1888 605 1966 defendat,
629 1891 776 1974 argutiae
802 1897 879 1954 sunt
895 1891 928 1969 ¹).
959 1890 1156 1976 Exemplum
1175 1890 1322 1957 dictionis
1342 1895 1374 1956 οὐ
1395 1896 1458 1969 γάρ
1480 1893 1517 1956 ἂν
1538 1892 1633 1967 δήπου

434 1994 655 2060 Franckenius
674 2016 776 2059 unum
796 1995 900 2074 dedit,
922 1996 1142 2082 Xenophontis
1165 1999 1269 2082 Oprop.
1284 1997 1339 2077 111,
1355 1999 1371 2062 1
1387 2000 1404 2084 ξ
1419 1998 1478 2066 17:
1496 1999 1628 2073 τάθήμα

435 2099 498 2178 άρα
529 2108 582 2172 τῆς
609 2105 714 2180 ψυχῆς
739 2102 777 2165 σὺ
801 2102 906 2178 λέγεις
931 2098 1009 2167 εἶναι
1032 2105 1087 2176 τήν
1111 2108 1316 2181 σωφροσύνην,
1331 2142 1408 2152 --
1423 2109 1455 2169 οὐ
1477 2106 1629 2180 μάθημα·

437 2208 470 2270 οὐ
504 2207 569 2282 γάρ
601 2205 639 2270 άν
670 2207 806 2280 δήτου-
822 2218 1056 2288 -τοιραχριῑμοι
1086 2207 1121 2284 ἐξ
1143 2209 1274 2289 ἄφρονος
1298 2212 1423 2290 σώφρων
1448 2209 1486 2273 άν
1509 2235 1555 2280 τις
1578 2211 1631 2289 ρέ-

438 2336 527 2376 νοιτο.
553 2311 644 2376 Addo
668 2311 807 2377 elterum
831 2334 871 2379 ex
893 2316 963 2399 ipso
986 2313 1085 2401 Lysia
1108 2322 1216 2380 nostro
1238 2314 1307 2380 loeo
1331 2313 1383 2380 vel
1406 2314 1563 2380 similius:
1589 2318 1629 2381 οὐ

437 2419 518 2497 γάρ
555 2418 817 2491 δήτου--οἱ
854 2419 1179 2498 τριάκοντα--άν
1214 2423 1326 2492 αὐτοὺς
1362 2419 1632 2498 άτὲιιτεινιιν,

439 2527 516 2589 άλλ’
541 2520 627 2600 οἶμαι
653 2524 732 2590 πολὺ
755 2526 928 2591 τούναντίον
952 2527 1068 2592 τούτου.
1094 2525 1160 2608 (οτ.
1188 2526 1229 2592 13
1252 2528 1351 2611 551.)
1414 2564 1416 2569 ·

484 2759 539 2824 Or.
565 2759 628 2824 XII
646 2759 737 2844 §32:
762 2769 840 2841 χρῆν
860 2759 892 2825 δή
912 2784 965 2839 σε,
990 2755 1262 2838 ὦἘρατάσάενετ,
1283 2760 1368 2840 εἴπερ
1389 2758 1467 2835 ήσήιι
1486 2762 1631 2840 χρηστάς,

437 2867 519 2931 ιτολὺ
540 2870 663 2941 μᾶλλον
684 2875 748 2938 τοῖς
760 2870 926 2941 μέλλουσιν
946 2868 1010 2932 dit
1020 2890 1089 2936 κως
1109 2868 1328 2930 άτοθοινεῖσήοιι
1342 2869 1476 2941 μήνντήν
1488 2866 1631 2944 γενέσθαι

435 2976 452 3050 ἢ
475 2975 547 3044 τοὺς
570 2975 716 3043 aliisue
738 2975 961 3048 ἀπολουμένους
980 2974 1229 3051 συλλαμβάνειν.
1252 2972 1448 3060 „Vulgatam
1461 2974 1629 3040 leeti0nem

433 3078 614 3166 languers''
636 3116 689 3155 -,
710 3082 770 3143 etsi
791 3079 901 3150 άδίιας
921 3081 1116 3143 ἀπόλλυσθαι
1139 3101 1195 3164 per
1217 3100 1250 3143 se
1273 3082 1394 3165 optime
1419 3077 1577 3145 Graecum
1597 3089 1629 3147 et

435 3186 615 3274 Lysiaoum
638 3193 686 3250 est
709 3186 778 3264 (cfr.
803 3207 835 3250 v.
849 3206 874 3250 o.
899 3186 997 3270 556),
1020 3221 1060 3233 -
1086 3207 1180 3250 nemo
1204 3207 1266 3249 non
1289 3185 1502 3250 Herwerdeno
1522 3186 1627 3263 debit,

434 3292 491 3357 sed
514 3296 549 3355 in
569 3292 767 3375 procurando
787 3292 845 3356 hoe
865 3305 991 3377 quoque
1010 3293 1092 3356 vitio
1113 3294 1216 3356 eritiei
1234 3294 1268 3354 in
1288 3290 1351 3354 elie
1372 3293 1480 3356 omnin
1500 3292 1628 3357 abeunt.

435 3397 535 3462 Velut
565 3396 732 3462 Nauohius
763 3401 911 3480 [ιιιινντήν
943 3398 1085 3473 γενέσθαι
1119 3400 1134 3470 l
1160 3397 1231 3468 τοὺς
1255 3398 1365 3465 diluere
1390 3398 1631 3481 άτολουμένουι]

434 3503 626 3580 inducebat,
651 3510 688 3567 ut
713 3503 950 3579 συλλαμβάνειν
972 3503 1024 3567 hio
1044 3511 1143 3577 esset,
1164 3525 1227 3567 non
1248 3503 1556 3588 „comprehendere”
1577 3503 1631 3569 sed

437 3630 556 3695 „opem
587 3608 701 3673 ierrs.'’
732 3606 779 3673 At
808 3610 853 3672 sie
883 3610 1039 3673 sententia
1069 3610 1167 3671 nimis
1198 3608 1233 3672 fit
1262 3614 1295 3673 et
1316 3607 1447 3694 gracilis
1471 3617 1502 3673 et
1527 3607 1630 3673 exilis.

434 3714 631 3781 Marklando
663 3713 807 3799 placebat
833 3726 893 3782 τοῖς
917 3713 1082 3788 μέλλουσιν
1106 3715 1274 3786 δικαίως
1297 3716 1515 3779 άιτοήοινεῑσθιιι
1539 3739 1633 3790 μήνυ-

435 3825 492 3894 τήν
524 3822 678 3898 γενέσθαι.
709 3818 772 3883 Sed
803 3840 841 3883 ne
872 3818 975 3883 dioam
1000 3818 1085 3882 hsud
1110 3818 1200 3883 faeile
1223 3822 1358 3895 μήνντήν
1384 3820 1631 3884 Atheniensibus

433 3929 573 4009 χρηστὸν
597 3947 665 3990 esse
688 3928 813 4001 visum,
838 3928 866 3990 si
889 3925 948 3990 hoo
972 3923 1127 3989 voluisset
1148 3932 1253 3989 orator
1269 3925 1435 4004 penetensem
1455 3928 1629 4009 posuisset,

434 4033 522 4120 quod
549 4040 581 4097 et
612 4053 662 4097 res
693 4031 835 4117 postulat
864 4037 897 4097 et
927 4031 1094 4096 confirmat
1123 4052 1154 4095 v.
1179 4052 1205 4095 e.
1236 4031 1318 4094 infra
1350 4030 1402 4095 Or.
1427 4030 1503 4095 XIV
1526 4034 1544 4116 ς
1565 4030 1626 4097 37:

434 4138 619 4205 Alcibiades
643 4130 663 4203 ἃ
689 4138 750 4219 filet
770 4145 828 4200 τῶν
850 4138 999 4215 ὑμετέρων
1020 4142 1119 4207 κακῶς
1143 4135 1276 4216 ἔχοντα,
1298 4139 1477 4213 μηνυτής
1499 4139 1628 4201 αὐτῶν

433 4255 524 4316 τοῖς
560 4243 908 4321 Λακεδαιμονίοις
946 4242 1123 4322 ἐγένετο.
1166 4242 1214 4308 De
1249 4249 1428 4308 ceterorum
1462 4244 1628 4308 conatibus

439 4431 637 4443 ...-----

470 4542 496 4602 1)
517 4535 569 4587 ‚Ob
586 4538 637 4599 γὰρ
655 4532 811 4591 δήτου--
824 4530 966 4595 ἰλάμβοινον
983 4533 1069 4582 huraer
1086 4534 1210 4583 Ansdrnok
1229 4534 1268 4583 hir
1285 4533 1312 4581 ού
1330 4535 1380 4596 γάρ
1398 4532 1428 4591 δή
1445 4551 1492 4582 τον
1507 4535 1585 4582 τοῦτο
1599 4534 1630 4596 γ’

433 4623 507 4672 ἴστον
531 4619 617 4676 sterria,
639 4618 671 4675 ὥς
682 4646 706 4655 -
722 4614 777 4666 ήλ.”
799 4615 1035 4680 (Frohb.·Gebauer.)
1053 4616 1098 4665 Sed
1116 4616 1152 4664 vel
1171 4616 1196 4665 in
1214 4617 1258 4665 heo
1275 4609 1485 4666 circumlocutione
1503 4615 1532 4664 ev
1549 4615 1628 4664 abasse

432 4720 483 4755 non
510 4707 602 4767 potest,
629 4701 675 4749 nisi
697 4699 764 4764 quii,
786 4699 899 4764 quonlam
922 4700 1059 4763 Kruegsrue
1082 4699 1126 4747 hoo
1143 4701 1259 4749 affirmare
1276 4699 1422 4766 perhibetur,
1440 4700 1521 4748 eredat
1537 4698 1628 4746 πίστιν

434 4785 582 4846 ἐλάμβανον
600 4785 718 4832 Grasemn
735 4799 784 4831 esee
801 4799 845 4848 pro
865 4784 949 4831 didem
966 4786 1035 4831 erent
1052 4783 1196 4833 tentaturi.''
