4525 5950
550 681 592 746 34
1078 696 1210 746 01110101.

546 868 666 949 potest;
699 882 796 947 quare
828 863 906 926 satis
938 860 1041 925 multa
1071 861 1123 926 hic
1155 861 1310 927 excidisse
1342 863 1496 946 suspicor,
1528 883 1608 946 quae
1632 869 1742 927 tamen

547 968 695 1055 supplere
717 989 757 1033 ue
781 969 917 1033 conabor
941 968 1082 1053 quidem.

589 1187 648 1272 Ep.
679 1186 732 1263 90,
747 1186 777 1251 5.
812 1185 944 1252 Saeculo
979 1206 1074 1250 aureo
1106 1189 1268 1252 nemiuem
1300 1189 1457 1252 iniustum
1490 1187 1588 1253 fuisse
1619 1186 1740 1253 Seneca

543 1294 705 1379 perhibet,
738 1316 802 1356 euvu
834 1294 904 1356 leue
932 1293 1094 1374 imperant-i
1123 1294 1193 1357 beue
1219 1300 1381 1377 pareretur
1407 1293 1544 1377 nihilque
1567 1316 1621 1358 rea
1643 1294 1741 1357 tucius

542 1399 654 1463 mireari
677 1399 753 1462 male
770 1398 951 1481 paeeutibua
968 1405 1088 1480 pooiet,
1113 1421 1200 1484 quatu
1222 1406 1257 1462 ut
1279 1399 1396 1462 abirent
1418 1422 1434 1463 0
1456 1422 1555 1480 aequo.

589 1504 774 1572 Gronovius
793 1505 900 1592 legere
919 1507 1030 1569 iussit:
1052 1528 1140 1588 quau
1161 1506 1244 1568 obire
1262 1527 1293 1567 ce
1312 1527 1419 1586 aequo,
1440 1505 1525 1590 quod
1542 1526 1740 1591 quamquam

542 1611 684 1677 Hensius
712 1614 746 1675 iu
771 1617 897 1675 textum
921 1632 982 1675 non
1006 1613 1143 1695 recepit,
1168 1617 1274 1676 tamen
1299 1631 1413 1675 verum
1436 1611 1546 1676 credit.
1577 1612 1739 1696 Equidem

542 1715 698 1783 Gronovii
721 1719 936 1782 coniecturam
959 1718 1169 1782 necessariam
1192 1738 1254 1781 non
1278 1716 1374 1793 duco;
1399 1717 1477 1781 haec
1499 1719 1603 1795 enim,
1628 1720 1663 1781 ni
1685 1716 1739 1781 fal-

541 1822 600 1899 lor,
636 1825 793 1887 sententia
828 1828 890 1887 est:
936 1819 1157 1899 „Gravissima
1192 1841 1308 1907 poena,
1345 1842 1407 1907 qua
1437 1843 1492 1886 rex
1522 1821 1580 1887 ille
1611 1825 1738 1908 sapiens

541 1926 625 1993 male
650 1933 795 2014 parentes
819 1928 941 1992 afficere
965 1934 1106 2013 poterat,
1131 1926 1266 1992 exitium
1290 1934 1373 2006 erat,
1395 1927 1479 2011 quod
1498 1927 1569 1992 ideo
1590 1928 1738 1992 homines

541 2040 705 2120 tantopere
729 2034 917 2099 metuebant
941 2035 1016 2118 quia
1039 2053 1199 2119 nusquam
1222 2033 1300 2098 alibi
1320 2039 1387 2098 tam
1406 2033 1542 2098 feliciter
1562 2036 1738 2100 vivebatur

541 2160 638 2225 quam
661 2141 716 2204 ubi
740 2142 865 2225 sapiens
889 2139 1083 2225 reipublicae
1107 2138 1285 2225 praeerat''.

586 2342 666 2407 Ibid.
693 2340 745 2407 17.
783 2342 864 2423 Quid
895 2341 989 2421 erqo?
1018 2364 1077 2405 uou
1101 2342 1227 2426 quilibet
1243 2342 1265 2422 1)
1290 2342 1419 2423 oirqeam
1444 2350 1552 2406 cratem
1576 2351 1737 2408 tenuerunt

539 2472 632 2512 vuauu
655 2456 682 2512 et
707 2448 764 2512 vili
787 2449 954 2512 obliverunt
977 2449 1057 2525 luto,
1082 2449 1191 2512 deiude
1214 2450 1278 2531 [de]
1302 2450 1417 2532 stipula
1440 2450 1570 2535 aliisque
1588 2451 1737 2514 silvestri-

539 2556 592 2619 bus
623 2578 764 2638 operuere
787 2555 971 2639 sactiqiuue,
1002 2561 1031 2618 et
1055 2555 1174 2637 pluuiis
1197 2578 1256 2637 quer
1287 2557 1399 2619 deceaa
1423 2556 1589 2620 labentibus
1611 2558 1735 2621 hiemem

541 2663 688 2725 transiere
711 2661 835 2725 securi?

582 2767 635 2833 Sic
666 2767 808 2832 Henetus
841 2767 940 2831 edidit
948 2789 956 2845 ;
989 2767 1044 2832 sed
1077 2767 1154 2853 quid
1184 2770 1216 2831 in
1249 2769 1307 2832 hoc
1338 2773 1490 2832 contextu
1514 2789 1582 2834 voc.
1607 2768 1735 2853 quilibet

536 2874 597 2938 sibi
628 2872 710 2938 vetit
741 2894 802 2938 non
832 2873 941 2951 video;
968 2872 1080 2937 Heasii
1104 2880 1213 2938 contra
1234 2872 1328 2937 lectio
1351 2872 1433 2937 mihi
1457 2875 1561 2958 potior
1583 2874 1732 2939 videtur:

534 3002 594 3043 uon
613 2979 748 3065 quaelibe
780 2979 882 3060 uirqea
903 2980 934 3042 iu
955 2986 1062 3042 cratem
1076 2977 1102 3059 ³)
1122 2980 1377 3045 temerantibus
1397 2979 1585 3045 Subiectum
1598 2981 1731 3065 quidem

532 3089 576 3151 sic
611 3085 819 3163 desideratur,
855 3085 939 3170 quod
971 3091 1078 3150 tumen
1109 3083 1262 3149 facillime
1293 3093 1399 3150 mente
1430 3085 1573 3170 suppleri
1604 3092 1729 3172 potest;

534 3192 588 3256 sed
620 3195 781 3277 optimum
813 3212 941 3256 sensum
973 3194 1018 3256 010
1048 3193 1279 3256 nanciscimur:
1313 3192 1480 3269 „homines
1504 3190 1554 3255 illi
1577 3199 1730 3256 naturam

533 3301 734 3383 sequentes'’‚
768 3301 874 3383 inquit
905 3297 1040 3375 Seneca,
1074 3320 1158 3374 „non
1189 3319 1308 3384 magna
1339 3319 1414 3363 cura
1446 3301 1554 3384 virgas
1577 3297 1730 3384 legebant

533 3426 611 3490 qnae
641 3408 675 3469 in
705 3411 826 3470 cratem
858 3411 1016 3479 texerent,
1050 3404 1104 3469 sed
1136 3406 1240 3490 prima
1269 3425 1394 3490 quaque
1426 3403 1555 3490 virgula
1584 3408 1729 3469 contenti

625 3510 643 3536 Η

649 3560 655 3575 ι

532 3517 622 3576 erant

577 3728 657 3793 ibid.
691 3728 744 3793 22.
781 3727 870 3793 Salse
900 3728 1018 3794 Seneca
1048 3730 1257 3794 Posidonium
1290 3728 1429 3806 deridet,
1462 3731 1534 3813 qui,
1567 3733 1605 3793 ut
1634 3729 1726 3794 illius

532 3834 639 3897 verbis
672 3840 752 3910 utar,
787 3837 984 3919 „sapientem
1016 3837 1115 3899 etiam
1140 3838 1172 3898 in
1197 3838 1368 3921 pistrinum
1393 3834 1604 3899 summittit’.
1629 3835 1726 3899 Panis

532 3943 617 4005 enim
649 3943 825 4004 coctionem
859 3940 1046 4005 Posidonius
1078 3943 1255 4025 sapientem
1280 3941 1403 4005 dicebat
1426 3943 1586 4005 iuvenisse
1610 3938 1728 4005 collato

532 4046 627 4110 modo
652 4067 715 4130 quo
740 4046 849 4131 fruges
872 4050 906 4110 in
931 4069 983 4112 ore
1007 4048 1147 4112 humano
1171 4049 1288 4112 fractae
1309 4051 1342 4110 in
1364 4055 1511 4112 ventrem
1527 4051 1727 4132 perveniunt.

532 4152 621 4230 Quod
653 4155 697 4216 sic
730 4153 820 4217 nobis
852 4153 970 4218 Seneca
994 4160 1117 4218 narrat:
1144 4162 1293 4236 receptae,
1318 4154 1418 4237 iuquit
1441 4153 1670 4232 (Posidonius),
1695 4155 1726 4216 in

531 4280 562 4320 00
580 4260 694 4341 ⁸f‘ruqec
718 4281 894 4322 0000010000
917 4261 996 4323 lucter
1019 4283 1050 4323 oe
1073 4261 1190 4323 dictitia
1214 4261 1345 4323 dentium
1360 4260 1507 4344 Ι1100011,
1533 4267 1561 4322 et
1584 4259 1728 4344 quicquid

531 4365 659 4440 eccidit,
692 4366 735 4426 acl
764 4368 876 4428 eosdem
900 4368 1000 4430 (leutce
1027 4367 1132 4447 linqua
1156 4368 1311 4451 refertur:
1336 4374 1406 4429 tuuc
1429 4388 1496 4429 cero
1520 4367 1668 4443 0110001ον,
1693 4373 1726 4428 ut

524 4470 661 4554 facil-ius
677 4493 736 4551 quea·
750 4472 865 4555 fauces
889 4472 1020 4536 lubricos
1046 4480 1191 4536 traluceat.

535 4637 729 4646 ...υ-*-

566 4735 592 4791 1)
613 4734 735 4787 Quaelibet
751 4733 801 4781 cod.
824 4734 855 4794 ss;
874 4734 973 4797 quilibet
991 4737 1033 4783 aut
1048 4735 1175 4799 quamlibet
1192 4735 1336 4783 recentiores

564 4817 592 4879 2)
609 4815 647 4863 Sic
665 4816 736 4863 codex
757 4815 886 4874 Veliensis,
906 4817 979 4866 ceteri
996 4817 1196 4882 praepositionem
1214 4818 1339 4866 omittunt.
