4525 5950
539 723 560 788 4
1011 737 1252 788 nnuosrnnnrs.

538 927 599 992 que
629 927 679 971 res
708 903 865 990 exemplis
896 901 1077 969 luculenter
1106 904 1347 991 comprobatur;
1379 910 1426 968 est
1458 905 1544 968 enim
1567 904 1639 981 leve,
1664 927 1730 968 con·

538 1014 732 1090 temnendum,
764 1009 1043 1089 εὐκαταφρόνητον.
1075 1008 1508 1097 olynch.11§26p.25:
1541 1011 1575 1073 ἐκ
1606 1016 1731 1091 χρηςῶν

537 1123 653 1200 Φαῦλα
682 1119 725 1182 τοὶ
758 1117 937 1196 πράγματα
968 1121 1023 1188 τῆς
1055 1113 1173 1186 πόλεως
1204 1114 1342 1192 γέγονεν.
1375 1114 1454 1180 Ibid.
1487 1114 1568 1199 §29
1602 1137 1632 1200 p.
1665 1115 1728 1180 26:

537 1219 611 1287 ὅταν
642 1225 684 1295 εἰς
716 1222 759 1287 cd
791 1222 970 1302 πράγματα
1001 1219 1211 1298 ἀποβλέψητε
1234 1218 1364 1297 Φαύλοις
1389 1218 1515 1299 ἔχοντα.
1540 1219 1623 1284 Fals.
1647 1220 1729 1306 Leg.

536 1327 642 1413 §202
671 1350 702 1413 p.
726 1328 811 1393 404:
848 1328 909 1404 ἐγὼ
941 1326 998 1403 μὲν
1028 1326 1102 1409 γάρ,
1134 1328 1159 1390 εἰ
1187 1331 1292 1391 ταῦτα
1317 1325 1491 1404 πεποίηκα,
1516 1326 1638 1408 φαῦλός
1664 1328 1729 1403 εἶμ’

537 1433 700 1511 ἅνθρωπος.
732 1432 874 1518 Philipp.
903 1432 919 1498 Ι
949 1431 1062 1518 §ap
1088 1431 1150 1496 40:
1186 1432 1229 1496 rol
1263 1430 1444 1510 πράγματα
1479 1433 1561 1496 πύνν
1594 1432 1729 1512 Φαύλας

537 1538 622 1620 ἔχειν
646 1541 735 1605 δοκεῖ.
759 1539 840 1605 Ibid.
864 1537 938 1623 §50
962 1561 992 1624 p.
1019 1538 1079 1603 54:
1104 1539 1137 1603 ού
1160 1537 1224 1617 γὰρ
1245 1535 1330 1602 ἅττα
1350 1541 1420 1601 ποτ’
1440 1536 1507 1605 ἔςαι
1528 1537 1575 1602 δεῖ
1592 1544 1730 1615 σκοπεῖν,

536 1646 611 1710 ἄλλ’
642 1641 688 1710 dre
722 1649 836 1726 φαῦλα
861 1681 903 1692 -
928 1639 962 1707 εύ
994 1644 1112 1709 εἰδέναι.
1146 1643 1246 1709 Rhod.
1277 1643 1334 1709 lib.
1358 1645 1377 1725 ᾖ
1398 1643 1440 1709 12
1471 1665 1502 1729 p.
1529 1643 1611 1709 193:
1640 1639 1730 1718 οἶμαι

537 1751 593 1827 μὲν
616 1747 664 1816 ούν
688 1749 755 1814 vote
778 1749 937 1825 βοηθήσειν
962 1750 1070 1826 adroic,
1094 1749 1133 1812 dcv
1157 1748 1184 1811 δ’
1210 1749 1271 1828 ἄρα
1295 1753 1384 1813 τοῦτο
1408 1759 1495 1830 ποιῇ,
1520 1751 1649 1826 Φαύλως
1674 1751 1729 1813 καὶ

537 1860 649 1928 κακῶς.
674 1854 786 1922 (loton.
812 1853 908 1939 §255
933 1876 963 1939 p.
990 1853 1073 1919 312:
1098 1855 1112 1919 δ
1138 1854 1169 1919 δὲ
1193 1855 1247 1927 την
1272 1855 1349 1919 ἰδίαν
1373 1854 1475 1934 τύχην
1498 1856 1552 1926 την
1575 1856 1650 1932 ε’μην
1671 1864 1728 1928 τῆς

537 1969 633 2035 κοινῆς
659 1968 714 2035 τῆς
738 1960 855 2031 πόλεως
881 1959 1058 2037 κυριωτέραν
1084 1955 1164 2023 εἶναί
1186 1967 1284 2038 Φηοι,
1309 1962 1363 2036 την
1387 1962 1499 2039 μικρὰν
1521 1961 1574 2024 καὶ
1599 1960 1730 2042 φαύλην

536 2074 591 2141 τῆς
623 2067 745 2143 ἀγαθῆς
778 2064 829 2129 καὶ
862 2066 1027 2143 μεγάλης,
1052 2068 1107 2150 qui
1130 2064 1219 2131 loeus
1242 2086 1317 2151 prae
1340 2068 1453 2131 ceteris
1476 2066 1729 2132 consideratione

536 2172 655 2258 dignus
686 2174 744 2236 est.
772 2169 855 2235 Fals.
880 2170 959 2256 Leg.
984 2169 1036 2252 §8
1059 2192 1089 2255 p.
1116 2169 1201 2235 343:
1226 2170 1264 2234 ἂν
1288 2170 1318 2233 a
1342 2173 1386 2249 μη
1411 2169 1497 2246 δείξω
1522 2173 1614 2236 ταῦτ’
1640 2172 1657 2246 ἢ
1682 2174 1727 2248 μὴ

536 2278 661 2354 πάντα,
694 2276 748 2352 ae
781 2276 837 2351 μὲν
869 2280 993 2358 Φαῦλον
1017 2277 1151 2352 ἡγεῖσθε,
1177 2280 1283 2339 τοῦτον
1306 2275 1332 2340 δ’
1357 2274 1471 2355 ἄφετε.
1496 2278 1650 2343 Aristoor.
1675 2275 1726 2360 §l

536 2406 567 2469 p.
593 2381 673 2447 621:
707 2380 812 2460 μικρὸν
842 2380 958 2461 δρῶντά
989 2405 1018 2444 πι
1051 2379 1104 2444 καὶ
1137 2384 1260 2461 Φαῦλον
1286 2379 1472 2458 οἱμούρπημα.
1505 2381 1626 2449 Conon.
1651 2381 1727 2466 §13

535 2511 566 2574 p.
593 2486 699 2553 1261:
724 2489 756 2552 ού
781 2486 909 2565 μετρίας
935 2486 1021 2558 τινὰς
1046 2487 1097 2550 καὶ
1124 2486 1255 2565 Φαύλοις
1280 2485 1387 2563 λαβὼν
1406 2488 1548 2564 πληγάς.
1573 2489 1726 2552 Aristocr.

535 2594 609 2678 §62
632 2616 663 2679 p.
689 2592 772 2658 640:
797 2588 846 2670 οἶμ’
871 2588 920 2656 οὖν
942 2594 1054 2671 μικρὰν
1077 2592 1094 2667 ἢ
1119 2593 1248 2670 Φαύλην
1272 2590 1409 2670 πρόνοιαν
1433 2590 1517 2671 ἔχειν
1542 2595 1613 2667 ὑμῖν
1633 2593 1646 2655 ὂ
1667 2593 1728 2662 θεὶς

535 2702 586 2764 τὸν
619 2698 707 2776 νόμον
738 2697 835 2777 >rask
870 2699 1023 2763 Aristoor.
1055 2696 1157 2782 §201
1191 2719 1222 2782 p.
1249 2695 1332 2763 687:
1365 2706 1419 2771 της
1446 2698 1562 2768 πόλεως
1588 2700 1605 2773 ἡ
1630 2697 1726 2774 δωρεὰ

535 2804 807 2884 προπεπηλάκιςαι
826 2803 878 2866 καὶ
899 2803 1008 2879 Φαύλη
1035 2803 1173 2881 γέγονεν.
1192 2802 1327 2869 Timoor.
1353 2801 1448 2887 §205
1473 2825 1504 2888 p.
1530 2801 1613 2869 764:
1638 2803 1725 2879 δόξης

534 2908 778 2986 ἀναπιμπλάναι
810 2908 947 2987 Φαύλης.
980 2907 1113 2995 Olynth.
1143 2907 1191 2974 ΙΙΙ
1215 2910 1232 2993 §
1254 2907 1297 2974 32
1320 2930 1351 2994 p.
1377 2906 1435 2975 37:
1461 2906 1505 2977 ἔςι
1530 2909 1555 2972 δ’
1579 2909 1724 2975 οὐδέποτε

534 3015 623 3093 μέγα
647 3015 698 3078 καὶ
724 3015 856 3080 νεανικὸν
879 3013 1023 3091 φρύνημα
1048 3013 1163 3091 λαβεῖν
1186 3016 1282 3095 μικροὶ
1308 3015 1358 3078 καὶ
1382 3020 1496 3093 Φαῡλα
1517 3015 1723 3096 πράττοντας.

534 3122 676 3207 Aristog.
700 3119 715 3184 I
738 3117 811 3202 §15
837 3140 867 3204 p.
893 3116 976 3185 774:
1003 3121 1019 3194 η
1043 3120 1100 3195 μὲν
1123 3115 1172 3183 ούν
1196 3119 1289 3201 φύσις
1316 3118 1355 3183 ἂν
1379 3118 1395 3200 ἦ
1420 3121 1544 3199 πονηροί,
1569 3120 1724 3193 πολλάκις

532 3231 647 3307 φαῦλα
669 3225 831 3302 βούλεται.
857 3224 997 3310 Aristog.
1021 3223 1053 3289 II
1076 3223 1151 3309 §22
1176 3246 1206 3310 p.
1228 3221 1312 3289 807:
1337 3225 1411 3289 κύνκ
1434 3228 1548 3302 ἀγεννῆ
1569 3227 1620 3290 καὶ
1641 3231 1725 3308 φαῦ-

533 3349 594 3398 λον.
618 3331 731 3399 (loton.
755 3329 852 3415 §266
872 3352 903 3415 p.
925 3328 1005 3395 315:
1031 3332 1138 3411 ιὶγαύῇ
1159 3354 1197 3406 με
1218 3331 1302 3412 τύχη
1324 3331 1548 3408 συμβεβιωκὼς
1569 3341 1623 3405 της
1646 3334 1723 3407 ε’μης

532 3442 570 3508 ὡς
602 3437 729 3516 Φαύλης
759 3443 951 3515 κατηγορεῖς.
977 3436 1067 3516 Quod
1091 3440 1201 3501 autem
1226 3436 1304 3501 olim
1328 3436 1411 3513 dixi,
1437 3458 1534 3522 quem
1558 3438 1723 3503 hominem

531 3545 656 3609 inimici
679 3544 735 3628 qui
758 3544 866 3607 omnia
892 3541 1032 3628 maligne
1050 3544 1312 3627 interpret-antur,
1334 3547 1456 3620 Φαῡλον
1475 3543 1637 3629 appellant
1657 3552 1723 3609 tan-

532 3670 629 3736 quam
660 3650 793 3714 virtutis
821 3652 1002 3732 expertem,
1034 3648 1172 3713 eundem
1203 3651 1322 3713 amicos
1355 3659 1391 3713 ut
1422 3657 1573 3714 excusent
1605 3652 1720 3723 ἐπιεικῆ

532 3754 708 3840 appellare,
741 3756 796 3839 qui
827 3760 935 3817 tamen
965 3752 1047 3816 nibil
1080 3752 1254 3818 admodum
1277 3756 1432 3836 peccarit,
1457 3754 1515 3818 hoc
1538 3755 1659 3821 valebit
1682 3757 1721 3821 ad

532 3861 649 3927 melius
679 3858 928 3945 intelligendum
950 3858 1063 3923 Aesoh.
1089 3858 1174 3922 Tim.
1199 3858 1313 3943 5109:
1345 3860 1433 3923 ἀλλὰ
1458 3862 1526 3924 καθ’
1549 3863 1640 3926 αὑτὸν
1665 3863 1722 3938 μὲν

534 3965 639 4046 ἅρχων
662 3970 784 4045 φαῦλος
809 3961 852 4041 ἦν,
877 3964 963 4040 μετὰ
986 3962 1132 4028 πλειύναν
1157 3962 1183 4025 δ’
1208 3964 1354 4036 ἐπιεικής.

481 4119 488 4134 .
578 4072 671 4137 Nunc
692 4069 784 4135 redeo
808 4070 847 4135 ad
870 4068 978 4135 locum
1001 4091 1019 4134 a
1041 4090 1104 4155 quo
1127 4074 1195 4134 tota
1215 4068 1291 4134 haec
1312 4070 1488 4156 disputatio
1507 4073 1648 4158 profecta
1666 4080 1724 4139 est.

532 4178 656 4262 Nempe
687 4174 891 4241 contenderat
921 4179 1027 4240 orator
1057 4175 1117 4240 hoc
1141 4173 1303 4260 agendum
1327 4181 1364 4240 ut
1388 4178 1536 4242 omnibus
1560 4184 1725 4263 appareret

533 4287 605 4369 quis
628 4288 710 4347 esset
732 4280 921 4366 Philippus,
945 4301 1060 4365 nempe
1085 4285 1219 4359 Φαῦλος.
1245 4283 1288 4346 At
1307 4282 1489 4369 Philippus,
1511 4282 1648 4350 (lobetus
1666 4285 1721 4357 ait,

534 4386 783 4453 Atheniensibus
813 4384 895 4449 nihil
926 4387 1034 4450 minus
1068 4406 1166 4471 quam
1201 4391 1325 4465 φαῦλος
1360 4408 1428 4454 esse
1458 4388 1635 4464 videbatur,
1668 4386 1723 4451 sed

533 4494 629 4558 molus
653 4497 685 4557 et
705 4491 871 4573 improbus:
895 4494 1015 4557 etenim
1034 4496 1160 4569 Φαῦλον
1179 4494 1344 4573 contemtiose
1363 4494 1445 4571 dici,
1465 4497 1604 4571 Φλαύρον
1624 4492 1724 4556 odiose

534 4605 566 4664 et
600 4597 764 4662 criminose.
807 4596 866 4661 uss
901 4601 938 4661 ut
972 4595 1112 4663 Oobetus
1146 4599 1308 4683 perhibet:
1350 4598 1521 4685 Philippus
1555 4597 1723 4663 videbatur

534 4703 781 4769 Atheniensibus
800 4723 867 4767 esse
886 4708 1024 4783 φλαῦρος
1045 4707 1078 4767 et
1097 4701 1225 4784 ἄμαχος
1247 4711 1279 4769 et
1298 4702 1448 4782 φοβερός,
1468 4704 1565 4766 sicuti
1577 4708 1723 4789 sequenti

532 4808 732 4895 paragrapho
750 4806 902 4893 legimus.
921 4807 984 4873 Sed
1003 4810 1152 4874 omnibus
1172 4810 1295 4876 viribus
1307 4808 1463 4873 obnititur
1474 4807 1720 4876 Demosthenes:
