4525 5950
967 674 1108 722 cccmus.
1585 656 1625 723 71

438 839 568 907 vinculo
598 842 726 906 iunctas
756 848 841 906 sunt.
867 843 917 906 An
941 839 1030 906 ullus
1054 842 1106 907 hic
1131 844 1351 907 coniunctioni
1374 865 1498 928 namque
1520 840 1629 908 locus?

436 948 509 1012 Non
541 948 668 1032 opinor:
701 969 802 1032 neque
834 950 919 1012 enim
951 950 1033 1013 ratio
1063 948 1114 1013 hic
1138 947 1288 1013 redditur
1305 969 1407 1033 neque
1431 952 1628 1034 praeteritio,

437 1075 518 1141 quae
543 1055 671 1131 dicitur,
696 1054 742 1118 fit.
768 1053 830 1119 Sed
854 1075 910 1140 pro
934 1077 1058 1140 campere
1081 1054 1153 1141 lege
1176 1055 1308 1140 iamque,
1333 1058 1462 1142 egregie
1483 1055 1631 1141 procedet

437 1162 548 1225 oratio.
582 1160 650 1225 Hoc
683 1162 769 1225 enim
801 1161 867 1226 fere
899 1161 983 1225 dicet
1006 1160 1153 1226 Tacitus:
1180 1164 1280 1246 „quin
1304 1165 1403 1227 etiam
1425 1162 1465 1228 ad
1487 1183 1559 1227 sam
1582 1166 1630 1227 est

437 1288 625 1354 progressus
648 1266 885 1351 impudentiam
908 1272 946 1331 ut
967 1269 1175 1354 naufragium
1198 1268 1373 1334 narraret.''

484 1479 521 1543 A.
547 1478 633 1556 XIV,
659 1478 712 1543 20.
738 1475 822 1545 Oum
845 1478 929 1545 Nero
951 1478 1044 1544 ludos
1067 1479 1318 1565 quinquennales
1340 1483 1525 1546 institueret
1542 1502 1630 1547 more

437 1585 579 1665 Graeco,
615 1587 823 1652 vehementer
862 1607 933 1652 eam
969 1608 1037 1652 rem
1073 1587 1296 1671 improbabant
1331 1589 1394 1653 viri
1428 1589 1630 1673 antiquitatis

436 1701 571 1760 tenaces.
597 1693 710 1759 Totam
735 1715 862 1759 remeo
886 1700 1027 1779 spectare
1052 1693 1212 1759 affirmant
1236 1699 1291 1760 ut:

484 1800 589 1887 „quod
619 1821 755 1886 usquam
786 1803 947 1886 corrumpi
971 1807 1002 1865 et
1026 1821 1230 1886 corrumpere
1253 1806 1366 1885 queat,
1389 1803 1424 1865 in
1447 1800 1525 1865 urbe
1548 1803 1630 1866 visa·

435 1915 500 1985 tur,
525 1907 756 1993 degeneretque
780 1906 896 1972 studiis
919 1909 1060 1972 externis
1079 1909 1233 1973 iuventus
1259 1954 1378 1973 ......
1403 1909 1453 1971 An
1469 1909 1628 1972 iustitiam

434 2018 548 2100 augeri
571 2020 604 2079 et
627 2014 770 2078 decurias
793 2016 941 2098 equitum
964 2016 1134 2101 egregium
1159 2013 1322 2098 iudicandi
1346 2036 1465 2079 munus
1488 2013 1629 2100 expletu-

432 2142 503 2198 ros,
528 2123 555 2185 si
579 2121 693 2185 fractos
717 2141 809 2184 sonos
833 2126 865 2185 et
889 2118 1089 2185 dulcedinem
1114 2141 1230 2185 vocum
1255 2123 1357 2205 perite
1381 2120 1576 2186 audissent.'’

481 2226 580 2293 Totus
620 2227 671 2292 bic
706 2225 793 2292 locus
825 2229 859 2291 in
894 2226 1001 2292 codice
1037 2229 1266 2293 vitiosissimus
1301 2234 1357 2293 est.
1396 2226 1464 2292 lam
1500 2230 1630 2315 egregia

435 2334 659 2400 emendatione
683 2333 812 2419 Lipsius
835 2333 984 2397 iustitiam
1007 2333 1112 2415 asperi
1136 2333 1224 2399 dedit
1247 2355 1305 2419 pro
1329 2333 1464 2399 absurdo
1486 2334 1535 2398 icc
1559 2335 1630 2398 titia

433 2441 567 2522 cuparii,
593 2461 694 2525 neque
718 2447 880 2524 praeterea
906 2439 1114 2525 Madvigiena
1137 2443 1332 2506 correctione
1352 2448 1469 2505 auctum
1487 2441 1530 2504 iri
1549 2462 1629 2526 opus

435 2570 505 2614 esse
526 2551 648 2632 opinor.
671 2546 770 2623 Tum,
791 2552 876 2612 recte
897 2552 933 2611 ut
955 2546 1103 2631 equidem
1122 2568 1249 2625 censeo,
1271 2546 1446 2634 Seyffertus
1459 2548 1629 2631 expleturae

435 2657 569 2721 coniecit
588 2674 644 2738 pro
664 2653 831 2735 expleturos
851 2660 883 2717 et
902 2658 975 2718 ante
994 2673 1065 2718 eam
1077 2673 1190 2719 vocem
1203 2652 1356 2718 Halmius
1366 2656 1502 2719 inseruit
1512 2654 1628 2729 melius,

434 2763 519 2846 quod
551 2758 815 2845 supplementum
846 2759 929 2824 mihi
960 2758 1089 2844 quidem
1114 2762 1227 2844 utique
1251 2762 1462 2825 necessarium
1490 2761 1627 2825 videtur.

434 2867 498 2932 Sed
521 2888 605 2931 nuno
628 2886 688 2952 ego
712 2868 810 2930 etiam
833 2867 866 2929 in
891 2868 954 2930 isto
970 2865 1073 2948 perite
1095 2866 1249 2930 audissent
1268 2866 1390 2932 haereo.
1414 2866 1525 2952 Neque
1542 2869 1628 2932 enim

434 2972 615 3061 significare
649 2994 685 3038 ea
720 2972 817 3037 verba
852 2979 1003 3057 possunt:
1041 2980 1228 3057 „tamquam
1262 2971 1370 3039 callidi
1401 2974 1439 3039 de
1471 2972 1630 3039 eiusmodi

434 3082 557 3147 artibus
587 3079 709 3144 iudices
739 3077 937 3156 audissent”,
969 3100 1088 3165 neque,
1121 3081 1149 3143 si
1180 3085 1325 3164 possent,
1359 3079 1397 3146 de
1428 3101 1465 3146 ee
1487 3101 1520 3145 re
1544 3102 1628 3145 nunc

433 3191 553 3273 agitur.
586 3187 744 3252 Universa
776 3192 883 3251 tamen
909 3184 972 3250 loci
996 3188 1154 3251 sententia
1177 3185 1351 3251 admodum
1374 3192 1423 3252 est
1445 3189 1627 3272 perspicua:

435 3294 636 3373 „meliusne”
658 3296 830 3379 antiquarii
849 3292 900 3356 illi
919 3299 1035 3378 rogant
1056 3293 1223 3369 „homines
1243 3314 1282 3358 ex
1303 3293 1413 3358 ordine
1427 3292 1628 3380 amplissimo

433 3401 755 3486 splendidissimoque
776 3399 931 3486 gravibus
956 3401 1023 3463 suis
1045 3401 1079 3463 in
1102 3397 1266 3485 republica
1289 3399 1476 3465 muneribus
1497 3402 1629 3487 fungen-

433 3514 498 3583 tur,
530 3505 720 3571 melioresne
751 3525 803 3570 eos
835 3505 1023 3570 habebimus
1047 3505 1291 3572 iurisconsultus
1315 3513 1347 3571 et
1368 3506 1507 3585 iudices,
1532 3510 1560 3572 si
1582 3506 1628 3571 ic·

433 3621 521 3679 eunte
540 3621 637 3678 estote
659 3616 796 3678 istarum
821 3633 946 3686 rerum,
971 3633 1050 3698 ques
1074 3635 1158 3679 nunc
1182 3616 1216 3678 in
1240 3616 1405 3679 civitatem
1428 3613 1628 3680 introducere

432 3720 541 3786 studet
574 3723 737 3807 prinecps,
774 3721 945 3805 participes
980 3717 1142 3785 fuerintl''
1185 3719 1269 3784 Nam
1300 3722 1488 3804 praesertim
1519 3720 1558 3785 de
1587 3722 1629 3785 iis

432 3828 529 3892 rebus
560 3827 612 3892 hic
643 3827 697 3912 agi
728 3827 944 3912 cogiterique,
976 3846 1054 3910 quas
1086 3832 1187 3889 tenero
1210 3832 1294 3889 cetos
1317 3824 1470 3891 ludorum
1492 3825 1628 3891 illorum

434 3936 596 3999 occasione
627 3932 722 3996 saciet
753 3931 989 4018 spectabitque,
1015 3931 1067 3996 vel
1090 3952 1129 3996 ex
1153 3934 1210 4009 iis,
1235 3953 1315 4017 quas
1339 3935 1528 3998 citavimus:
1555 3933 1627 4011 „de-

432 4049 626 4126 generetque
660 4038 776 4104 studiis
810 4039 949 4103 externis
979 4037 1154 4125 iuventus''
1186 4059 1283 4123 quam
1314 4042 1455 4104 maxime
1486 4045 1626 4125 apparet.

431 4146 520 4231 Ergo
551 4166 613 4210 non
645 4144 757 4210 dubito
787 4147 864 4230 quin
888 4165 944 4229 pro
962 4145 1063 4226 perite
1086 4143 1259 4232 legendum
1283 4148 1325 4210 sit
1342 4147 1453 4227 pueri,
1477 4167 1539 4231 qua
1561 4167 1627 4211 cor·

434 4255 574 4318 rectione
604 4249 768 4315 lenissima
798 4250 927 4317 tandmn
958 4250 1128 4337 aliquando
1160 4258 1247 4318 totus
1277 4251 1366 4319 locus
1396 4254 1430 4317 in
1459 4255 1626 4339 integrum

433 4361 604 4424 restitutus
627 4356 766 4423 videtur.

477 4572 515 4634 A.
540 4568 625 4647 XIV,
650 4567 703 4634 29.
729 4568 791 4649 Qui
810 4568 963 4634 hactenus
983 4572 1017 4634 in
1038 4569 1203 4635 Britannia
1222 4570 1423 4656 praefuerant
1441 4569 1625 4658 legionibus

431 4677 519 4743 haud
542 4676 685 4742 multum
711 4676 924 4761 profecerant:

480 4783 564 4863 ,Sed
593 4790 666 4847 tum
696 4780 853 4847 Paulinus
884 4781 1060 4848 Suetonius
1091 4783 1255 4849 obtinebat
1283 4784 1468 4864 Britannos,
1493 4787 1625 4855 scienta
