4525 5950
644 680 710 745 238
1134 698 1176 744 us
1199 697 1343 746 orarum.

641 882 783 937 servem,
806 860 986 926 luculenter
1009 866 1140 946 apparet
1163 881 1182 924 a
1204 860 1311 925 Marte
1335 866 1367 925 et
1390 880 1423 924 re
1447 857 1583 925 militari
1607 859 1712 926 aliena
1735 862 1837 927 fuisse

643 966 773 1034 Oarnea.

685 1073 756 1137 lam
775 1073 942 1137 videamus
961 1093 1023 1156 quo
1042 1071 1093 1136 die
1114 1069 1229 1137 Oarnei
1249 1072 1369 1135 mensis
1388 1069 1577 1158 (lullhug.)
1597 1073 1682 1152 ἑορτή
1703 1075 1838 1137 initium

640 1178 799 1243 habuerit.
834 1178 951 1242 Narrat
985 1175 1180 1240 Plutarchus
1203 1177 1226 1255 ¹)
1261 1175 1432 1241 Platonem
1467 1177 1609 1254 γενέσθαι
1645 1179 1836 1254 Θαργηλίοις

642 1284 796 1358 Ἀθήνησι,
820 1281 1016 1349 Carneadem
1041 1282 1173 1358 Κάρνεια
1199 1284 1370 1361 Κυρηναίων
1393 1281 1544 1358 ἐνόντων.
1574 1281 1691 1347 Addit:
1717 1283 1838 1363 ἑβδόμη

641 1388 671 1454 δὲ
696 1388 878 1468 οὶμφοείραι
904 1386 1102 1466 ἑορτάζουσιν.
1135 1387 1257 1452 Eodem
1279 1389 1383 1473 igitur
1406 1387 1457 1452 dia
1482 1409 1545 1472 quo
1569 1393 1601 1452 at
1623 1389 1693 1473 ipse
1717 1388 1836 1473 Apollo

640 1500 735 1560 natus
758 1495 919 1558 ferebatur
943 1529 985 1540 —
1010 1494 1065 1577 qui
1088 1491 1162 1555 inde
1186 1491 1425 1568 Ἑβδομαρένης
1449 1492 1599 1558 audiebat
1623 1529 1662 1540 -
1689 1491 1837 1579 Cyrenas

639 1598 761 1666 Garnaa
779 1599 975 1683 incipiebant
994 1599 1234 1683 agebanturque
1255 1599 1407 1682 usquead
1420 1597 1505 1663 diem
1518 1599 1680 1663 decimum
1693 1607 1836 1666 sextum.

639 1705 787 1769 Etiamne
817 1702 969 1790 Spartae?
999 1724 1074 1768 nam
1099 1705 1179 1768 hanc
1204 1705 1424 1787 quaestionem
1448 1725 1488 1767 ne
1511 1706 1703 1769 omittamus
1725 1713 1838 1771 mouet

637 1812 805 1895 inscriptio
832 1808 953 1875 'Pheras
975 1814 1117 1894 reperta,
1142 1808 1180 1872 ab
1205 1807 1331 1873 Hillero
1355 1809 1441 1874 edita
1464 1811 1498 1872 in
1522 1808 1644 1875 Hermo
1668 1809 1798 1891 (1901):

865 1914 1066 1991 ’Λνλαιτὶληο
1090 1916 1258 1993 οεροίτιοτοο
1284 1915 1402 1991 aporos
1425 1915 1530 1978 ίιιιοίδι

865 2023 1029 2103 Κοι[ρ]νῆια
1054 2020 1117 2084 θεὸν
1143 2019 1321 2102 δείπν[ι]ξεν
1345 2021 1566 2084 ίούνιπαννίδοο

1299 2127 1350 2189 καὶ
1376 2133 1558 2203 accurras.

639 2233 726 2312 Quae
757 2232 855 2297 verba
885 2231 1059 2296 admodum
1087 2232 1221 2296 obscura
1244 2253 1275 2295 v.
1300 2230 1330 2296 d.
1354 2234 1401 2297 ita
1425 2220 1541 2297 vertit:
1567 2231 1753 2318 Agloteles,
1779 2232 1835 2298 der

637 2338 723 2404 Sohn
748 2339 803 2402 des
825 2337 1034 2422 Enipantidas
1057 2336 1122 2400 und
1142 2337 1197 2401 der
1217 2336 1373 2411 haketto,
1395 2336 1575 2403 allerarstor
1593 2341 1627 2401 in
1648 2338 1834 2405 derodant

636 2442 741 2508 lichen
761 2442 863 2520 Reda,
884 2442 941 2506 hat
961 2462 1013 2505 am
1033 2441 1086 2506 20.
1108 2441 1293 2523 [Karneios]
1313 2442 1386 2506 dem
1407 2440 1504 2508 Gotte
1524 2446 1576 2508 ein
1595 2442 1833 2509 Karneenmabl

638 2547 844 2614 zubereitet.’'

683 2656 768 2719 Mihi
799 2654 833 2717 id
856 2653 952 2717 modo
975 2658 1100 2717 certum
1123 2652 1271 2718 videtur:
1295 2653 1432 2717 vicesimo
1455 2658 1574 2719 mansis
1597 2654 1648 2720 die
1672 2655 1831 2723 Theraeos

636 2760 734 2825 deum
769 2760 917 2824 convivio
952 2760 1130 2841 excepisse,
1171 2760 1409 2842 rectissimeque
1444 2758 1609 2824 Hillerum
1645 2769 1830 2827 annotasse:

639 2887 735 2942 „man
766 2867 874 2947 weiss,
908 2863 979 2928 dass
1011 2884 1045 2927 es
1074 2863 1192 2950 genade
1222 2864 1282 2928 auf
1299 2863 1373 2928 dem
1397 2864 1507 2950 gebiet
1530 2865 1585 2931 des
1608 2867 1830 2952 griechischen

635 2971 811 3037 Kelenders
830 2971 966 3035 iiberaus
986 2968 1131 3034 misslich
1151 2972 1212 3047 ist,
1233 2992 1296 3035 ron
1315 2974 1419 3035 ainem
1440 2968 1517 3037 Orto
1537 2972 1596 3036 auf
1611 2974 1672 3037 den
1693 2975 1828 3039 anderen

634 3100 673 3143 zu
704 3076 910 3142 schliessen.''
943 3075 996 3140 Sic
1027 3073 1086 3141 Ooi
1118 3098 1179 3140 non
1204 3079 1376 3159 quotannis
1399 3077 1454 3141 sed
1477 3080 1572 3142 tertio
1596 3099 1725 3164 quoque
1748 3101 1829 3145 anno

637 3182 758 3251 Oarnea
780 3183 917 3267 agebant
932 3179 966 3259 ²).

680 3289 791 3373 ltaque
823 3286 964 3352 subsidia
994 3285 1057 3351 alia
1089 3293 1126 3349 ut
1150 3308 1200 3350 res
1230 3285 1269 3350 ad
1294 3285 1389 3351 finem
1413 3286 1607 3372 perducatur
1629 3309 1826 3354 arcessamus

634 3415 759 3459 necesse
782 3398 847 3469 sst;
873 3412 1092 3456 recenseamus
1115 3390 1201 3456 locos
1225 3393 1280 3455 ubi
1303 3391 1341 3455 de
1366 3391 1495 3458 Garneis
1517 3396 1637 3479 agitur.

680 3498 781 3563 Thuc.
809 3497 845 3578 V,
872 3495 915 3560 54
946 3495 1070 3560 nullam
1093 3518 1187 3580 opem
1211 3496 1300 3561 affert
1324 3497 1363 3560 ad
1387 3500 1605 3581 quaestionem
1630 3504 1828 3585 propositam

634 3604 857 3670 dirimendam.
886 3601 969 3670 Cum
994 3624 1071 3667 vero
1094 3602 1147 3667 hio
1170 3602 1258 3667 locus
1284 3604 1501 3668 observationi
1524 3604 1720 3671 utilissimae
1744 3629 1828 3693 prae

634 3712 707 3775 beat
738 3729 865 3784 ausam,
899 3706 1040 3772 oblatam
1071 3710 1267 3773 occasionem
1299 3711 1409 3772 statim
1437 3712 1576 3795 arripere
1607 3712 1690 3774 mihi
1721 3711 1826 3777 liceat.

679 3813 839 3879 Vocabula
859 3816 946 3877 enim
966 3813 1118 3890 ίερομηνια
1134 3810 1159 3891 ³)
1181 3818 1325 3889 Δωριεῦσι
1339 3835 1402 3878 non
1422 3821 1555 3897 possunt
1574 3817 1651 3899 quin
1672 3816 1826 3883 lectorem

634 3942 698 3986 non
728 3922 890 3984 monitum
920 3921 954 3982 in
986 3939 1126 3983 errorem
1153 3917 1317 3984 inducant.
1350 3916 1465 3984 Credat
1490 3923 1714 4005 enim,atque
1739 3923 1829 3988 ideo

635 4028 741 4111 magis
768 4044 842 4088 oum
865 4022 1089 4109 Thucydidem
1112 4022 1229 4087 habeat
1252 4032 1415 4089 auctorem
1437 4030 1469 4091 et
1489 4032 1620 4103 testem,
1645 4026 1768 4093 Cornea
1791 4027 1829 4091 ab

644 4197 711 4203 ...—-
723 4194 836 4201 --—-

671 4301 697 4358 1)
714 4300 812 4363 Quaest.
829 4299 908 4361 Symp.
928 4295 997 4351 VllI.
1015 4297 1037 4346 2.

669 4382 697 4444 Β)
714 4381 735 4429 l.
747 4380 778 4427 ll.
789 4381 812 4427 S.
830 4377 873 4436 lx,
892 4379 948 4426 828.
966 4378 1010 4426 Sed
1029 4377 1076 4426 rid.
1096 4377 1202 4428 Dlttenb.
1220 4378 1279 4442 Syll.
1297 4379 1333 4429 ll.
1350 4395 1374 4444 p.
1391 4380 1440 4428 408
1458 4381 1521 4428 Anu.
1539 4381 1564 4429 8.

669 4465 697 4528 8)
715 4461 838 4523 ἱερομηνία
860 4460 943 4520 saell,
969 4460 1156 4517 Hcrwerdenna,
1180 4463 1220 4509 sed
1244 4462 1325 4510 Photii
1351 4461 1423 4510 verba
1446 4464 1619 4525 Θεσμοφόρια·
1634 4461 1716 4524 ’ὄνομα
1735 4462 1828 4527 εὀρτῆς.

635 4543 807 4606 Θεομοφορίοι·
826 4540 918 4598 δεκάτη
935 4548 976 4600 (sc.
994 4539 1089 4602 ἡμέρα),
1108 4547 1206 4590 monent
1224 4546 1250 4591 nt
1268 4543 1306 4591 hic
1323 4559 1416 4607 quoqne
1434 4544 1563 4593 scribamus
1581 4543 1716 4605 ἱερομῆνιιι,
1732 4562 1786 4596 cnm
1801 4547 1828 4595 dr

633 4633 686 4677 toto
703 4628 773 4690 freto
795 4640 872 4673 sermo
894 4626 950 4680 art,
975 4638 1022 4671 uon
1044 4624 1073 4671 de
1098 4639 1145 4672 uuo
1163 4625 1200 4672 die
1219 4629 1246 4673 nt
1264 4625 1339 4674 Thac.
1358 4624 1398 4674 Ill
1417 4626 1488 4685 aaa.
1509 4627 1545 4677 Οἱ.
1568 4626 1672 4689 Hesych.
1690 4627 1828 4687 ἱερομηνία·

634 4705 783 4769 ἱορτιίοιμορ
805 4703 891 4764 ἡμέρα.
913 4704 1041 4767 (Harpocr.
1059 4704 1075 4752 i.
1091 4720 1122 4763 v,
1142 4705 1211 4754 Pind.
1231 4706 1300 4754 Nem.
1319 4706 1345 4754 ll
1366 4708 1426 4765 ¹22³
1445 4706 1569 4772 ἱερομηνίᾳ
1587 4704 1717 4769 Νεμεάδι).
1739 4709 1827 4758 Eodem

633 4790 704 4840 modo
720 4787 900 4849 distinguantur
917 4783 1020 4845 Κάρνεια
1037 4793 1060 4834 st
1078 4788 1191 4847 Καρνεῖιει
1209 4785 1323 4849 (ἡμέραι).
