4525 5950
540 680 602 746 120
872 701 915 747 nn
940 699 1086 747 rnosson
1109 700 1194 746 eruo
1216 699 1383 747 nonnanis.

540 875 692 935 contextu
724 867 822 933 deleri
851 889 912 933 non
946 889 1052 952 posse,
1084 888 1158 932 enm
1191 874 1352 953 praeterea
1382 890 1434 934 eos
1465 873 1605 945 tueatur,
1638 866 1720 953 quod

534 975 668 1041 redeunt
692 973 855 1059 ledsq.
880 972 940 1038 Sed
967 973 1097 1039 Reiohel
1113 974 1137 1053 ¹)
1160 977 1234 1039 eicit
1257 996 1304 1039 vs.
1332 974 1396 1039 136
1421 975 1495 1051 „eei
1521 975 1571 1039 διὰ
1597 976 1718 1052 θώρηκος

534 1081 758 1145 πολυδαιδάλου
790 1082 960 1158 ἠρήρειστο,
996 1102 1076 1166 quae
1108 1081 1219 1146 eadem
1250 1083 1346 1146 verba
1376 1082 1532 1168 leguntur
1560 1091 1720 1167 praeterea

535 1196 556 1251 Γ
582 1187 647 1252 358
673 1196 697 1251 Η
720 1186 785 1251 252
809 1201 837 1251 Λ
861 1185 937 1263 436,
963 1208 1065 1271 neque
1090 1186 1255 1267 dubitat²)
1279 1191 1356 1273 quin
1379 1210 1427 1253 vs.
1459 1187 1523 1252 133
1551 1189 1657 1252 verbis
1682 1188 1721 1251 dl-

533 1309 625 1365 πλυυς
659 1291 752 1371 θώρηξ
782 1293 1002 1378 significentur
1032 1297 1198 1359 coniuncte
1230 1294 1354 1359 balteus
1383 1296 1527 1374 (ζωστήρ)
1550 1302 1583 1359 et
1607 1297 1720 1371 mitra,

533 1404 649 1487 quippe
680 1422 755 1465 enm
787 1412 911 1465 censeat
943 1403 994 1464 vir
1024 1400 1137 1464 doctus
1169 1421 1244 1464 voce
1275 1400 1368 1480 θώρηξ
1397 1401 1530 1466 indicari
1561 1401 1722 1486 quodcun-

533 1528 594 1593 que
617 1508 740 1591 corpori
764 1506 919 1590 praesidio
950 1509 1002 1571 sit.
1035 1507 1078 1570 At
1108 1505 1266 1591 generalis
1297 1505 1352 1572 ille
1385 1528 1462 1571 nsus
1493 1509 1583 1573 vocis
1616 1504 1722 1586 θώρηξ,

534 1634 630 1699 quem
653 1611 782 1677 Reiohel
805 1614 936 1697 probare
961 1611 1096 1690 studet,¹
1110 1615 1178 1676 sine
1202 1615 1297 1678 certis
1320 1612 1474 1698 exemplis
1497 1611 1599 1696 esti),
1623 1634 1725 1698 neque

533 1723 637 1808 igitur
667 1740 704 1784 eo
735 1726 886 1805 tanquam
918 1718 1035 1784 ultimo
1066 1718 1186 1784 auxilio
1218 1719 1373 1784 utendum
1398 1719 1537 1797 videtur,
1569 1723 1635 1785 nisi
1660 1741 1725 1785 om·

533 1827 627 1891 nibus
650 1825 722 1890 aliis
745 1826 864 1891 frustra
888 1829 1054 1911 temptatis
1076 1828 1170 1891 unice
1193 1832 1302 1912 aptam
1333 1831 1526 1892 sententiam
1556 1828 1724 1912 praebeat;

510 1915 652 1999 'Rosea
676 1954 751 1998 voce
775 1933 868 2012 θώρηξ
888 1942 995 1998 nostro
1014 1932 1083 1998 loco
1101 1933 1234 1998 loricam
1254 1936 1322 1999 sive
1342 1941 1496 1999 scorteam
1517 1937 1587 1999 sive
1599 1934 1726 1999 laneam

534 2039 707 2126 significari
730 2045 823 2125 putat
836 2037 861 2116 ⁴)
886 2046 919 2104 et
938 2040 1054 2116 θώρηκα
1076 2038 1197 2103 tiarae
1216 2038 1332 2105 loricae
1353 2043 1459 2105 sinum
1478 2061 1546 2105 esse
1567 2040 1725 2120 oenset⁵).

535 2145 633 2210 Mitto
665 2145 748 2231 quod
780 2145 865 2231 apud
895 2149 1084 2230 posteriores
1116 2153 1219 2211 aetate
1250 2144 1387 2212 Graecos
1410 2146 1508 2213 lorica
1531 2155 1658 2213 scortea
1680 2156 1728 2212 est

535 2254 674 2328 σπυλιὶς,
712 2251 802 2317 lanea
837 2254 947 2328 πώιιυν,
979 2260 1092 2317 neutra
1123 2252 1219 2327 θώραξ
1250 2260 1393 2330 vocatur,
1425 2253 1510 2339 apud
1542 2253 1726 2319 Homerum

534 2361 680 2423 neutrius
699 2369 823 2442 praeter
843 2359 926 2423 hunc
945 2357 1053 2423 locum
1074 2361 1252 2444 vestigium
1272 2362 1422 2424 cernitur.
1446 2357 1507 2423 Sed
1532 2380 1728 2445 magnopere

534 2486 645 2530 vereor
661 2471 700 2528 ut
719 2467 895 2530 contortius
915 2467 1003 2529 sinus
1022 2464 1137 2529 loricae
1157 2465 1276 2534 δι’πδιιις
1299 2462 1392 2544 θώρηξ
1404 2465 1537 2530 dicatur.
1555 2465 1728 2530 Praeterea

535 2581 644 2637 autem
674 2577 766 2657 potita
797 2572 945 2636 distinete
976 2571 1137 2657 significat
1167 2573 1229 2637 ibi
1254 2572 1415 2636 thoracem
1439 2570 1605 2656 duplicem
1630 2572 1727 2636 luisse

536 2679 605 2744 ubi
637 2678 733 2744 baltei
763 2678 879 2743 fibulae
909 2700 1044 2743 conexae
1077 2686 1199 2754 essent,
1224 2687 1257 2742 at
1280 2676 1403 2742 nullius
1427 2679 1615 2742 vestimenti
1638 2681 1727 2742 sinus

535 2786 609 2851 sub
640 2784 744 2850 balteo
775 2792 840 2861 est,
874 2807 935 2870 quo
966 2788 1175 2871 succingitur,
1207 2785 1262 2850 sed
1290 2806 1414 2869 supra
1444 2783 1590 2849 balteum
1599 2806 1608 2864 ;
1635 2806 1726 2871 porro

534 2892 658 2956 balteus
679 2890 781 2956 ¹nihilo
802 2895 906 2979 magis
925 2892 1040 2957 loricae
1061 2913 1157 2979 quam
1177 2892 1299 2956 thoraci
1320 2896 1414 2955 aeneo
1434 2893 1602 2969 convenit,
1625 2912 1726 2977 neque

535 3007 663 3085 propter
685 3020 791 3064 ensem
815 3003 934 3084 requiri
960 2999 1098 3064 balteum
1123 3003 1188 3063 iam
1212 3020 1308 3083 supra
1331 3000 1459 3074 monui,
1484 3001 1595 3063 tunica
1617 3008 1725 3064 autem

535 3105 702 3171 Menelaus
726 3108 753 3170 si
776 3112 942 3190 praeter
965 3106 1095 3171 loricam
1116 3107 1276 3181 utebatur,
1298 3104 1421 3170 balteus
1438 3103 1489 3169 illi
1507 3106 1726 3172 circumdatus

533 3214 591 3278 hae
617 3213 794 3299 tegebatur,
818 3234 919 3299 neque
943 3213 1016 3278 inde
1040 3214 1138 3278 huius
1161 3216 1249 3278 sinus
1272 3216 1407 3277 existere
1431 3214 1546 3297 potuit.

569 3508 592 3568 1)
608 3508 641 3556 H.
659 3507 712 3556 W.¹
732 3524 755 3571 p.
775 3507 815 3555 89.

567 3592 594 3651 2)
612 3590 643 3639 Η.
664 3592 715 3638 W.²
738 3608 759 3655 p.
777 3588 868 3653 dltqq.

568 3676 594 3737 3)
613 3676 703 3723 Nostro
721 3673 784 3722 enim
802 3671 853 3720 loco
871 3676 895 3719 et
912 3670 1002 3721 dnobus
1018 3671 1076 3719 locis
1093 3674 1123 3732 (A
1132 3672 1181 3719 448
1198 3671 1272 3731 862)
1290 3670 1329 3720 ubi
1346 3686 1390 3720 vox
1410 3667 1588 3735 χαλκοθώρηξ
1606 3670 1725 3728 occurrit,

531 3774 606 3821 neque
631 3761 694 3805 vetet
718 3756 846 3819 quidquam
871 3771 946 3819 neque
970 3758 1048 3803 temen
1070 3754 1134 3817 cogit
1158 3754 1291 3816 generalem
1316 3769 1385 3802 neom
1409 3754 1521 3818 accipere.
1539 3753 1586 3800 Sed
1605 3753 1724 3819 plerisque

530 3841 601 3899 locis,
618 3840 703 3903 quibus
721 3838 817 3887 Reichel
835 3853 889 3885 eum
907 3853 1003 3885 cernere
1020 3835 1064 3884 sibi
1083 3836 1186 3894 videtur,
1207 3835 1312 3884 eiusdem
1329 3835 1422 3900 generis
1436 3840 1492 3884 ennt
1506 3840 1578 3897 atque
1593 3835 1640 3884 loci
1656 3836 1724 3892 139⁹,

533 3924 588 3979 100,
608 3923 664 3981 loa,
687 3922 715 3968 de
738 3919 823 3983 quibus
845 3935 916 3984 supra
939 3919 975 3981 egi
993 3936 1016 3983 p.
1036 3917 1090 3969 107.
1116 3917 1145 3965 In
1162 3934 1209 3982 qno
1228 3933 1326 3967 numero
1343 3923 1399 3967 eunt
1416 3916 1501 3976 etot,
1518 3917 1603 3966 Atat
1621 3918 1660 3979 (de
1678 3934 1723 3982 qno

533 4005 586 4054 uide
610 4005 672 4052 infra
696 4005 757 4065 58),
780 4008 804 4049 N
820 4002 877 4059 371,
899 4003 988 4059 Poll,
1011 4002 1069 4049 606.
1098 4001 1181 4048 Restat
1205 4017 1264 4049 unus
1286 4000 1351 4049 locne
1374 4000 1414 4049 nbi
1441 3999 1512 4065 paolo
1538 3999 1612 4048 aliter
1640 4016 1678 4049 ree
1702 4015 1725 4047 ee

534 4086 618 4143 habet,
640 4086 729 4134 2460.
751 4084 786 4133 Ibi
805 4083 887 4132 Thetis
904 4100 918 4131 a
937 4083 1043 4132 Vulcano
1061 4082 1122 4146 petit
1139 4080 1237 4130 ἀσπίδα
1254 4080 1296 4130 καὶ
1312 4081 1464 4144 τρυφάλειαν
1481 4081 1521 4130 ael
1540 4085 1623 4141 aram
1640 4087 1724 4145 ιιηημῖ·

536 4166 579 4226 διις
598 4165 751 4229 ἐπισφυρίοις
764 4165 894 4226 ἀραρυίας,
910 4164 953 4214 καὶ
967 4164 1067 4225 θώρηκα.
1084 4164 1219 4214 Secundum
1235 4164 1341 4213 Reicheli
1358 4165 1487 4223 rationem,
1502 4170 1611 4225 scutum,
1625 4168 1726 4231 galeam,

535 4267 627 4309 ocreas,
653 4266 726 4314 aeque
752 4255 815 4297 recte
841 4264 897 4296 voce
923 4245 998 4311 θώρηξ
1025 4247 1129 4295 indicare
1153 4246 1209 4295 lieet
1232 4252 1303 4311 atque
1325 4247 1434 4303 mitram,
1459 4263 1530 4311 qnam
1548 4248 1624 4297 solem
1643 4249 1683 4299 hio
1700 4266 1725 4299 ea

533 4333 661 4397 significari
678 4336 757 4380 censet
775 4331 811 4379 vir
828 4332 918 4379 doctus.
938 4335 969 4380 et
986 4330 1045 4378 ferri
1063 4330 1146 4394 nequit
1163 4345 1207 4378 vox
1224 4329 1341 4393 generalis
1359 4335 1478 4378 reservata
1494 4331 1523 4378 ad
1543 4347 1618 4381 unum
1634 4332 1724 4397 aliquid

534 4416 685 4465 indicendum
703 4431 715 4462 e
731 4414 822 4462 cunctis
839 4414 863 4461 in
881 4429 942 4477 quae
958 4414 1071 4477 quadret,
1091 4412 1177 4461 ceterie
1194 4428 1236 4461 suo
1254 4413 1349 4461 nomine
1368 4412 1481 4477 peculiari
1496 4413 1631 4478 appelletis.
1649 4417 1724 4466 Porro

535 4498 631 4547 Reiehel
649 4497 761 4562 opinetur
778 4512 831 4544 oum
849 4494 969 4556 θυρηκτιὶς
983 4496 1015 4544 eit
1032 4496 1142 4544 universe
1156 4500 1264 4543 amatae
1278 4500 1302 4543 et
1317 4493 1447 4554 θιιριὶσυειυ
1461 4513 1563 4555 amare,
1582 4498 1617 4546 sic
1633 4515 1725 4563 qnoque

535 4580 630 4646 probari
657 4596 725 4628 usum
748 4579 881 4642 generalem
904 4579 967 4627 voris
987 4576 1070 4643 θώρηξ.
1093 4578 1176 4641 Neque
1193 4582 1273 4626 tamen
1292 4578 1407 4642 seqnitur,
1425 4578 1519 4626 etiamsi
1538 4579 1563 4628 in
1582 4580 1660 4630 rerbie
1677 4582 1724 4630 illie

533 4664 584 4711 eius
603 4678 657 4711 neus
675 4662 773 4725 vestigia
792 4662 961 4719 remanserint,
981 4667 1006 4709 nt
1028 4677 1075 4710 non
1098 4661 1148 4726 ipse
1170 4665 1250 4709 tamen
1275 4660 1374 4709 Homeri
1399 4664 1476 4710 aetate
1498 4662 1638 4713 exoleverit.
1654 4665 1722 4725 (Vide

535 4762 577 4793 noe
594 4744 657 4792 infra
675 4748 685 4805 §
705 4745 737 4804 7).

568 4828 596 4890 4)
612 4824 645 4873 l.l.
665 4843 686 4890 p.
705 4828 745 4875 42.
1131 4827 1154 4887 o)
1172 4825 1205 4873 l.l.
1225 4843 1247 4890 p.
1266 4826 1305 4873 39.
