4525 5950
991 709 1128 759 ormms.
1567 686 1632 754 417

437 877 540 943 Hisce
564 878 709 942 semibus
733 875 894 961 praeclara
917 876 1028 941 finitur
1050 879 1201 942 narratio.
1230 876 1311 940 Tunc
1334 877 1411 940 lacet
1430 877 1513 939 anda
1530 876 1633 940 marie.

435 983 494 1049 Sic
527 989 576 1048 est
609 985 643 1047 in
674 982 780 1048 codice
812 985 935 1070 optimo
968 983 1143 1048 MarcIano.
1175 981 1247 1047 Non
1277 981 1348 1047 dico
1372 984 1529 1047 vitiosum
1551 980 1634 1045 illud

436 1107 525 1154 esse:
557 1089 698 1153 sincerae
728 1087 916 1153 Latinitatis
947 1096 995 1154 est
1019 1095 1050 1153 ct
1074 1087 1164 1153 nullo
1189 1090 1318 1174 negotio
1340 1086 1547 1173 intelligitur.
1572 1087 1635 1153 Sed

435 1193 588 1280 languidi
618 1193 740 1279 aliquid
764 1197 865 1271 inest,
889 1195 974 1279 quod
999 1216 1059 1280 ego
1081 1198 1115 1259 in
1140 1193 1283 1259 clausula
1308 1201 1373 1257 tam
1397 1192 1551 1278 praeclari
1574 1194 1636 1259 loci

438 1302 500 1366 rix
523 1300 599 1364 fero.
625 1299 708 1378 Quid
732 1298 840 1365 enim?
863 1300 949 1365 Iacet
974 1300 1058 1365 unda
1082 1303 1188 1365 maris.
1214 1299 1342 1384 Opusne
1363 1299 1421 1363 hoc
1440 1304 1489 1363 est
1508 1299 1636 1364 disertis

439 1405 549 1471 verbis
579 1405 643 1470 dici
673 1428 748 1471 cum
779 1410 845 1471 iam
877 1407 1001 1472 dictum
1029 1415 1077 1471 cst
1100 1407 1139 1471 de
1155 1406 1295 1488 placidie
1317 1408 1371 1491 egi
1395 1403 1528 1470 diebus?
1552 1406 1636 1469 Iacet

436 1513 524 1576 unda
545 1512 639 1575 made
662 1519 695 1577 et
716 1520 818 1576 centor
841 1519 923 1576 arcet
946 1513 1057 1579 Acolca
1080 1529 1206 1593 opressa.
1231 1512 1343 1578 Nonne
1369 1514 1415 1576 bis
1438 1513 1523 1577 idem
1542 1521 1635 1597 poeta

435 1617 493 1683 hic
512 1614 612 1683 dicict
634 1618 799 1683 Ambobus
819 1640 896 1704 ergo
917 1618 1066 1704 equidem
1085 1619 1235 1683 manibus
1254 1620 1373 1703 arripio
1394 1616 1634 1695 „deteriorum”

437 1723 579 1789 duorum
602 1724 748 1789 codicum
771 1723 960 1790 lectionem:

578 1829 668 1895 Tunc
691 1833 744 1896 via
768 1835 840 1895 tuta
862 1832 971 1896 maris.

486 1935 549 2002 Hic
573 1935 722 2023 equidem
746 1939 855 2021 ipsum
879 1935 1034 2001 Ovidium
1058 1957 1194 2022 agnosco
1214 1938 1248 1998 in
1269 1935 1330 2000 fine
1351 1934 1466 2022 longae
1485 1942 1518 2000 et
1536 1938 1637 1999 ἐπεισ-

435 2041 522 2106 οδίων
553 2040 664 2127 plenae
695 2044 887 2109 narrationis
910 2041 1094 2128 legentibus
1117 2043 1151 2104 in
1176 2042 1323 2105 animum
1346 2044 1525 2106 revocantis
1552 2042 1636 2107 unde

436 2150 548 2215 omnia
576 2151 640 2214 ista
670 2151 801 2214 initium
832 2150 1024 2214 sumserint:
1049 2168 1068 2213 a
1091 2149 1178 2212 tristi
1201 2146 1258 2212 illa
1282 2145 1396 2234 Ceycis
1419 2150 1633 2235 navigatione.

435 2255 520 2321 Tam
551 2253 712 2340 praeclara
743 2260 853 2319 autem
886 2254 970 2319 mihi
1000 2252 1096 2319 lectio
1128 2251 1187 2318 illa
1210 2252 1341 2318 ridetur
1362 2259 1400 2317 ut
1423 2254 1548 2320 credere
1571 2276 1634 2320 non

435 2364 560 2450 possim
590 2359 684 2425 illam
715 2362 897 2427 coniectura
927 2362 992 2426 viri
1022 2360 1124 2436 docti,
1156 2361 1305 2444 quamvis
1329 2365 1443 2423 acutus
1467 2364 1499 2424 at
1523 2359 1634 2426 doctus

435 2467 496 2533 ille
526 2467 642 2543 fuerit,
674 2469 870 2531 restitutam.
904 2466 968 2532 Hic
1001 2465 1200 2543 „deteriore”
1226 2464 1331 2530 codice
1354 2473 1502 2530 occatam
1525 2466 1634 2532 Ovidii

437 2592 575 2638 manum
598 2571 681 2636 mihi
704 2593 762 2657 pro
786 2578 872 2637 certo
896 2576 1019 2637 constat
1045 2577 1068 2651 ).

484 2679 588 2743 Locus
607 2676 680 2754 ille,
701 2680 756 2763 qui
775 2698 837 2762 quo
858 2677 953 2742 modo
973 2682 1056 2742 esset
1075 2675 1278 2761 accipiendus
1298 2697 1351 2741 me
1364 2676 1405 2741 ad
1417 2675 1635 2761 dispositionis

437 2784 616 2850 Ouidianae
635 2781 742 2848 lucem
763 2783 1059 2848 demonstraturum
1078 2781 1241 2867 pollicitus
1260 2801 1350 2858 sum,
1371 2781 1494 2869 legitur
1505 2784 1537 2846 in
1550 2781 1633 2848 libro

437 2888 529 2955 XIII.
562 2888 724 2954 Lubenter
753 2891 787 2953 in
818 2911 854 2954 eo
884 2888 955 2954 loco
979 2890 1136 2953 immoror
1158 2889 1234 2972 quia
1255 2887 1526 2952 iucundissimum
1551 2888 1634 2953 mihi

435 3004 569 3081 tempus
592 3001 624 3060 et
649 2994 851 3061 dulcissimos
875 2997 993 3060 amicos
1015 2998 1050 3059 in
1074 3000 1217 3060 mentem
1240 3002 1379 3061 revocat.

485 3102 663 3186 Postquam
693 3103 727 3165 in
750 3122 913 3188 armorum
938 3101 1057 3166 iudicio
1082 3102 1121 3165 ab
1146 3106 1283 3186 utroque
1305 3100 1509 3187 litigantium
1533 3105 1634 3167 oratio

436 3214 489 3275 est
511 3208 621 3272 habita

487 3312 554 3379 382
577 3313 670 3378 Mota
693 3333 808 3377 menne
832 3333 1000 3398 procerum
1024 3318 1073 3377 est
1096 3318 1129 3377 et
1152 3312 1230 3398 quid
1253 3313 1401 3378 facundia
1424 3319 1529 3397 posset

577 3419 623 3484 Re
646 3420 771 3504 patuit:
795 3418 950 3503 fortisque
975 3420 1039 3483 viri
1062 3417 1140 3483 tulit
1162 3439 1252 3483 arma
1276 3419 1423 3483 disertus.

437 3525 528 3591 Haec
560 3546 620 3611 ego
649 3523 831 3610 quomodo
856 3527 920 3588 iam
945 3545 1025 3609 puer
1048 3525 1129 3588 mihi
1154 3526 1214 3589 sim
1239 3528 1467 3609 interpretatus
1489 3546 1566 3589 mox
1590 3524 1635 3589 di-

436 3653 528 3708 cam,
564 3631 619 3696 sed
652 3651 710 3715 per
740 3629 863 3695 multos
894 3650 992 3695 annos
1022 3630 1133 3695 eodem
1165 3630 1399 3716 interpretabar
1429 3631 1523 3696 modo
1531 3652 1539 3708 ;
1566 3631 1635 3696 fieri

437 3757 532 3823 posse
563 3742 601 3800 ut
633 3738 786 3801 existeret
817 3733 934 3819 aliquis
957 3738 1013 3820 qui
1037 3735 1139 3800 alium
1163 3739 1203 3800 iis
1226 3739 1330 3801 inesse
1353 3757 1483 3801 sensum
1507 3743 1635 3821 putaret

437 3843 499 3906 hoc
523 3842 605 3906 mihi
628 3844 724 3907 nain
748 3847 891 3905 mentam
914 3841 1044 3926 quidem
1067 3842 1215 3906 veniebat
1239 3862 1392 3926 unquam.
1416 3840 1558 3907 Tandem
1578 3843 1635 3908 ali·

438 3946 566 4034 quando
596 3949 630 4010 in
661 3949 834 4033 gymnasio
865 3946 1014 4012 Leidensi
1046 3947 1128 4011 mihi
1160 3947 1211 4011 hic
1241 3945 1330 4011 locus
1360 3969 1435 4012 cum
1467 3947 1634 4033 discipulis

435 4061 506 4119 crat
536 4053 731 4118 tractandus.
764 4053 844 4118 Ecce
875 4074 1051 4138 puerorum
1082 4073 1233 4116 unus-
1258 4055 1391 4118 minime
1423 4051 1544 4118 stultus
1576 4053 1633 4119 ille

435 4165 507 4224 crat
531 4196 573 4206 —
598 4160 779 4223 versionem
811 4159 894 4222 mihi
924 4158 1096 4236 recitabat,
1122 4159 1308 4243 quaemihi
1332 4158 1635 4225 falsissimaabsur·

436 4266 633 4350 dissimaque
654 4263 832 4329 videbatur.
858 4262 964 4328 Facile
985 4272 1095 4329 autem
1107 4271 1267 4330 errantem
1281 4266 1363 4329 mihi
1375 4268 1408 4329 in
1420 4268 1509 4330 viam
1522 4266 1634 4331 ductu·

436 4392 494 4437 rus
515 4370 655 4447 videbar,
675 4371 729 4436 sed
749 4392 852 4456 neque
871 4369 928 4435 ille
948 4391 1049 4455 neque
1069 4369 1305 4436 commilitones
1325 4374 1393 4436 eius
1413 4393 1547 4436 manum
1559 4374 1633 4440 dare

445 4507 642 4519 —————

469 4594 497 4657 l)
521 4592 552 4640 Iit
575 4605 623 4653 quo
642 4591 718 4654 megia
735 4592 849 4655 appareat
867 4604 937 4652 quern
955 4589 987 4637 stt
1005 4602 1088 4637 revera
1106 4586 1252 4636 Ouidianum
1270 4586 1312 4635 illc
1334 4589 1399 4636 ‚tum
1417 4588 1456 4636 ria
1472 4591 1526 4637 tata
1544 4587 1632 4637 merie”

435 4674 553 4739 respicere
575 4672 637 4721 illud
661 4671 745 4734 Ceycis
768 4672 815 4719 iter
839 4672 902 4734 quod
925 4675 963 4719 tot
987 4672 1108 4735 lentiaque
1130 4668 1348 4718 ineritobnorinm
1366 4669 1491 4735 periculis,
1509 4671 1633 4734 cogitndo

437 4755 484 4804 ¹1¹⁰
510 4755 540 4814 X'
559 4754 611 4816 m:
707 4818 890 4884 Eurydicenque
907 4834 974 4868 auam
990 4820 1038 4868 iem
1057 4822 1110 4868 tuto
1126 4818 1223 4883 respicit
1240 4818 1358 4884 Orpheus.
