4525 5950
1091 681 1234 731 6666666.
1691 666 1734 732 87

542 847 579 911 16
612 868 675 933 qua
699 851 841 914 oratione
865 855 898 914 et
921 848 985 915 6116
1005 849 1162 935 leguntur
1185 856 1218 915 61
1241 850 1335 915 baec:
1362 849 1478 926 ,Hunc
1501 872 1561 937 ego
1585 855 1736 917 nuntium

538 956 643 1038 patri,
678 952 762 1018 16616
795 956 905 1018 omnia
939 953 1001 1019 6116
1031 977 1048 1018 6
1080 957 1256 1040 provinciis
1286 954 1446 1032 audienti,
1478 954 1601 1020 feram?
1634 960 1737 1043 ipsius

536 1063 677 1135 tirones,
709 1062 812 1144 ipsius
843 1066 1008 1125 veteranos
1038 1082 1101 1126 non
1131 1063 1303 1137 missione,
1335 1083 1398 1126 non
1429 1065 1561 1146 pecunia
1587 1065 1734 1141 satiatos;

539 1167 595 1231 hic
628 1173 756 1231 tantum
781 1166 918 1231 interfici
942 1169 1159 1244 centuriones,
1185 1169 1244 1232 eici
1264 1168 1424 1244 16116666,
1449 1167 1572 1233 includi
1594 1167 1735 1255 legatos,

539 1273 663 1337 infecta
683 1275 838 1358 sangnine
858 1279 977 1349 castra,
995 1272 1147 1351 flumina,
1167 1294 1281 1358 meque
1300 1276 1475 1358 precariam
1496 1277 1637 1339 animam
1653 1278 1738 1340 inter

538 1379 680 1443 infensos
712 1379 848 1443 trahere.
881 1376 948 1445 Our
977 1382 1063 1444 enim
1093 1383 1199 1464 primo
1226 1381 1381 1444 contionis
1412 1379 1463 1444 die
1490 1380 1612 1444 ferrum
1635 1379 1735 1457 illud,

540 1483 628 1568 quod
658 1486 779 1569 pectori
809 1504 881 1550 meo
911 1484 1044 1571 infigere
1078 1486 1247 1569 parabam,
1279 1484 1480 1562 detraxistis,
1512 1507 1531 1550 o
1562 1485 1736 1570 improvidi

537 1592 637 1654 amici
645 1586 678 1653 1”

587 1694 714 1760 Ultima
743 1695 820 1760 haec
851 1716 1006 1780 quorsum
1037 1702 1183 1781 spectent
1206 1696 1303 1781 probe
1325 1698 1488 1761 novimus.
1514 1694 1626 1781 Capite
1649 1698 1735 1761 enirn

540 1798 586 1864 35
618 1799 777 1895 legimns,
813 1801 870 1864 nbi
901 1803 1045 1885 primum
1077 1808 1179 1866 castra
1211 1803 1387 1866 introiisset
1420 1798 1646 1879 Germanicus,
1671 1823 1734 1867 non

537 1903 648 1969 solum
672 1905 710 1969 de
730 1908 869 1970 miseriis
888 1909 956 1970 suis
974 1906 1013 1971 ad
1032 1927 1108 1971 eum
1128 1911 1316 1990 conquestos
1336 1927 1403 1970 esse
1423 1905 1544 1970 milites
1564 1904 1734 1971 sedetiam

534 2013 601 2095 ipsi
620 2009 773 2076 obtulisse
791 2013 983 2096 imperium:
1006 2018 1097 2088 ,tum
1120 2033 1195 2076 vero
1216 2014 1306 2096 quasi
1326 2011 1443 2076 scelere
1455 2014 1733 2090 contaminaretur,

536 2136 688 2201 praeceps
712 2115 865 2180 tribunali
889 2115 1029 2180 desiluit.
1054 2115 1237 2202 Opposnere
1256 2117 1387 2182 abeunti
1409 2137 1515 2192 arma,
1536 2120 1733 2195 minitantes,

535 2225 572 2285 ni
596 2219 827 2306 regrederetur.
853 2223 896 2284 At
917 2221 974 2287 ille
997 2225 1195 2286 moriturum
1219 2225 1345 2307 potius,
1371 2243 1467 2308 quam
1488 2222 1582 2287 fidem
1604 2230 1735 2288 exueret

534 2326 708 2391 clamitans
727 2327 848 2392 ferrum
867 2348 886 2391 a
902 2325 1001 2393 latere
1020 2328 1174 2412 diripuit,
1189 2327 1375 2413 elatumque
1389 2329 1548 2393 deferebat
1559 2331 1593 2392 in
1607 2333 1732 2413 666166,

537 2434 575 2495 61
597 2434 737 2515 proximi
760 2453 908 2517 prensam
932 2432 1078 2498 dextram
1102 2435 1137 2498 vi
1159 2433 1398 2498 attinuissent’'.

584 2535 628 2600 111
651 2545 756 2601 tamen
781 2538 987 2600 Germanicam
1007 2540 1113 2602 verbis
1135 2541 1261 2624 „primo
1281 2539 1436 2602 contionis
1456 2537 1528 2602 die”
1548 2559 1623 2601 eum
1636 2560 1733 2603 usum

537 2663 608 2707 esse
640 2641 796 2726 legimus,
822 2643 1035 2708 subridemus.
1059 2644 1131 2708 Non
1154 2647 1241 2708 enim
1265 2644 1376 2708 decent
1398 2646 1460 2707 1616
1484 2646 1591 2707 virum
1616 2644 1733 2708 milita·

536 2769 609 2812 rem
643 2747 790 2812 militum
824 2749 1047 2814 seditiosorum
1081 2748 1265 2834 placentem
1300 2752 1431 2813 animos.
1468 2748 1570 2828 Quem
1601 2750 1732 2814 deceant

535 2851 685 2939 quaeris?
705 2853 873 2919 Oratorem
893 2854 931 2919 de
951 2853 1116 2919 discordiis
1135 2854 1302 2939 legionum
1323 2853 1587 2920 Germanicarum
1599 2855 1732 2920 facunde

535 2966 571 3026 et
602 2981 641 3023 ex
672 2961 750 3024 artis
773 2962 950 3045 praeceptis
971 2965 1170 3038 narrantem,
1193 2959 1329 3046 ideoque
1352 2958 1535 3046 legentibus
1559 2959 1732 3048 diligenter

535 3070 572 3132 in
596 3067 787 3131 memoriam
812 3072 1015 3131 revocantem
1041 3088 1121 3151 quae
1145 3069 1210 3131 iam
1235 3069 1299 3131 sint
1323 3069 1480 3131 orationes
1505 3068 1632 3131 habitae

536 3180 680 3257 quotque
704 3171 884 3257 quibusque
906 3173 1019 3237 modis.

585 3278 623 3343 Α.
648 3275 673 3353 Ι,
699 3277 752 3342 44.
784 3276 926 3342 Tandem
958 3276 1128 3363 aliquando
1152 3277 1270 3342 sedatis
1294 3277 1437 3342 militum
1463 3280 1578 3341 animis
1601 3275 1731 3342 Germa·

534 3387 629 3448 nicus
654 3384 930 3459 „centurionatum
955 3383 1057 3469 egit”.
1094 3382 1141 3447 De
1166 3382 1330 3447 vocabulis
1352 3382 1456 3446 multa
1479 3382 1645 3468 disputant
1667 3386 1730 3447 viri

535 3491 641 3567 docti,
662 3511 730 3554 rem
748 3492 853 3574 ipsam
874 3492 951 3554 satis
970 3496 1115 3554 66666616
1136 3492 1300 3574 sequentia
1319 3487 1501 3553 illustrant:
1530 3492 1668 3565 „citatus
1691 3490 1729 3554 ab

533 3599 728 3679 imperatore
758 3615 891 3673 nomen,
915 3594 1077 3668 ordinem,
1102 3597 1257 3679 patriam,
1283 3615 1454 3657 numerum
1480 3594 1728 3677 stipendiorum,

534 3722 617 3786 quae
649 3709 776 3765 6166666
806 3702 839 3763 16
870 3699 999 3784 66661116
1033 3700 1174 3776 16616661,
1207 3702 1315 3764 61661
1339 3707 1428 3763 erant
1452 3699 1727 3778 donamilitaria,

534 3806 658 3871 edebat.
683 3804 717 3869 Si
742 3805 880 3881 tribuni,
905 3808 932 3869 si
956 3803 1042 3890 legio
1064 3803 1255 3868 industriam
1279 3807 1556 3888 innocentiamque
1579 3806 1729 3890 adproba-

534 3918 665 3988 verant,
690 3912 868 3975 retinebant
890 3911 1051 3975 ordinem:
1077 3912 1132 3974 611
1152 3913 1320 3974 avaritiam
1341 3918 1397 3974 aut
1417 3910 1639 3976 crudelitatem
1658 3934 1730 3977 con-

531 4039 628 4082 sensu
653 4018 912 4095 obiectavissent,
937 4015 1122 4081 solvebatur
1145 4007 1299 4080 66111116”.Ι

579 4120 628 4188 Of.
654 4144 680 4186 c.
705 4121 765 4185 32:
792 4129 942 4208 ,6666616
964 4121 1129 4208 lymphati
1154 4122 1314 4186 destrictis
1339 4121 1456 4206 gladiis
1474 4124 1508 4185 in
1530 4127 1727 4189 centuriones

530 4228 691 4293 invadunt
815 4234 989 4312 prostratos
1020 4228 1207 4292 verberibus
1239 4225 1385 4291 mulcant
1406 4230 1558 4313 sexageni
1581 4228 1727 4314 singulos

533 4380 611 4400 ...
636 4341 707 4398 tum
732 4333 900 4398 convulsos
922 4333 1121 4417 laniatosque
1141 4341 1173 4397 et
1193 4335 1311 4416 partim
1332 4335 1492 4398 exanimes
1511 4342 1584 4399 ante
1604 4335 1726 4399 vallum

531 4447 589 4506 aut
613 4442 648 4504 in
670 4438 819 4503 Rhenum
844 4440 1039 4524 proiciunt’'.

579 4547 745 4611 Habemus
777 4547 829 4610 hic
861 4547 899 4610 de
930 4546 1041 4611 eadem
1072 4567 1105 4610 re
1137 4546 1215 4610 duas
1246 4548 1442 4609 narrationes
1472 4546 1664 4621 admodum,
1689 4554 1726 4610 61

529 4658 653 4739 661666,
678 4656 763 4717 inter·
786 4674 819 4717 66
843 4652 995 4717 diversas.
1021 4650 1119 4716 Modo
1144 4650 1294 4715 audimus
1319 4651 1356 4714 de
1380 4651 1618 4715 centurionibus
1642 4650 1725 4716 mul-

530 4765 629 4836 catis,
655 4758 833 4835 convulsis,
858 4757 1004 4834 laniatis,
1029 4757 1248 4832 exanimibus,
1274 4759 1441 4842 proiectis,
1467 4757 1561 4823 modo
1585 4758 1623 4821 de
1642 4757 1726 4823 mili·
