4525 5950
662 708 726 774 100
1053 724 1209 795 menalus
1230 725 1445 773 rnrnnounus.

659 891 788 955 absentie
810 891 844 954 ia
868 891 963 954 attero
987 891 1142 954 cormatata
1161 894 1289 976 petendo
1312 900 1444 955 remotam
1462 891 1662 975 populumque
1682 892 1848 954 moram

658 999 802 1062 rationem
825 998 947 1061 tabere.-
970 999 1043 1062 adeo
1054 998 1222 1083 familiare
1242 1005 1286 1061 eet
1304 999 1471 1062 tominibae
1490 999 1589 1062 omnia
1606 998 1667 1061 ribi
1686 997 1848 1079 ipnoscere,

657 1106 740 1168 mitit
768 1106 842 1168 aliia
871 1106 1035 1181 remittere,
1068 1112 1096 1167 et
1129 1106 1275 1168 inuidiam
1306 1128 1402 1168 reram
1426 1129 1485 1169 moa
1507 1108 1550 1169 ad
1571 1128 1708 1181 causam,
1735 1106 1790 1168 ced
1812 1105 1850 1166 od

657 1213 837 1275 volumtatem
853 1234 1057 1296 personaeque
1081 1211 1221 1291 diripere.

702 1318 961 1405 Breviloquentia
981 1317 1136 1403 quaedam
1159 1339 1254 1382 eausa
1273 1318 1370 1383 fuisse
1389 1318 1518 1382 videtur
1537 1339 1594 1383 cur
1613 1316 1695 1382 Ellis
1715 1318 1849 1382 haerens

656 1428 689 1489 in
715 1426 820 1491 verbis
845 1428 937 1512 „quis
956 1447 1018 1489 non
1037 1424 1193 1489 miretur’'
1214 1445 1369 1510 perquam
1386 1423 1558 1490 infeliciter
1577 1427 1736 1490 coniceret
1758 1427 1849 1509 „quis

656 1532 850 1608 ominetnr”,
875 1531 958 1617 quod
978 1553 1041 1617 qno
1061 1553 1155 1596 sensu
1175 1531 1297 1596 dictum
1317 1530 1458 1597 voluerit
1478 1553 1516 1597 ne
1537 1552 1686 1616 assequor
1705 1529 1848 1615 quidem.

657 1637 800 1724 Scriptor
829 1639 888 1703 hoe
919 1637 1041 1714 voluit,
1077 1640 1110 1700 ni
1141 1636 1243 1715 fallor,
1277 1641 1381 1722 primo
1414 1637 1542 1723 quidem
1575 1638 1693 1703 obtutu
1728 1640 1849 1701 mirum

656 1744 758 1810 videri
781 1767 872 1830 posse
896 1744 1086 1830 Pompeium
1110 1743 1217 1809 multo
1240 1747 1362 1809 maiora
1386 1758 1475 1809 extra
1498 1744 1641 1809 ordinem
1663 1756 1848 1808 assecutum

655 1872 750 1936 aegre
785 1849 897 1915 tulisse
932 1849 1058 1917 Caesari
1094 1853 1288 1936 permissum
1322 1872 1389 1915 esse
1421 1860 1458 1914 ut
1489 1851 1627 1915 absentis
1660 1849 1850 1915 consulatus

655 1956 814 2022 candidati
834 1956 1003 2022 haberetur
1022 1959 1119 2035 ratio,
1141 1956 1196 2022 sed
1216 1977 1325 2022 revera
1345 1955 1426 2021 nihil
1445 1978 1515 2022 eam
1536 1978 1604 2021 rem
1623 1958 1701 2020 miri
1714 1957 1847 2032 habere,

655 2066 773 2150 quippe
788 2062 954 2147 familiare
976 2085 1037 2126 ease
1059 2062 1225 2126 torminibus
1247 2064 1344 2126 ommia
1365 2063 1424 2126 eidi
1442 2063 1591 2146 rpmoecere
1613 2069 1674 2127 ete.
1701 2060 1849 2148 cogitari

655 2190 730 2234 sane
758 2172 859 2255 possit
890 2169 928 2235 de
959 2169 1137 2256 reponendo
1170 2170 1360 2255 „quisnam”
1385 2177 1443 2235 ant
1467 2172 1659 2256 „quisquam
1685 2168 1847 2235 miretnr''

655 2279 726 2353 ete,
750 2275 804 2341 sed
829 2274 940 2340 dubito
963 2297 1043 2340 num
1066 2275 1117 2340 vel
1142 2297 1177 2340 aa
1201 2279 1351 2341 correctio
1374 2279 1547 2341 necessaria
1570 2278 1622 2340 sit.

700 2494 731 2560 II
763 2493 804 2560 36
837 2494 907 2580 §a
937 2518 1036 2577 paene
1070 2495 1166 2558 statta
1200 2502 1244 2557 eat
1276 2495 1493 2558 inhaerentiam
1530 2495 1624 2558 aare
1659 2495 1846 2576 imperiorum

656 2603 853 2680 enumeratio,
885 2602 964 2665 inter
994 2625 1069 2687 qrrae
1099 2602 1224 2665 maaimc
1253 2601 1350 2665 moetri
1378 2602 1445 2665 aevi
1467 2601 1596 2665 eminent
1611 2604 1766 2687 princepe
1788 2627 1847 2668 cor·

654 2710 764 2773 mimam
802 2709 952 2790 Verpitias
984 2709 1186 2793 Rabiriorqae
1220 2716 1252 2773 et
1287 2716 1474 2774 consecutus
1504 2707 1700 2773 Sallustium
1734 2711 1847 2776 Livius

655 2816 847 2900 libellusque
870 2822 898 2880 et
920 2816 1022 2892 Naso,
1040 2815 1260 2898 perfectissimi
1283 2814 1315 2877 ia
1330 2816 1438 2899 farreo
1462 2816 1559 2897 operia
1582 2815 1652 2890 sui;
1676 2839 1750 2880 mom
1775 2817 1846 2880 uiro

653 2945 718 2986 ram
740 2928 775 2986 ot
797 2944 904 3004 mopmo
928 2921 1106 3000 admiratio,
1131 2922 1176 2985 ita
1199 2944 1323 2985 censura
1346 2921 1481 3005 difficilia
1504 2929 1556 2986 eet.

699 3026 782 3095 Oum
802 3032 939 3114 permira
958 3031 991 3092 in
1012 3028 1126 3093 mediis
1150 3030 1254 3114 poetis
1274 3034 1424 3113 appareat
1442 3050 1550 3094 rerum
1562 3030 1702 3114 scriptor
1714 3030 1844 3105 Livius,

651 3135 736 3200 hunc
759 3134 866 3200 lecum
886 3134 1095 3221 depravatum
1115 3156 1183 3199 esse
1203 3143 1328 3199 mature
1348 3134 1607 3199 animadversum
1627 3141 1687 3199 est.
1712 3136 1846 3224 Propter

652 3243 840 3306 mutationis
874 3249 983 3306 antem
1014 3240 1201 3305 violentiam
1233 3262 1346 3325 parum
1377 3239 1551 3326 probabilis
1582 3248 1629 3305 est
1663 3240 1843 3309 Burmanni

651 3350 833 3412 coniectura
865 3356 917 3426 „et
950 3356 1136 3413 consecutus
1167 3346 1299 3413 Gallum
1331 3345 1498 3424 Tibullus,
1531 3347 1791 3435 Propertiusque
1814 3359 1843 3415 et

652 3454 770 3519 Nas0.'’

698 3559 895 3627 Coniecturis
919 3560 1053 3625 addatur
1076 3562 1153 3626 haec
1176 3581 1264 3626 mea:

697 3668 919 3752 Rabiriaeqae;
945 3668 1178 3752 <Propertius>
1206 3667 1395 3751 Titattraqae
1418 3674 1446 3730 et
1470 3674 1640 3730 consecratae
1663 3669 1841 3735 Sallustium

652 3774 704 3854 (el.
730 3774 795 3859 §Q
818 3774 942 3849 dirime,
961 3773 1181 3858 perfidissimi
1204 3774 1236 3837 ia
1251 3775 1359 3857 formo
1382 3774 1480 3856 operia
1500 3774 1570 3848 eai;
1596 3782 1657 3839 ete.

696 3982 791 4049 1147
814 3985 875 4069 §4.
900 4007 955 4069 qao
979 3992 1104 4067 tempore
1127 3985 1163 4049 P.
1191 3986 1311 4048 Clodios
1335 4008 1353 4048 o
1377 3985 1495 4048 Milome
1517 3985 1680 4049 candidato
1707 3989 1841 4052 consata·

652 4099 700 4155 tae
730 4090 876 4174 exemplo
900 4089 1059 4155 inutiliter
1083 4091 1166 4155 facto
1189 4090 1290 4166 <sed>
1315 4092 1446 4154 satutari
1469 4090 1651 4173 reipublicae
1675 4094 1761 4158 circa
1786 4095 1840 4158 Bo

651 4197 743 4260 uillae
766 4204 917 4260 contracto
941 4219 977 4259 ea
1000 4219 1120 4260 occorea
1142 4197 1212 4259 rico
1234 4197 1389 4278 iapmtatue
1414 4204 1466 4261 ert.

697 4303 860 4368 Traditam
890 4303 1060 4368 lectionem
1091 4303 1162 4368 aliis
1185 4302 1278 4369 aliter
1300 4305 1517 4382 mutantibus,
1541 4303 1623 4369 lillis
1646 4309 1839 4372 immutatae

651 4409 773 4474 addidit
797 4409 835 4473 de
859 4431 915 4473 suo
940 4408 1089 4474 voculam
1113 4413 1174 4472 sed.
1197 4408 1293 4474 Recte
1313 4410 1470 4475 addidisse
1490 4410 1628 4488 videtur,
1650 4414 1708 4477 sed
1729 4434 1838 4499 parum

651 4514 813 4601 eleganter
832 4514 953 4579 dictum
975 4515 1103 4580 videtur
1123 4514 1304 4593 „inutiliter
1323 4516 1427 4581 facto’'
1449 4537 1505 4601 pro
1522 4514 1663 4601 simplici
1678 4519 1837 4594 „inutili'',

651 4625 673 4685 i.
698 4643 724 4686 e.
749 4642 810 4685 non
834 4621 1002 4686 imitanda.

697 4727 842 4793 Fortasse
864 4727 1104 4814 corrigendum:

697 4832 842 4919 exemplo
865 4832 976 4898 inutili
999 4835 1139 4919 profecto
1165 4833 1266 4909 (sed)
1289 4835 1422 4898 rahrtori
1444 4836 1638 4918 reipublicae.
