4525 5950
651 676 695 741 50
1173 694 1315 742 rncrrus.

649 859 797 924 mendacii
831 859 1096 945 significationem
1133 861 1259 932 ἀναιδῶς
1292 855 1520 942 &receptivam
1553 871 1615 932 τοῖς
1649 864 1843 939 ψεύσμασιν,

648 988 744 1052 quem
773 966 857 1051 apud
887 965 1035 1031 Tacitum
1068 972 1200 1050 occupet
1222 966 1292 1032 lene
1315 967 1402 1031 istud
1427 974 1459 1033 et
1481 972 1569 1033 omni
1593 971 1842 1055 reprehensione

648 1093 786 1137 vacuum
818 1073 992 1154 compositae
1021 1080 1106 1136 ruet:
1132 1076 1239 1157 atqui,
1265 1076 1348 1137 siin
1371 1075 1544 1156 coraporitce
1567 1075 1659 1140 nulla
1684 1080 1776 1140 inest
1798 1099 1845 1141 re·

647 1180 830 1265 prehensio,
863 1178 966 1243 Taciti
996 1182 1153 1243 sententia
1181 1201 1310 1265 prorsus
1334 1184 1422 1245 omni
1445 1183 1479 1245 ri
1504 1189 1600 1266 atque
1624 1203 1726 1247 sensu
1753 1190 1845 1248 caret.

647 1285 773 1351 Dixeris
792 1285 865 1349 inde
885 1287 1093 1370 participium
1113 1287 1288 1367 compositae
1307 1287 1560 1371 reprehensionis
1579 1292 1660 1353 satis
1681 1291 1846 1366 obtinere,

647 1391 732 1477 quod
762 1391 922 1456 ablativus
954 1391 1116 1454 recentibus
1147 1392 1225 1454 odiis
1257 1392 1399 1457 accedat:
1433 1415 1527 1469 „cum
1559 1394 1634 1459 odio
1664 1397 1763 1460 enim
1800 1417 1847 1461 res

646 1498 854 1584 componere''
885 1519 952 1563 esse
985 1500 1039 1575 „in
1070 1499 1285 1583 componendo
1315 1502 1487 1564 veritatem
1517 1499 1613 1565 nihili
1637 1501 1783 1567 facere.”
1809 1505 1849 1566 At

646 1608 691 1670 sic
722 1605 885 1668 recentibus
914 1605 993 1668 odiis
1025 1603 1188 1669 ablativus
1220 1606 1256 1669 lit
1287 1606 1380 1684 modi,
1413 1609 1467 1690 qni
1500 1606 1636 1671 dicitur:
1671 1607 1711 1672 id
1737 1614 1846 1673 autem

644 1710 783 1776 voluisse
806 1710 953 1775 Tacitum
977 1713 1181 1795 pertinaciter
1203 1731 1295 1797 nego.
1318 1710 1352 1776 Si
1375 1733 1450 1776 cum
1473 1714 1645 1798 scriptore,
1668 1713 1848 1800 aequabili·

645 1820 721 1882 tatis
752 1816 912 1893 studioso,
945 1818 1035 1881 nobis
1066 1838 1115 1880 res
1146 1824 1245 1892 esset,
1279 1818 1354 1882 haec
1387 1819 1592 1884 haberemus:
1627 1822 1847 1895 „viventibus

644 1927 722 2008 ipsis
754 1924 793 1988 ob
824 1930 949 1987 metum
980 1921 1092 1998 falsae,
1125 1928 1297 2009 postquam
1321 1923 1515 2000 occiderant,
1540 1926 1578 1990 ob
1602 1929 1755 1991 recentia
1779 1927 1847 1992 odia

645 2032 838 2115 compositae
861 2029 958 2094 sunt’'
983 2035 1055 2094 aut:
1084 2030 1289 2105 „viventibus
1312 2032 1390 2117 ipsis
1413 2039 1503 2096 metu
1526 2031 1641 2109 falsae,
1668 2041 1846 2119 postquam

644 2137 838 2215 occiderant,
871 2137 1050 2201 recentibus
1080 2135 1161 2200 odiis
1184 2140 1377 2221 compositae
1400 2138 1507 2202 sunt.’'
1532 2137 1617 2202 Turn
1643 2161 1729 2205 vero
1753 2162 1846 2205 nemo

644 2249 711 2308 tam
742 2243 878 2308 traditae
905 2248 988 2307 esset
1010 2249 1105 2306 tenax
1129 2241 1291 2320 lectionis,
1316 2246 1456 2328 quinon
1480 2247 1513 2307 in
1537 2245 1724 2326 compositae
1748 2246 1846 2312 latera

646 2352 763 2415 vitium
786 2356 980 2436 agnosceret.
1005 2347 1134 2413 Tacitus
1157 2355 1267 2414 autem
1298 2349 1560 2436 aequabilitatem
1590 2354 1699 2430 vitat;
1736 2354 1846 2418 scribit

643 2475 735 2541 ergo:
769 2456 802 2519 od
832 2463 936 2518 metum
949 2492 991 2502 -
1005 2455 1100 2531 odite,
1130 2454 1185 2519 sed
1209 2458 1365 2520 sententia
1388 2477 1517 2540 prorsus
1541 2455 1654 2520 eadem
1681 2467 1738 2523 est
1762 2480 1799 2524 ac
1821 2461 1845 2523 si

643 2569 721 2624 metu
736 2599 777 2609 -
791 2562 870 2625 odite
890 2560 941 2627 vel
961 2563 994 2626 ob
1014 2568 1120 2624 metum
1134 2598 1174 2609 -
1188 2564 1221 2624 ob
1242 2563 1312 2625 odie
1333 2565 1519 2646 scripsisset.
1540 2562 1627 2648 Ergo
1648 2585 1744 2630 nunc
1763 2565 1844 2651 apud

642 2666 791 2733 Tacitum
819 2666 918 2733 latere
942 2670 1079 2745 vitium,
1108 2675 1141 2732 et
1167 2689 1224 2753 pro
1255 2669 1431 2750 conpositae
1458 2670 1576 2754 requiri
1603 2679 1775 2754 corruptae
1795 2669 1844 2736 vel

643 2777 712 2839 eius
736 2774 823 2839 modi
847 2773 968 2859 aliquid
993 2777 1055 2839 erit
1077 2773 1304 2840 confitendum.

572 2992 574 2995 ’
688 2990 725 3052 Α.
750 2988 775 3064 Ι,
800 2988 830 3052 6.
857 2990 1041 3073 „Agrippae
1065 2995 1204 3053 mortem
1228 2989 1266 3052 ab
1286 2992 1357 3073 ipso
1377 2990 1525 3075 Augusto
1543 2992 1669 3054 iussam
1692 2990 1840 3059 Tiberim

637 3093 830 3158 simulavit”
855 3094 984 3159 Tacitus
1009 3098 1071 3170 ait,
1097 3102 1169 3159 tum
1193 3098 1237 3159 sic
1262 3097 1384 3181 pergit:

685 3200 813 3277 „Multa
833 3203 901 3266 sine
921 3200 1017 3266 dubio
1038 3222 1195 3285 saevaque
1216 3203 1384 3288 Augustus
1403 3201 1441 3267 de
1463 3202 1605 3267 moribus
1623 3203 1838 3271 adulescentis

639 3316 788 3392 questus,
822 3315 860 3371 ut
891 3307 1025 3371 exilium
1050 3311 1119 3372 eius
1144 3307 1419 3373 senatusconsulto
1442 3312 1618 3374 sanciretur
1642 3313 1835 3395 perfecerat:
1881 3330 1882 3336 ¹

640 3420 780 3478 ceterum
806 3416 838 3476 in
862 3411 983 3477 nullius
1008 3434 1150 3498 unquam
1174 3435 1305 3479 suorum
1330 3435 1438 3479 necem
1463 3415 1608 3491 duravit,
1630 3438 1740 3503 neque
1760 3440 1835 3484 mor·

640 3528 706 3586 tem
731 3523 837 3606 nepoti
857 3542 914 3605 pro
939 3522 1110 3585 securitate
1133 3523 1277 3606 privigni
1299 3521 1434 3586 inlatam
1458 3521 1610 3586 credibile
1634 3524 1742 3589 erat.”

684 3626 848 3690 Ultimum
867 3627 1061 3692 vocabulum
1081 3635 1146 3690 eret
1164 3635 1352 3713 corruptum
1372 3649 1439 3692 esse
1457 3628 1539 3691 mihi
1556 3635 1702 3707 constat;
1725 3652 1831 3696 sanum

639 3734 814 3809 crederem,
847 3736 874 3797 si
905 3734 958 3797 hic
981 3734 1174 3797 referrentur
1197 3740 1405 3819 argumenta,
1430 3735 1546 3819 quihus
1570 3733 1662 3799 ducti
1686 3746 1830 3801 eencwrc

638 3839 759 3905 Tiberii
783 3840 820 3905 de
845 3842 944 3925 patris
969 3842 1063 3903 iussis
1087 3839 1252 3905 mendacio
1276 3840 1372 3905 fidem
1396 3861 1460 3905 non
1479 3841 1661 3906 habuerint.
1689 3845 1736 3908 At
1754 3863 1828 3908 nune

638 3948 704 4028 ipse
726 3968 820 4009 ccccm
843 3946 986 4030 disputat
1010 3945 1140 4010 Tacitus
1164 3954 1195 4011 et
1218 3949 1361 4032 primum
1384 3946 1515 4031 quidem
1538 3947 1674 4011 coacedit
1698 3948 1825 4035 aliquid,

639 4073 702 4136 quo
735 4050 774 4115 ad
806 4058 928 4135 patrem
952 4050 1206 4115 insimulandum
1231 4055 1281 4115 uti
1303 4055 1445 4136 potuerit
1467 4049 1614 4116 Tiberius
1638 4052 1825 4133 (concedendi

639 4160 724 4221 enim
749 4160 818 4221 rim
841 4155 922 4220 illud
949 4159 1036 4232 „sine
1060 4157 1178 4222 dubio''
1203 4158 1322 4236 babet),
1347 4158 1460 4223 deinde
1481 4160 1550 4242 ipse
1572 4158 1660 4223 idem
1685 4161 1826 4227 illudio

639 4264 745 4328 firmat
775 4265 832 4328 hac
863 4264 1097 4328 observatione:
1134 4270 1297 4340 „ceterum
1327 4267 1362 4328 in
1393 4263 1514 4328 nullius
1544 4286 1691 4349 unquam
1725 4287 1824 4333 necem

640 4371 799 4434 duravit.’'
832 4370 996 4434 Postremo
1028 4391 1089 4454 quo
1120 4373 1188 4455 ipse
1219 4370 1446 4435 deliberatione
1469 4369 1526 4434 illa
1549 4369 1688 4436 ducatur
1713 4377 1759 4439 sic
1780 4395 1824 4437 er·

640 4481 744 4563 ponit:
780 4479 930 4561 „propius
964 4498 1037 4541 vero
1068 4476 1233 4541 Tiberium
1266 4499 1300 4542 ac
1325 4478 1468 4553 Liviam,
1493 4476 1589 4541 illum
1614 4486 1727 4557 metu,
1752 4481 1822 4545 hanc

639 4582 860 4649 novercalibus
880 4584 961 4648 odiis
980 4587 1120 4667 suspecti
1140 4591 1171 4648 et
1190 4586 1286 4648 invisi
1305 4586 1432 4648 iuvenis
1452 4583 1580 4649 caedem
1593 4584 1821 4652 festinavisse.”

638 4690 740 4765 Satis,
766 4695 803 4752 ut
826 4692 945 4774 opinor,
971 4711 1054 4753 nunc
1078 4698 1208 4774 apparet
1232 4696 1297 4752 eret
1319 4697 1375 4753 aut
1402 4690 1619 4755 omittendum
1638 4699 1698 4757 aut
1720 4715 1774 4778 pro
1792 4712 1821 4756 eo

640 4804 683 4859 eet
703 4794 876 4881 legendum
901 4815 977 4860 esse.
