4525 5950
980 475 1123 525 asorros.
1577 461 1641 528 401

447 648 569 709 cuncta
605 640 736 728 colligi?
772 641 901 707 Mecum
936 640 1024 729 lege:
1064 630 1141 720 ,s'ed
1175 643 1314 728 agminis
1349 647 1506 708 coactores
1541 646 1643 729 agniti

448 749 620 834 dempsere
643 747 926 813 sollicitudinem.'’

498 853 609 920 Simili
632 855 744 919 morbo
768 853 891 918 laborat
913 852 1004 918 locus
1027 852 1070 917 H.
1094 852 1152 931 III,
1179 852 1233 917 25.
1257 853 1422 919 Praecedit
1445 858 1583 920 narratio
1607 856 1645 922 de

447 973 543 1050 patre
574 983 592 1026 a
621 960 687 1026 filio
707 964 876 1047 in'pugna
899 958 1105 1026 Cremonensi
1130 960 1297 1026 interfecto
1320 961 1420 1046 deque
1443 963 1562 1027 acerbis
1586 962 1645 1027 filii

448 1075 525 1155 post
548 1070 697 1155 agnitum
721 1066 842 1131 facinus
866 1066 1049 1151 questibus:

500 1173 700 1254 „Advertere
735 1175 892 1258 proximi,
929 1173 1002 1237 dein
1034 1171 1158 1257 plures:
1192 1172 1267 1237 hinc
1298 1194 1354 1259 per
1385 1194 1512 1239 omnem
1543 1176 1642 1238 aciem

449 1281 647 1348 miraculum
682 1286 715 1344 et
749 1283 880 1364 questus
915 1284 946 1343 et
976 1281 1156 1343 saevissimi
1188 1277 1265 1343 belli
1296 1282 1478 1344 exsecratio.
1510 1279 1576 1344 Nec
1606 1301 1642 1344 eo

447 1391 581 1476 segnius
600 1388 795 1473 propinquos
816 1384 928 1450 adfinis
947 1385 1060 1451 fratres
1080 1385 1241 1450 trucidant
1260 1385 1413 1470 spoliant;
1434 1385 1555 1450 factum
1575 1407 1642 1451 esse

448 1494 554 1561 scelus
577 1492 754 1578 loquuntur
777 1491 995 1578 faciuntque.''

497 1599 663 1680 Quantum
694 1602 800 1684 potuit
830 1598 933 1664 scelus
957 1598 1009 1662 hic
1032 1601 1100 1684 ipse
1125 1600 1287 1664 commisit
1310 1597 1443 1664 sciolus:
1469 1598 1643 1664 trucidavit

450 1710 538 1772 enim
562 1708 736 1771 orationem
761 1703 932 1769 Taciteam.
957 1703 1018 1768 Sed
1038 1703 1119 1768 nihil
1139 1703 1263 1769 facilius
1282 1725 1378 1788 quam
1397 1706 1430 1768 in
1451 1707 1552 1770 vitam
1573 1726 1643 1769 sam

446 1833 616 1890 revocare;
642 1811 856 1877 abiiciendum
881 1817 929 1876 est
954 1831 1051 1887 onus,
1076 1832 1140 1896 quo
1160 1813 1371 1897 opprimitur:
1395 1859 1424 1888 „.
1439 1859 1446 1876 .
1461 1860 1467 1876 .
1483 1812 1643 1877 trucidant

424 1912 429 1919 ’
446 1919 602 2006 spoliant:
614 1919 712 1982 scelus
723 1917 1106 2003 loquunturfociootqce”.
1127 1917 1208 1996 Hoc,
1221 1925 1258 1983 ut
1270 1921 1391 2005 opinor,
1404 1918 1570 1985 Taciteum
1583 1924 1641 1983 eet.

496 2026 540 2090 H.
560 2024 617 2104 111,
631 2024 685 2090 39.
707 2025 822 2090 Acrem
833 2027 867 2089 in
879 2024 1008 2090 lunium
1022 2023 1172 2089 Blaesum
1185 2027 1322 2110 concipit
1333 2028 1414 2090 iram
1422 2024 1573 2090 Vitellius
1584 2028 1643 2090 im·

448 2140 588 2220 perator,
608 2153 706 2218 quam
726 2131 762 2197 L.
782 2131 932 2198 Vitellius
952 2132 1231 2197 criminationibus
1242 2134 1308 2196 suis
1320 2132 1478 2209 incendit;
1496 2132 1640 2197 tandem:

499 2239 693 2324 „trepidanti
722 2240 807 2304 inter
830 2237 933 2304 scelus
957 2245 1162 2322 metumque,
1187 2258 1226 2302 ne
1250 2236 1349 2303 dilata
1369 2259 1455 2303 mors
1478 2246 1640 2304 maturam

446 2348 640 2433 perniciem,
665 2343 772 2431 palam
795 2347 881 2409 iussa
905 2353 1044 2410 atrocem
1069 2344 1226 2410 invidiam
1247 2344 1359 2421 ferret,
1380 2342 1501 2430 placuit
1519 2366 1640 2410 veneno

446 2454 599 2540 grassari.
624 2450 758 2516 Addidit
776 2451 909 2516 facinori
929 2450 1023 2515 fidem
1043 2450 1142 2516 nobili
1162 2450 1299 2537 gaudio,
1320 2449 1470 2515 Blaesum
1493 2451 1636 2531 visendo;

446 2563 528 2646 quin
552 2567 584 2624 et
605 2557 715 2624 audita
736 2564 784 2623 est
807 2560 993 2623 saevissima
1012 2556 1135 2623 Vitellii
1154 2578 1233 2634 vox,
1254 2577 1317 2641 qua
1336 2577 1369 2621 se
1387 2559 1513 2641 pavisse
1532 2556 1639 2623 oculos

444 2670 591 2753 spectata
614 2666 737 2728 inimici
762 2670 865 2729 morte
889 2664 1054 2729 iactavit.”

493 2771 559 2836 Hic
588 2773 732 2857 primurn
761 2770 896 2835 dubium
927 2792 988 2836 non
1020 2776 1068 2835 est
1099 2772 1177 2854 quin
1208 2790 1321 2833 verum
1353 2768 1472 2834 viderit
1495 2768 1656 2834 Ritterus'

444 2901 542 2943 uocem
573 2898 643 2943 eam
675 2898 737 2942 non
766 2879 970 2962 imperatoris
1002 2875 1056 2942 sed
1079 2875 1187 2940 fratris
1211 2860 1280 2940 eius
1302 2876 1417 2951 fuisse,
1441 2895 1579 2960 ergoque
1602 2877 1638 2941 Ia

453 2985 574 3049 Vitellii
598 3005 665 3050 esse
689 2982 878 3070 legendum:
904 3003 979 3048 nam
1002 2985 1031 3047 ei
1053 2984 1091 3048 ab
1115 2985 1184 3070 ipso
1209 2985 1402 3069 imperatore
1424 2981 1564 3048 crudelia
1583 2982 1640 3049 illa

445 3093 544 3158 verba
563 3093 770 3175 pronuntiata
789 3090 942 3167 fuissent,
962 3089 1008 3154 nil
1027 3111 1106 3176 opus
1125 3089 1237 3153 fuisset
1249 3088 1313 3154 alia
1325 3098 1518 3175 argumenta
1530 3090 1638 3157 afferre

446 3198 487 3264 ad
519 3196 804 3262 demonstrandum
832 3195 981 3261 credibile
1005 3217 1072 3261 esse
1096 3194 1186 3260 illius
1209 3198 1300 3260 iussu
1323 3217 1482 3262 venenum
1507 3197 1636 3263 datum:

445 3324 523 3389 prae
553 3301 620 3367 illis
650 3304 736 3367 enim
768 3304 844 3368 haec
875 3301 1048 3367 admodum
1077 3301 1205 3367 infirma
1235 3301 1338 3368 videri
1369 3303 1534 3369 debebant.
1567 3304 1636 3368 Iam

445 3408 533 3495 quod
564 3408 602 3473 ad
635 3408 810 3473 absurdum
833 3407 916 3473 illud
939 3408 1033 3472 aetite·
1052 3409 1165 3489 paedia
1188 3412 1343 3494 pertinet,
1368 3431 1424 3494 pro
1448 3431 1484 3475 eo
1508 3412 1635 3473 notabil‘

441 3516 558 3599 quadie
581 3514 663 3600 legit
686 3514 843 3593 Faernus,
869 3517 1050 3581 coniectura
1068 3513 1325 3600 elegantissima,
1346 3536 1408 3600 qua
1428 3523 1533 3583 tamen
1553 3518 1635 3582 mihi

444 3623 537 3689 locus
565 3624 598 3685 in
630 3624 795 3706 integrum
824 3623 952 3686 restitui
983 3642 1045 3685 non
1077 3620 1215 3686 videtur.
1245 3620 1375 3686 Etenim
1398 3623 1485 3687 istud
1509 3624 1636 3686 notabili

439 3727 556 3811 quadie
578 3727 721 3790 Blaesum
744 3726 871 3790 videndo
891 3733 1010 3791 temere
1030 3726 1209 3791 deiicientis
1229 3729 1327 3793 verba
1345 3731 1451 3814 magis
1471 3735 1519 3794 est
1539 3751 1635 3814 quam

442 3836 608 3922 eleganter
640 3836 812 3911 obruentis,
837 3840 885 3910 et,
910 3854 985 3897 cum
1009 3831 1140 3898 alterius
1164 3834 1271 3898 fratris
1294 3836 1390 3900 verba
1409 3835 1555 3917 quodiam
1577 3844 1636 3902 tes

440 3945 546 4009 tantia
576 3960 824 4017 commemoras,
850 3938 987 4005 alterum
1012 3960 1138 4025 quoque
1159 3942 1335 4022 pandentem
1359 3941 1507 4006 exhibere
1530 3940 1636 4028 legen·

443 4051 532 4114 tibus
566 4046 688 4133 puerile
722 4046 859 4111 videtur.
899 4044 1049 4131 Suspicor
1085 4046 1162 4111 olirn
1193 4049 1347 4131 scriptum
1379 4040 1477 4111 fuisse
1508 4048 1634 4129 ipaobil'

439 4155 555 4236 qauda'o
580 4189 622 4202 -
646 4174 710 4217 non
733 4173 752 4217 a
773 4150 901 4229 Tacito,
926 4173 1039 4216 verum
1064 4153 1103 4216 ab
1127 4151 1251 4237 aliquo,
1277 4155 1331 4237 qui
1355 4152 1441 4217 istud
1462 4153 1498 4218 ΙΙ.
1511 4152 1634 4219 Vitellii

440 4260 553 4345 legens
584 4260 707 4324 dictum
738 4261 898 4324 continere
931 4280 964 4323 se
995 4280 1056 4322 non
1080 4265 1203 4343 posset,
1229 4261 1307 4343 quin
1330 4279 1405 4322 eum
1429 4258 1537 4343 aliqua
1558 4265 1633 4325 nota

440 4371 641 4452 aspergeret:
666 4364 705 4429 ad
730 4385 842 4430 vocem
867 4367 972 4441 enim,
998 4385 1078 4449 quae
1100 4371 1149 4430 est
1165 4364 1305 4447 paciaco,
1331 4365 1526 4449 adscriptum
1551 4364 1631 4430 illud

442 4472 571 4552 ipaotili
589 4472 703 4553 quadie
726 4471 874 4535 arbitror.
899 4470 948 4535 De
972 4474 1163 4556 imperatore
1187 4493 1263 4557 ergo
1287 4472 1363 4536 haec
1386 4471 1471 4536 diota
1495 4479 1630 4537 restant:

444 4577 589 4655 „addidit
618 4578 750 4642 facinori
782 4577 876 4642 fidem
910 4577 1060 4643 Blaesum
1084 4578 1255 4654 visendo,’'
1280 4600 1479 4663 quaequam
1504 4584 1632 4667 egregie
