4525 5950
647 702 712 767 196
983 721 1025 768 ns
1046 720 1193 768 ruonacs
1216 721 1299 768 arun
1322 720 1489 768 nonnum

643 885 792 951 credibile
823 908 885 950 non
917 886 1043 951 ridetur
1065 887 1211 951 habitum
1234 908 1344 952 eorum
1371 885 1519 951 bellicum
1543 888 1689 971 antiquis
1716 892 1838 969 tempo

643 994 731 1056 ribus
753 1000 810 1056 aut
832 996 880 1057 ita
902 995 1019 1057 variari
1039 997 1257 1078 potuisssent
1278 997 1364 1058 sarie
1383 994 1423 1058 ab
1442 992 1554 1057 eodem
1574 1007 1672 1078 poeta
1693 991 1837 1077 depingi,

643 1106 681 1163 ut
715 1102 895 1184 promiscue
930 1099 1085 1164 thoracati
1120 1108 1152 1164 et
1182 1121 1243 1164 non
1275 1101 1431 1165 thoracati
1461 1103 1495 1163 in
1527 1097 1660 1184 proeliis
1683 1098 1838 1184 congred1

643 1204 854 1270 traderentur.
877 1204 915 1270 In
937 1205 1065 1292 proeliis
1089 1208 1380 1292 certaminibusque
1403 1204 1536 1270 ludicris
1559 1209 1714 1290 equitum
1742 1203 1838 1268 medii

643 1314 733 1387 sevi,
766 1311 850 1397 quod
878 1311 1006 1387 dicitur,
1030 1312 1188 1378 eiusmodi
1211 1316 1355 1378 extitisse
1378 1315 1568 1376 varietatem
1592 1315 1668 1396 quis
1695 1331 1839 1396 unquam

643 1416 724 1504 legit
754 1418 839 1503 apud
869 1418 966 1482 huius
1002 1422 1116 1483 aetatis
1147 1416 1337 1504 scriptores?
1364 1418 1468 1484 Immo
1491 1419 1608 1503 quibus
1634 1419 1838 1503 temporibus

644 1521 764 1588 nobiles
787 1523 851 1588 fere
875 1523 935 1588 soli
958 1527 1102 1610 graviter
1123 1528 1238 1589 armati
1262 1531 1352 1601 eunt,
1371 1528 1514 1610 graviter
1532 1532 1742 1588 armatorum
1755 1542 1842 1587 arma

646 1633 698 1695 six
723 1630 881 1695 differunt.
907 1629 1005 1715 quue
1027 1634 1061 1695 in
1085 1641 1191 1696 nostra
1213 1653 1307 1696 causa
1331 1634 1429 1696 etiam
1449 1653 1487 1695 co
1506 1631 1732 1708 confirmatur,
1757 1627 1839 1716 quod

643 1734 792 1823 Gatalogi
821 1745 931 1802 auctor
959 1738 998 1803 ab
1027 1759 1090 1803 usu
1117 1738 1255 1803 thoracis
1281 1740 1371 1803 ainei
1402 1737 1482 1802 duos
1509 1740 1672 1822 principes
1709 1740 1839 1802 Aiacem

644 1842 727 1908 Oilei
756 1843 862 1908 filium
892 1851 924 1909 et
953 1845 1131 1930 Amphium
1164 1844 1349 1909 Percoeium
1381 1847 1573 1909 nominatim
1604 1846 1733 1929 excipit
1755 1842 1840 1923 (vids

644 1971 741 2035 supra
770 1972 801 2035 p.
836 1949 898 2016 187
920 1960 1014 2035 sqq).
1044 1949 1145 2016 Tertii
1176 1953 1279 2037 igitur
1308 1972 1392 2015 nunc
1415 1949 1504 2015 illiue
1525 1954 1654 2036 generis
1681 1949 1776 2015 locos
1799 1953 1843 2014 in·

646 2059 830 2142 spiciamus.

690 2161 781 2227 Nulli
812 2169 920 2228 autem
951 2166 985 2227 in
1015 2165 1210 2229 carminibus
1243 2176 1268 2227 Λ
1303 2171 1335 2228 et
1358 2175 1378 2227 Β
1402 2185 1477 2228 cum
1501 2164 1631 2228 obviam
1655 2162 1760 2245 fiant,
1784 2166 1843 2250 pri·

646 2289 737 2334 mum
773 2270 834 2334 huc
865 2269 1062 2334 referendum
1096 2277 1146 2334 eet
1176 2277 1336 2335 certamen
1370 2269 1532 2355 singulare
1565 2271 1652 2333 inter
1689 2269 1842 2334 Paridem

645 2385 677 2439 et
706 2373 890 2439 Menelaum
916 2374 1145 2452 rste-382,
1169 2375 1253 2460 quod
1276 2379 1322 2440 ita
1345 2375 1480 2440 describi
1506 2375 1648 2439 vidimus
1671 2395 1779 2460 supra
1800 2382 1841 2460 (p.

648 2480 851 2561 124-126),
881 2482 976 2547 modo
1006 2485 1206 2567 excipiantur
1237 2503 1299 2547 sse.
1324 2480 1513 2558 330-338,
1538 2480 1740 2559 eto-343,
1768 2502 1843 2567 quos

644 2587 852 2673 interpolatos
888 2609 955 2653 esse
993 2588 1282 2653 demonstravimus
1320 2596 1429 2674 (supra
1465 2586 1536 2668 1.1.),
1576 2596 1613 2652 ut
1656 2586 1843 2654 luculenter

645 2702 795 2780 appareat
826 2695 934 2759 Paridi
965 2716 984 2758 a
1013 2700 1105 2780 pocta
1137 2696 1298 2761 thoracem
1327 2701 1460 2760 abneum
1485 2717 1547 2760 non
1571 2695 1743 2759 tributum
1769 2715 1842 2760 essa

645 2800 756 2885 Neque
785 2804 889 2887 igitur
919 2802 970 2866 hic
1001 2801 1187 2867 Menelaum
1220 2804 1419 2867 thoracatum
1449 2803 1510 2866 eibi
1533 2804 1719 2886 proposuit.
1747 2803 1843 2867 Porro

646 2928 738 2972 nemo
762 2907 921 2971 dubitabit
944 2911 1021 2993 quin
1045 2930 1107 2974 vse.
1133 2907 1324 2974 nlo-120
1352 2908 1487 2975 eundem
1512 2918 1676 2972 auctorem
1701 2908 1841 2974 habeant

646 3022 743 3099 atque
773 3012 962 3093 245-382,
999 3016 1083 3081 unde
1116 3037 1228 3080 rursus
1258 3020 1404 3101 sequitur
1434 3023 1472 3079 ut
1501 3037 1540 3080 ne
1570 3019 1670 3080 ceteri
1706 3018 1840 3101 quidem

646 3122 760 3186 Achivi
787 3120 996 3207 Troianique,
1020 3144 1097 3207 quoe
1122 3145 1169 3188 ve.
1196 3122 1239 3187 89
1264 3122 1384 3188 Hector
1406 3124 1516 3187 iubere
1538 3133 1692 3187 narratur
1719 3126 1841 3203 τεύχει

646 3231 719 3293 κάλ’
742 3231 906 3293 ἀποθέσθαι
939 3230 988 3293 ἐπὶ
1013 3232 1096 3308 χθονὶ
1122 3233 1324 3308 πολυβοτείρῃ
1348 3233 1414 3308 (cui
1436 3231 1579 3295 obsecuti
1602 3250 1651 3294 vs.
1679 3230 1754 3296 114
1779 3230 1843 3295 τεύ·

646 3337 710 3414 xcvi
738 3337 765 3398 τ’
796 3335 962 3415 ἐξεδύοντο)
993 3337 1175 3402 thoracibus
1204 3340 1310 3402 eineis
1344 3338 1448 3402 induti
1483 3335 1625 3422 fingendi
1661 3347 1758 3403 eunt.
1795 3337 1842 3402 Ex

646 3442 777 3528 reliquis
807 3450 916 3507 antem
946 3447 1096 3508 carminis
1127 3453 1149 3507 Γ
1181 3445 1326 3528 partibus
1357 3442 1439 3508 nihil
1462 3443 1611 3529 colligere
1636 3442 1719 3509 licet
1746 3445 1786 3509 de
1809 3465 1842 3509 eo

646 3549 730 3635 quod
761 3570 843 3613 nunc
874 3553 1066 3634 quaerimus.
1093 3549 1129 3613 In
1153 3553 1303 3615 carminis
1325 3561 1351 3611 Δ
1377 3571 1413 3614 ca
1436 3557 1525 3635 parte
1548 3569 1628 3634 quae
1653 3554 1843 3616 continetur

646 3654 867 3721 vulneratione
896 3654 1045 3733 Menelai,
1076 3660 1099 3719 i.
1121 3677 1147 3720 e.
1179 3655 1366 3734 los-122,
1395 3657 1532 3721 thoracis
1559 3658 1649 3719 ainei
1677 3661 1842 3723 rationem

647 3784 710 3827 non
738 3762 849 3827 haberi
880 3783 976 3847 supra
1006 3763 1169 3828 ostendere
1198 3765 1303 3827 conati
1326 3784 1438 3827 eumue
1461 3771 1504 3847 (p.
1533 3759 1706 3845 ll7eqq.).
1743 3765 1842 3829 Porro

646 3869 788 3934 nudosa
813 3870 993 3933 thoracibus
1016 3873 1118 3934 asneis
1143 3873 1275 3954 proponi
1299 3870 1408 3934 heroes
1432 3876 1562 3953 apparet
1584 3868 1623 3933 ab
1648 3874 1842 3936 auctoribus

647 3998 708 4040 ves.
730 3974 796 4040 468
809 3997 865 4060 sq„
889 3974 965 4053 480,
993 3975 1068 4052 501,
1095 3975 1160 4040 528
1185 3976 1272 4053 (vide
1292 3997 1387 4061 supra
1405 3998 1436 4061 p.
1461 3974 1523 4039 166
1536 3996 1592 4059 eq.,
1608 3972 1702 4054 175).
1731 3978 1843 4043 Minus

646 4089 769 4148 certum
790 4089 838 4146 est
858 4082 933 4167 quid
958 4081 1097 4148 voluerit
1121 4090 1230 4147 auctor
1253 4104 1300 4147 ve.
1327 4081 1392 4146 420
1413 4081 1500 4163 (vide
1522 4100 1619 4164 supra
1643 4102 1673 4165 p.
1706 4082 1790 4162 174)
1815 4091 1846 4150 et

648 4211 693 4253 vs.
722 4187 787 4252 459
808 4209 874 4273 sqq.
908 4188 995 4267 (vide
1019 4210 1114 4273 supra
1138 4211 1168 4273 p.
1196 4187 1285 4267 175).
1315 4189 1408 4253 Patet
1431 4193 1539 4252 autem
1563 4207 1626 4251 ves.
1653 4185 1843 4255 463-472

647 4298 743 4360 unius
772 4297 910 4359 auctoris
941 4316 1026 4370 esse,
1056 4297 1135 4359 item
1156 4316 1219 4359 ves.
1245 4292 1434 4370 473-487,
1460 4296 1539 4358 item
1563 4313 1625 4355 ves.
1651 4291 1841 4361 487-504

647 4400 743 4478 (unde
767 4403 911 4485 sequitur
934 4407 972 4463 ut
994 4399 1173 4477 αἰολοθώρηξ
1196 4422 1243 4464 ve.
1269 4398 1334 4463 489
1358 4402 1402 4464 sit
1425 4400 1578 4475 „indutus
1602 4402 1716 4464 tunica
1742 4406 1844 4467 variis

648 4509 749 4592 signis
780 4505 886 4590 picta”
903 4506 936 4582 ¹),
968 4528 1030 4571 non
1066 4506 1219 4582 „indutus
1251 4507 1377 4571 thorace
1409 4511 1503 4570 aineo
1535 4504 1726 4591 fulgenti’),
1763 4513 1843 4574 item

681 4775 707 4836 1)
726 4774 848 4823 liimmodi
865 4774 956 4823 tunicas
974 4774 999 4822 in
1017 4772 1175 4823 monumentis
1193 4772 1327 4835 Mycenaeis
1341 4772 1444 4838 conspici
1459 4773 1551 4822 monuit
1567 4772 1657 4823 Robsrt
1675 4775 1702 4825 ll.
1721 4794 1747 4844 p.
1758 4780 1836 4845 8οη.

651 4857 703 4905 ride
720 4870 791 4921 supra
809 4871 832 4921 p.
853 4856 905 4906 tls.
