4525 5950
542 679 608 747 340
1036 697 1226 748 muorusus.

540 860 691 947 Exempli
722 881 816 927 oeuse
848 859 941 926 affero
972 881 1054 946 quae
1085 861 1123 927 de
1147 861 1317 927 Persarum
1341 863 1476 927 naribus
1499 865 1538 929 ab
1562 863 1654 929 hoste
1678 881 1727 951 op·

539 971 656 1054 pressis
679 968 830 1033 dieantur
853 973 914 1048 (rs.
941 967 1005 1033 100
1014 974 1112 1054 sqq.):
1175 977 1178 985 ’

584 1075 881 1154 μακραυχενόσλους
902 1075 908 1161 Ι
928 1080 1036 1154 χειρῶν
1058 1076 1085 1140 δ’
1105 1073 1263 1149 ἔιιβοιλλον
1288 1075 1394 1154 όρεόσυς
1416 1075 1421 1161 Ι
1442 1074 1538 1144 πόδας
1561 1076 1643 1146 ναός.
1664 1076 1727 1141 στό-

537 1206 636 1255 ματος
657 1181 668 1265 Ι
684 1181 710 1246 δ’
735 1180 897 1258 ἐξήλλοντο
921 1190 1148 1258 μαρμαροφεγ-
1169 1181 1175 1264 Ι
1195 1189 1263 1259 γεῖς
1290 1181 1401 1253 παῖδες
1425 1182 1672 1261 συγκρουόμεναι.

540 1288 650 1353 Prima
674 1288 769 1352 verba
791 1290 957 1373 perspicua
974 1291 1066 1352 sunt:
1089 1295 1219 1364 „nautae
1239 1290 1380 1352 triremis
1399 1290 1437 1353 ab
1455 1289 1546 1354 hoste
1564 1310 1726 1375 percussae

540 1395 707 1459 σιααιιόόιιι
727 1394 897 1458 emittebant
917 1393 1042 1471 remoe”,
1062 1402 1094 1458 et
1112 1393 1229 1459 elarius
1247 1397 1314 1459 iam
1333 1401 1422 1480 patet
1440 1416 1537 1481 quam
1555 1397 1726 1482 praestanti

539 1501 757 1567 emendatione
789 1500 988 1586 Lampitonis
1018 1502 1266 1586 Aristophaneae
1298 1501 1393 1566 verba
1425 1501 1516 1588 (Lys.
1544 1500 1624 1583 173)
1651 1501 1726 1568 olim

537 1610 754 1694 persanaverit
776 1606 988 1672 Valckenaer:
1015 1630 1136 1690 „paoem
1159 1631 1309 1693 nonquam
1331 1608 1427 1691 apetie
1450 1609 1648 1673 Athenienses

809 1707 846 1784 ἶις
871 1712 967 1784 πόδας
993 1739 1033 1778 ιια
1059 1711 1169 1794 ἔχωντι
1194 1716 1246 1778 ταὶ
1272 1715 1431 1794 ιριιὶριες”,

539 1817 591 1890 ἕως
612 1819 649 1883 όν
669 1820 764 1890 πόδας
786 1817 898 1900 ἔχωσιν
911 1820 982 1894 -ἣ
1004 1823 1063 1883 θεῖν
1084 1814 1145 1884 alal
1165 1845 1198 1885 τε
1220 1817 1344 1884 ὦσιν-
1359 1822 1391 1886 αἱ
1412 1822 1553 1900 τριήρεις,
1575 1843 1639 1906 quo
1658 1820 1725 1887 loco

537 1926 694 1992 traditum
716 1927 820 1990 estin
843 1925 930 1991 codd.
955 1928 1114 1998 ιὶσσιιοδιῖς
1139 1925 1191 1992 vel
1215 1928 1404 1998 όσσιιουδός.
1428 1926 1489 1992 Sed
1512 1930 1547 1991 in
1570 1930 1726 2014 proximis

536 2031 698 2099 Timothei
721 2033 827 2097 uerbis
849 2053 898 2097 res
922 2034 1029 2097 minus
1052 2040 1138 2098 certa
1162 2040 1228 2110 est;
1254 2055 1335 2119 quae
1359 2037 1455 2098 nimis
1479 2033 1617 2099 absurda
1638 2041 1725 2101 ratus

536 2139 609 2205 rW.
642 2143 669 2204 si
698 2146 855 2202 αουίοιιιιιι
881 2139 984 2215 στόμα
1009 2143 1052 2204 sit
1076 2141 1302 2227 cogitandum,
1325 2143 1428 2226 ipsius
1450 2141 1537 2204 ιιοοιζι
1561 2141 1674 2207 dentes
1696 2147 1726 2207 et

537 2269 571 2312 os
593 2246 770 2332 intellegit,
794 2244 955 2310 Dielsium
977 2253 1119 2312 secutus:
1146 2248 1282 2323 „telvm
1303 2248 1374 2312 sind
1395 2246 1445 2312 die
1463 2249 1509 2310 im
1530 2246 1725 2314 Dollenbord

538 2358 718 2440 „gesetnten
738 2351 851 2418 Dollen
870 2355 1037 2431 (σκαλμοὶ,
1058 2354 1167 2434 σόλοι).
1182 2403 1212 2418 ..
1233 2353 1327 2419 Diese
1347 2357 1478 2419 weissen
1497 2352 1626 2419 Pflbalre
1643 2355 1725 2419 sieht

537 2483 633 2540 „man
662 2481 702 2524 an
726 2459 780 2525 der
805 2458 1098 2545 rothgestriehenen
1121 2459 1326 2525 Schiffswand
1349 2463 1382 2525 in
1405 2459 1465 2525 den
1488 2459 1723 2526 Ruderlbohern

537 2566 705 2646 „wirklioh
718 2568 777 2631 wie
790 2565 895 2631 Zithne
908 2566 1050 2631 stehen''.
1063 2565 1322 2652 Ingeniosissime
1334 2566 1474 2651 profecto
1486 2564 1722 2654 excogitatum!

536 2673 614 2750 Sed,
639 2673 743 2738 dioam
767 2676 892 2757 aperte,
916 2671 1086 2738 deteriores
1110 2675 1209 2737 etiam
1231 2674 1266 2737 hi
1289 2693 1401 2737 versus
1420 2674 1502 2737 mihi
1523 2672 1677 2738 videntur
1697 2675 1723 2738 si

534 2782 580 2845 ita
604 2788 678 2845 sunt
700 2777 947 2865 interpretandi,
971 2800 1068 2864 quam
1089 2781 1117 2843 si
1141 2779 1180 2844 de
1200 2782 1284 2843 veris
1304 2782 1448 2864 ipsorum
1467 2782 1635 2866 remigum
1654 2780 1722 2845 den-

535 2887 637 2964 tibus,
662 2885 745 2971 quod
769 2890 864 2970 puto,
888 2883 1017 2950 loeutus
1041 2891 1089 2950 est
1112 2884 1318 2950 Timotheus:
1341 2906 1378 2962 „e
1398 2884 1546 2950 menibus
1566 2889 1664 2965 remi,
1683 2907 1719 2950 ex

534 2993 718 3059 eredentes
742 2992 1016 3058 excutiebantur''.
1042 2991 1183 3057 Verbum
1208 2999 1318 3057 autem
1341 2994 1537 3071 συγκρούειν
1562 2998 1637 3079 apte
1661 2993 1719 3058 diei

534 3104 640 3186 potuit
658 3100 696 3165 de
716 3098 856 3163 maxillis
875 3100 1023 3164 inferiore
1044 3105 1075 3163 et
1096 3101 1259 3185 superiore
1278 3098 1418 3163 violento
1440 3101 1508 3163 istu
1531 3098 1718 3183 complosis,

534 3205 664 3270 triremis
696 3227 769 3270 vero
799 3204 849 3269 illi
879 3205 1055 3270 dentes-
1080 3209 1108 3269 si
1140 3214 1205 3269 tam
1230 3208 1312 3270 mira
1335 3208 1478 3291 imagine
1502 3207 1551 3269 uti
1575 3204 1718 3270 libuisset

534 3320 644 3398 poetae
668 3348 710 3361 -
735 3312 950 3375 ἐκιιόστεσόαι
976 3310 1028 3377 vel
1052 3311 1257 3389 ἐκκρούεσόαι
1281 3315 1389 3397 potius
1409 3316 1498 3375 erant
1517 3310 1656 3376 dicendi.
1680 3309 1717 3375 lit

532 3419 806 3496 μαρμαροφιννός
820 3455 861 3465 -
876 3416 1071 3482 Viirtheimii
1089 3419 1167 3483 haee
1179 3427 1227 3482 est
1239 3419 1419 3483 observatio
1433 3454 1472 3467 —-
1489 3416 1616 3481 facilius
1627 3416 1718 3482 intel-

531 3524 653 3613 legitur
665 3525 703 3590 de
716 3524 863 3589 dentibus
876 3524 998 3587 dietum
1012 3545 1108 3609 quam
1121 3524 1159 3590 de
1171 3522 1300 3609 paxillis
1313 3527 1380 3589 sive
1391 3522 1508 3610 ligneis
1520 3526 1588 3588 sive
1599 3524 1716 3589 ferreis.

579 3692 688 3757 Unum
717 3691 823 3757 loeum
854 3691 944 3756 addo.
979 3690 1073 3755 Miles
1106 3692 1243 3756 Asianus
1267 3713 1340 3756 oum
1365 3692 1461 3755 maris
1483 3690 1636 3755 fluctibus
1660 3688 1718 3757 eol·

532 3800 657 3866 luctans
681 3805 741 3879 (vs.
769 3797 809 3863 79
835 3805 916 3883 sqq.)

579 3908 701 3970 ἀπείλει
713 3908 716 3970 l
727 3904 862 3985 γόμφοις
877 3904 1220 3992 ε’μσρίοινόμιμσόμενος,
1234 3902 1386 3991 toperi-loe
1399 3903 1540 3979 σώματος
1555 3905 1717 3986 θαλάσσᾳ·

534 4050 576 4063 -
609 4019 786 4098 sequuntur
816 4013 955 4077 hominis
987 4014 1099 4076 minae.
1132 4009 1233 4076 Verba
1265 4031 1344 4096 quae
1373 4012 1510 4095 excripsi
1541 4010 1647 4076 editor
1675 4015 1719 4077 ita

533 4119 699 4185 reddidit:·
721 4119 861 4196 »ἠπείλει
894 4127 933 4198 τῇ
961 4118 1104 4198 όαλόσσῃ
1128 4128 1166 4197 τῇ
1190 4120 1224 4182 τό
1248 4124 1339 4191 σῶμα
1364 4115 1644 4198 διαλυμαινομένῃ,
1670 4118 1718 4181 διὰ

535 4228 711 4305 »μιμήσεως
736 4231 811 4304 γοῦν
834 4233 896 4297 τοῖς
915 4225 1012 4290 όδοῦσι
1035 4227 1212 4302 ιιασαπρόιιν
1233 4227 1300 4304 (τὴν
1320 4223 1518 4303 όόλασσαν)”
1539 4232 1571 4290 et
1591 4225 1662 4291 fusa
1681 4225 1719 4291 de

532 4338 573 4400 iis
593 4337 660 4420 egit
679 4336 712 4397 in
731 4335 959 4397 commentario
976 4332 1009 4411 ¹).
1029 4331 1180 4396 Nondum
1201 4337 1307 4396 tamen
1328 4334 1405 4396 satis
1423 4329 1577 4418 intellego
1590 4337 1718 4397 textum

532 4441 704 4516 traditum,
718 4439 771 4504 sed
783 4442 927 4525 suspicor
939 4460 996 4524 pro
1011 4439 1209 4514 Μῐμοόμενοι
1224 4437 1398 4524 legendum
1410 4459 1478 4503 esse
1492 4438 1716 4514 Θτμούμενοςε

578 4548 715 4625 γόμφοις
737 4546 880 4623 impios,
901 4546 907 4631 Ι
928 4546 943 4607 ό
953 4546 1105 4621 υμοόμε
1116 4569 1177 4615 νος
1199 4548 1316 4620 λυμεῶ-
1337 4545 1341 4630 Ι
1363 4568 1387 4607 νι
1401 4543 1543 4621 σώματος
1558 4546 1716 4629 όαλόσσςι.

531 4651 631 4717 Plura
653 4674 715 4716 non
739 4654 823 4737 capit
845 4653 963 4716 charta.

538 4775 732 4785 ——.-—--..-

1032 4757 1224 4766 *—

566 4836 591 4896 l)
610 4833 684 4882 ‚Voir
700 4832 833 4883 l’exoellaut
849 4830 1018 4881 commentaire
1035 4833 1064 4882 de
1083 4832 1241 4881 Wilamorritr
1258 4847 1299 4880 snr
1315 4848 1352 4881 ees
1369 4828 1447 4881 mols”
1464 4832 1504 4896 (Ρ.
1522 4834 1630 4896 Maon).
