4525 5950
958 709 1111 758 unrocus.
1568 697 1631 760 165

435 872 543 950 κοῦνον
563 884 652 952 (mox
672 878 772 939 etiam
792 874 979 952 Democriti)
1000 874 1032 938 ii
1051 880 1086 948 μ’
1108 875 1178 956 trac
1201 876 1340 949 μαθητὴν
1360 874 1434 939 ὄντα
1454 881 1506 939 τοῦ
1526 881 1633 955 σοφοῦ.

433 981 485 1045 lla
518 981 709 1045 Athenionis
740 980 1017 1056 Samothracihus,
1042 979 1141 1044 Mein.
1168 978 1243 1057 557,
1258 980 1301 1044 46
1326 1002 1437 1045 versus
1461 987 1634 1066 supersunt

434 1085 475 1150 de
506 1093 574 1150 arte
604 1085 776 1162 culinaria,
807 1106 888 1171 quae
919 1107 986 1151 esse
1017 1086 1119 1150 fertur
1153 1087 1236 1160 ἡμᾶς
1268 1087 1459 1151 ιὶτοιιύσοισν
1491 1089 1542 1152 rai
1577 1096 1632 1160 τῆς

436 1194 605 1270 δυσχεροῦς
638 1193 889 1270 ἀλληλοφαγίας
1002 1192 1053 1256 καὶ
1086 1193 1201 1255 τοντονὶ
1234 1199 1381 1270 περιῆψεν
1412 1185 1442 1256 ὃν
1475 1194 1534 1257 νννὶ
1566 1193 1635 1269 βίον

437 1297 549 1377 ζῶμεν.
581 1298 795 1383 Euphorionis
826 1297 1019 1384 lepidissimi
1051 1318 1113 1362 vsa.
1150 1297 1190 1363 16
1222 1307 1411 1383 supersunt,
1444 1321 1473 1383 p.
1499 1299 1565 1364 494
1597 1299 1635 1364 de

438 1425 542 1488 coquo
572 1408 605 1469 et
636 1413 745 1489 poeta:
778 1403 861 1469 οὐδὲν
892 1402 906 1466 ὃ
938 1403 1086 1480 μάγειρος
1118 1407 1172 1467 τοῦ
1197 1411 1321 1476 τοιντοῡ
1347 1405 1504 1482 διαφέρει·
1530 1405 1544 1469 l
1568 1410 1633 1476 νοῦς

438 1510 503 1586 γάρ
524 1511 608 1573 ἐστιν
626 1509 757 1588 ἑκατέρῳ
776 1510 889 1573 τούτοιν
909 1509 1016 1589 τέχνη.
1037 1508 1184 1574 Totidem
1204 1509 1373 1575 Menandri
1393 1510 1634 1575 ePeeuderacle

437 1638 468 1700 p.
502 1615 580 1687 222.
613 1618 668 1680 uhi
698 1619 777 1680 artis
807 1618 989 1701 arrogantia
1020 1637 1039 1680 a
1068 1615 1299 1700 patrefamilias
1330 1616 1574 1701 reprehenditur
1603 1625 1635 1682 et

440 1722 480 1785 ll
508 1743 572 1786 rss.
595 1743 634 1786 ex
658 1721 801 1787 eiusdem
825 1721 1023 1806 Trophonio,
1049 1743 1078 1806 p.
1101 1721 1178 1799 205,
1201 1722 1239 1786 de
1259 1723 1393 1807 dapibus
1414 1722 1636 1806 praeparandis

438 1827 478 1892 ad
498 1826 642 1892 diversos
663 1828 829 1893 hominum
848 1834 982 1913 gustus,
998 1826 1237 1904 insulanorum,
1254 1827 1431 1906 Arcadum,
1443 1829 1636 1894 lonicorum.

438 1933 465 1997 e
490 1933 691 1998 Philemonis
711 1933 866 1999 Stratiota
890 1932 932 1998 26
953 1955 1027 2011 ves,
1053 1955 1083 2018 p.
1104 1933 1159 2011 26,
1180 1935 1235 1998 ubi
1255 1955 1374 2019 coquus
1394 1935 1637 2020 paratragoedat

438 2042 501 2104 sic:
534 2041 570 2110 ὥς
606 2038 705 2116 ἵμερός
730 2042 889 2115 ueritatis
913 2049 957 2119 νῇ
982 2064 1017 2104 τε
1044 2040 1173 2119 antipatro
1199 2038 1288 2115 λέξοι
1313 2041 1437 2115 μολόντι
1462 2042 1575 2117 τοῦψον
1597 2044 1636 2112 ὡς

438 2145 608 2210 irrideor.
633 2145 778 2232 Denique
801 2149 865 2210 cito
886 2147 981 2211 breve
1001 2145 1055 2210 sed
1075 2146 1229 2210 festivum
1247 2146 1467 2231 fragmentum
1487 2169 1504 2211 e
1525 2145 1638 2213 Colace

439 2251 629 2331 Menandri,
666 2274 697 2336 p.
735 2251 808 2329 153,
845 2252 901 2317 ubi
932 2273 1053 2335 coquus
1085 2251 1282 2316 sacerdotem
1314 2255 1462 2317 imitatur
1491 2256 1524 2318 in
1556 2255 1637 2318 festo

440 2356 573 2421 Veneris
601 2356 809 2421 disserentem
834 2359 1011 2421 victimam.
1043 2356 1168 2442 Nempe
1191 2377 1365 2441 coquorum
1390 2361 1640 2443 arrogantiore

440 2462 584 2526 cundum
608 2463 765 2526 Athenaei
790 2464 988 2539 testimonia,
1014 2484 1045 2546 p.
1071 2460 1148 2537 660,
1172 2462 1245 2526 inde
1269 2462 1440 2528 derivanda
1463 2470 1527 2540 est,
1552 2465 1637 2548 quod

437 2567 518 2632 olim
554 2571 589 2631 in
624 2588 657 2632 re
687 2588 774 2632 sacra
805 2576 911 2652 partes
945 2568 1085 2652 agebant
1115 2567 1267 2632 feriendis
1298 2570 1458 2645 victimis,
1490 2570 1637 2653 parandis

438 2673 618 2738 visceribus
642 2674 778 2758 aliisque
801 2673 987 2739 huiusmodi
1011 2673 1131 2738 officiis.

485 2779 661 2864 Langenus
692 2778 730 2843 de
754 2780 813 2844 hac
836 2800 929 2848 scena
952 2781 1029 2844 haec
1052 2779 1149 2843 habet
1173 2800 1203 2863 p.
1229 2778 1311 2843 204:
1338 2778 1523 2856 „Ebenfalls
1547 2779 1636 2844 iiber·

440 2883 579 2970 „diissig
609 2886 684 2950 aher
714 2885 786 2950 dem
818 2907 937 2970 ganzen
962 2883 1135 2951 Oharacter
1157 2886 1238 2949 nach
1263 2885 1343 2950 doch
1366 2887 1460 2950 echt
1482 2884 1641 2950 Plauti·

438 2992 585 3068 ,nisch
616 2994 659 3055 ist
690 2991 747 3056 der
777 2991 873 3077 lange
903 2990 1144 3076 Unterhaltung
1251 2991 1406 3055 zwischen
1438 2990 1541 3055 Ballio
1572 2991 1637 3055 und

438 3096 537 3171 „dem
569 3117 633 3161 von
664 3097 734 3161 ihm
763 3100 960 3182 gemieteten
991 3096 1102 3161 Koche
1209 3096 1268 3160 Die
1300 3095 1397 3161 Scene
1421 3100 1463 3161 ist
1486 3096 1639 3161 wieder

440 3202 676 3287 „lediglich
699 3202 760 3267 auf
778 3203 833 3267 der
857 3202 1074 3288 Erheiterung
1097 3202 1153 3267 der
1176 3202 1356 3267 Zuschauer
1379 3203 1581 3267 berechnet.''

486 3308 581 3387 Quod
612 3308 670 3372 hoc
700 3308 768 3373 loco
799 3308 970 3395 Langenus
1000 3309 1033 3373 id
1065 3307 1163 3372 multi
1186 3329 1279 3393 saepe
1302 3309 1425 3373 faciunt
1448 3312 1638 3373 recentiores

440 3411 479 3478 nt
503 3434 600 3478 vere
625 3413 875 3479 Plautinum
899 3415 1077 3500 appellent,
1103 3415 1187 3498 quod
1212 3434 1306 3479 vere
1328 3435 1523 3500 graecum
1547 3418 1590 3479 sit
1607 3421 1640 3479 et

437 3522 600 3583 imitatori
633 3523 797 3605 imputant
828 3521 912 3605 quod
943 3521 1142 3586 referendum
1173 3524 1216 3585 sit
1238 3521 1276 3584 ad
1300 3526 1444 3585 auctores
1466 3521 1640 3585 comoedia·

437 3647 531 3702 rum;
554 3629 651 3691 etiam
672 3632 872 3712 postremum
891 3627 986 3704 illud,
1007 3614 1139 3692 scenam
1154 3626 1286 3692 denuo
1306 3627 1515 3691 affectare
1535 3629 1636 3690 risum

436 3737 675 3816 spectatorum,
695 3733 820 3797 dictum
844 3732 974 3797 ridetur
996 3735 1031 3796 in
1056 3741 1182 3817 poetam
1206 3731 1362 3807 latinum,
1387 3732 1441 3796 sed
1465 3730 1552 3796 valet
1577 3754 1638 3796 non

438 3840 551 3901 minus
575 3840 607 3900 in
631 3858 801 3922 graecum,
827 3841 883 3922 qui
906 3840 1031 3923 primus
1056 3859 1126 3902 eam
1151 3840 1277 3903 invenit
1304 3845 1326 3914 ).

484 4050 629 4135 Denique
661 4051 820 4116 tractandi
843 4058 919 4115 sunt
942 4072 1056 4116 versus
1080 4053 1136 4135 qni
1159 4053 1229 4114 iam
1253 4071 1349 4134 supra
1373 4054 1407 4114 in
1430 4071 1560 4115 censum
1588 4073 1640 4116 ve·

433 4164 555 4220 nerunt
580 4155 815 4232 lore-1086,
841 4176 921 4240 quos
947 4163 1180 4242 argumentum
1207 4155 1289 4219 male
1313 4159 1545 4240 interrumpere
1570 4176 1640 4220 cen·

436 4270 512 4328 sent
541 4261 727 4347 Kiessling,
760 4262 896 4339 herena,
929 4261 1012 4338 Leo,
1047 4261 1175 4325 Bierma
1200 4269 1245 4344 (p.
1271 4260 1372 4345 hdsq.
1398 4268 1429 4325 et
1454 4262 1520 4341 95).
1553 4259 1637 4327 Ounr

436 4369 549 4444 Simo,
579 4368 694 4432 aridus
724 4367 874 4432 audiendi
907 4366 1067 4450 numquid
1099 4371 1208 4430 contra
1239 4365 1384 4429 lenonem
1414 4369 1480 4430 iam
1505 4366 1637 4430 molitus

472 4642 501 4705 1)
523 4640 625 4689 Iarion
646 4638 706 4687 vitia
728 4643 865 4703 praetereo,
882 4638 923 4686 aad
940 4643 1021 4685 mnan
1038 4638 1064 4686 in
1081 4637 1187 4686 tranuito
1205 4639 1234 4685 ad
1253 4653 1285 4686 ra,
1305 4637 1371 4685 1022
1388 4638 1448 4685 hanc
1464 4640 1636 4689 correctionem

433 4737 571 4788 proponere
595 4721 678 4769 liceatz
705 4721 744 4769 .Βί
766 4719 913 4769 amariorem
935 4719 1025 4783 capuit,
1045 4720 1087 4783 qni
1115 4719 1196 4775 <ria>
1227 4720 1259 4767 sit
1282 4718 1383 4768 mainr.”
1409 4718 1488 4783 ‚Qni'’
1511 4741 1535 4763 =
1556 4738 1638 4785 quom.

437 4804 476 4852 Cf.
497 4804 595 4851 Bierma
614 4817 636 4864 p.
657 4802 713 4852 rao.
1605 4816 1609 4822 ·
