4525 5950
908 1086 1039 1185 QUID
1070 1087 1374 1179 SIGNlFlOA'l

763 1251 1002 1333 ΛΕΙΡΙΟΣ
1039 1242 1160 1331 alvu
1195 1246 1526 1338 AEIPIOElZl

1079 1469 1203 1508 sculusm

855 1634 883 1699 J.
919 1632 1023 1698 VAN
1063 1635 1321 1702 hllEUWElN
1345 1638 1416 1703 dr.

1039 1896 1235 1933 -ονψοωνι-

585 2123 620 2187 ln
657 2121 855 2208 Bacchylidis
888 2122 1030 2187 editione
1058 2125 1217 2207 principe,
1250 2144 1347 2207 qnam
1373 2130 1461 2187 tanta
1483 2145 1560 2189 cura
1583 2132 1735 2210 tantaque

537 2230 718 2295 eruditione
750 2231 875 2293 ornavit
907 2228 1060 2315 Kenyon,
1097 2239 1135 2293 ut
1167 2232 1374 2315 sequentihus
1405 2230 1582 2295 editoribus
1614 2234 1736 2318 agenda

536 2337 667 2422 quidem
692 2334 846 2399 nonnulla
870 2334 1051 2421 reliquerit,
1076 2336 1287 2420 vituperanda
1311 2339 1437 2401 nonnisi
1459 2340 1673 2423 paucissima,
1698 2339 1736 2403 ad

538 2453 651 2529 poetae
673 2440 764 2506 XVII
789 2441 831 2505 95
857 2441 970 2506 verba:

788 2549 872 2611 κατὰ
898 2550 1012 2625 λειρίων
1037 2550 1066 2611 τ’
1089 2549 1240 2623 ὀμμάτων
1265 2548 1359 2629 δάκρυ
1383 2549 1456 2628 χέον

537 2662 692 2720 annotata
723 2653 878 2739 leguntur
909 2655 1003 2720 haec:
1038 2657 1191 2734 „terpievt
1224 2676 1263 2720 an
1296 2656 1357 2720 odd
1382 2677 1437 2720 use
1462 2657 1499 2721 of
1517 2658 1572 2721 the
1596 2659 1734 2743 epithet,

539 2761 672 2839 „unless
697 2761 847 2835 ὀμμάτων
871 2764 898 2825 is
923 2770 957 2825 to
983 2763 1020 2826 be
1045 2762 1140 2826 taken
1166 2783 1199 2826 as
1224 2766 1377 2849 meaning
1400 2761 1503 2827 ‘faces'
1528 2784 1564 2828 or
1590 2764 1735 2830 ‘cheelrs'.

541 2871 665 2945 „telone
703 2872 730 2932 is
761 2868 934 2932 elsewhere
959 2867 1084 2952 applied
1108 2869 1185 2954 only
1211 2877 1243 2933 to
1268 2869 1321 2933 the
1345 2868 1543 2953 complexlon
1569 2891 1605 2934 or
1630 2874 1735 2947 voice,

539 2977 621 3054 „but
646 2978 782 3060 perhaps
805 2978 832 3039 it
855 2978 883 3039 is
908 2997 947 3040 no
970 2982 1097 3062 greater
1117 2997 1136 3040 a
1155 2976 1276 3040 stretch
1297 2984 1329 3041 to
1349 2975 1447 3062 apply
1466 2979 1494 3040 it
1514 2985 1548 3041 to
1567 2978 1624 3043 the
1646 2980 1735 3065 eye'’.

568 3078 708 3167 'Nempe
732 3081 765 3146 id
789 3082 872 3166 quod
898 3082 1011 3146 suadet
1035 3084 1131 3160 ratio,
1158 3089 1195 3146 ut
1219 3084 1257 3146 ad
1282 3082 1478 3147 efficiendam
1498 3084 1589 3148 verbi
1610 3088 1736 3150 rarioris

539 3188 808 3275 significationem
842 3191 1042 3274 primitivam
1075 3210 1093 3253 a
1123 3192 1207 3253 notis
1239 3190 1278 3254 ad
1308 3192 1420 3275 ignota
1444 3188 1686 3274 proficiscamur
1707 3200 1736 3256 et

539 3297 765 3380 antiquissima
789 3298 976 3379 praesertim
1002 3297 1186 3360 testimonia
1209 3296 1459 3380 perpendamus,
1480 3296 1513 3359 id
1532 3319 1618 3362 nunc
1638 3297 1736 3362 effecit

539 3414 576 3466 ut
613 3403 809 3466 adiectivunr
845 3405 951 3478 usurae
982 3404 1050 3465 sive
1073 3402 1209 3480 λενρνόενς
1233 3400 1346 3465 inultis
1369 3403 1538 3466 obscurum
1564 3403 1734 3468 videretur.

542 3508 646 3588 Quam
678 3507 827 3572 nebulam
852 3512 1003 3592 quoniam
1027 3511 1096 3592 ipsa
1121 3510 1198 3573 haec
1223 3508 1426 3593 Bacchylidis
1449 3509 1547 3573 verba
1570 3508 1735 3595 dispellere

540 3616 623 3679 mihi
648 3614 808 3688 videntur,
833 3614 1012 3699 pericnlum
1035 3615 1148 3680 faciam
1174 3635 1214 3679 au
1238 3623 1270 3680 et
1295 3614 1443 3700 Kenyoni
1466 3623 1497 3679 et
1520 3614 1593 3680 aliie
1611 3637 1734 3701 persua·

539 3722 611 3786 dere
635 3724 759 3806 possim
784 3743 844 3785 non
871 3721 1005 3785 mirilico
1029 3721 1080 3785 vel
1104 3743 1217 3806 parum
1243 3729 1315 3806 apte
1336 3758 1378 3769 —
1400 3721 1508 3806 qualia
1531 3722 1638 3787 multa
1662 3722 1732 3787 alibi

537 3830 686 3913 peccavit
719 3826 928 3913 Bacchylides
960 3830 993 3891 in
1026 3828 1213 3892 adhibendis
1244 3827 1297 3892 vel
1327 3827 1484 3914 fingendis
1515 3829 1670 3912 epithetis
1695 3864 1731 3877 -

538 3955 622 3998 nuuc
655 3944 845 4018 usurpatum
877 3954 944 3997 esse
977 3934 1036 3997 hoc
1068 3935 1281 4010 adiectivum,
1313 3934 1366 3998 sed
1399 3936 1562 4018 propriam
1594 3938 1662 4000 vim
1687 3936 1731 4000 hic

537 4042 744 4124 potissimum
769 4041 919 4104 obtinere.

583 4145 634 4210 Sic
667 4146 731 4209 sere
757 4148 937 4208 ratiocinari
964 4144 1066 4209 solent
1090 4148 1152 4209 viri
1178 4146 1280 4211 docti:
1306 4149 1405 4223 teipsa
1430 4153 1506 4210 suut
1529 4147 1619 4225 lilia,
1647 4148 1729 4213 flores

536 4252 679 4315 candidi:
714 4274 790 4337 ergo
814 4253 947 4328 tepidus
973 4259 1020 4314 est
1045 4252 1187 4328 lidiae-ua,
1213 4254 1286 4316 hiuc
1310 4255 1474 4329 νιννινίννίνν,
1499 4256 1625 4331 λευκός
1653 4253 1727 4340 quod

529 4358 635 4441 ¹faciei
666 4361 799 4442 geuisve
824 4356 949 4440 puellae
974 4361 1125 4421 convenit
1150 4362 1272 4442 optime
1296 4360 1478 4442 epitheton,
1505 4362 1559 4423 vix
1585 4364 1728 4426 convenit-

534 4465 598 4526 uoce'
629 4462 847 4540 („lilienrein'’
881 4460 995 4537 (lohel,
1031 4463 1309 4539 „Lilienstimme”
1344 4466 1462 4543 Helm),
1495 4467 1592 4530 oculte
1626 4477 1726 4533 autem

536 4572 664 4634 omniuo
689 4590 751 4632 uon
776 4571 935 4632 convenit.

580 4675 739 4758 Equidem
760 4677 805 4737 sic
824 4677 930 4757 potius
951 4696 1018 4737 reru
1041 4676 1120 4738 mihi
1143 4678 1288 4742 informo.
1311 4677 1415 4762 Stirps
1434 4677 1724 4764 siguificatclarun,

530 4790 676 4844 nostrum
700 4780 812 4856 delator,
837 4780 921 4864 quod
946 4778 1066 4845 Graeco
1090 4784 1208 4860 Φανδρῷ
1233 4786 1311 4847 satis
1334 4794 1480 4848 accurate
1500 4795 1609 4869 potest
1629 4787 1720 4852 reddi.
