4525 5950
1045 698 1221 748 assumas.
1659 681 1726 747 263

532 859 623 938 πέριξ
642 867 772 939 Φρονεῑν,
790 863 1070 946 persuasissimum
1082 862 1184 928 haben
1195 861 1386 947 Euripidem
1398 865 1561 948 scripsisse
1581 864 1727 941 τορέξ,

527 990 681 1050 peruerse,
712 968 809 1052 idque
838 988 875 1032 eo
906 971 1011 1053 magis
1038 967 1122 1052 quod
1148 989 1204 1052 per
1226 967 1352 1034 litteras
1376 972 1520 1034 monenti
1543 968 1727 1054 planissime

532 1074 618 1139 mihi
642 1093 788 1138 assensus
812 1081 861 1138 est
883 1075 1099 1157 peritissimus
1123 1073 1236 1138 editor.

581 1289 638 1355 Vs.
664 1289 740 1356 553.
1240 1293 1314 1355 ἀλλ’
1338 1291 1547 1369 ἄννβιρτιρρόοιν

764 1399 864 1476 ῥώμην
888 1398 922 1471 μ’
948 1398 1097 1461 {aaroni
1123 1397 1313 1475 λαμβάνειν,
1338 1396 1422 1474 εότερ
1446 1399 1532 1464 orori.

533 1501 679 1588 Repeto,
709 1502 792 1586 quod
814 1500 947 1569 latuisse
969 1502 1099 1568 videtur
1122 1502 1295 1581 editorem,
1315 1511 1457 1569 veterem
1481 1523 1587 1568 meam
1611 1505 1729 1568 oonieo-

532 1620 647 1673 turam
671 1615 853 1685 μενοινῶ,
878 1629 959 1694 qnae
982 1610 1163 1673 etiamnum
1181 1607 1275 1674 valde
1294 1609 1468 1694 probabilis
1488 1610 1568 1673 mihi
1589 1607 1727 1673 videtur.

581 1824 637 1890 Vs.
664 1823 739 1890 781.
765 1825 818 1912 ἡδὺ
843 1827 899 1901 μὲν
924 1827 988 1905 etp
1012 1827 1126 1890 οὐτόιιο
1152 1833 1241 1891 τοῦτο
1265 1828 1428 1906 βροτοῖσιν,

764 1931 793 1993 ἕν
818 1931 850 1995 δὲ
875 1931 973 2011 χρόνῳ
996 1931 1114 1997 τελόόει

763 2033 849 2115 ξηρόν
873 2036 939 2100 nel
965 2038 1167 2102 ὀνείδεσιν
1192 2035 1382 2114 ἔγκειται
1408 2035 1547 2112 δόμων.

531 2141 686 2206 Fortasse
708 2140 789 2206 fuit:

761 2244 848 2324 ξηρόν
868 2248 929 2310 eal
948 2246 1087 2319 όνοιδος
1108 2247 1173 2328 (vel
1188 2247 1303 2328 όνεόδε’)
1324 2248 1481 2325 ἔνεγκον
1502 2250 1692 2321 δαιμονᾶν.

530 2352 605 2416 Iam
630 2351 852 2438 Hartungium
876 2352 1016 2430 δομοτῶν
1040 2357 1240 2439 proposuisse
1263 2374 1315 2418 me
1338 2354 1430 2419 donet
1455 2353 1624 2436 Appendin.

585 2570 639 2635 Vs.
664 2569 741 2636 841.
765 2570 958 2637 Hermione:

763 2677 796 2741 τό
818 2701 870 2752 μοι
892 2677 983 2757 ξόφορ
1008 2678 1041 2741 όιι
1066 2678 1157 2757 χερός
1183 2678 1335 2757 ἦνρεότοις

764 2783 895 2861 ἀπόδος,
919 2780 940 2848 ὦ
965 2783 1047 2862 Φόλ’,
1071 2783 1201 2861 tritos,
1225 2783 1261 2848 ἵν’
1286 2784 1417 2849 donatae

764 2889 864 2961 ἐρεόοοι
888 2888 1039 2966 esayas·
1064 2888 1097 2953 τό
1120 2914 1169 2965 με
1193 2888 1316 2969 βρόχον
1340 2889 1469 2969 rippam

532 2991 695 3080 Displicet
724 2994 914 3060 ultimorum
945 2996 1118 3061 verborum
1150 2996 1342 3083 asyndeton,
1373 2999 1449 3082 quia
1472 2996 1512 3061 ad
1535 2995 1632 3061 aliam
1657 3018 1725 3062 rem

531 3102 715 3186 pertinent,
739 3107 773 3165 et
795 3099 1021 3186 praetulerim:

1085 3208 1116 3272 τό
1142 3207 1181 3271 δὲ
1204 3207 1327 3286 βρόχον
1352 3210 1434 3285 (μ’)
1459 3205 1589 3287 cippum

530 3316 574 3375 nt
597 3318 681 3376 reete
705 3332 781 3377 mox
803 3312 927 3399 legitur

764 3423 822 3481 τοῦ
846 3441 897 3492 μοι
923 3418 1013 3496 τυρός
1037 3420 1120 3496 Φόλον
1144 3416 1244 3497 Φλόξ;

763 3530 825 3595 τῶς
851 3522 876 3586 δ’
901 3524 942 3595 εἷς
967 3524 1084 3602 πέτροις
1108 3525 1200 3601 septe
1224 3522 1289 3587 ιιτὲ.

530 3632 568 3693 et
592 3630 638 3692 sie
660 3626 757 3706 alibi,
782 3627 874 3694 velut
896 3628 1029 3715 Hippoi.
1054 3628 1121 3694 224
1134 3650 1182 3713 sq.

582 3838 636 3904 Vs.
660 3839 736 3905 897.

629 3944 681 4009 Or.
939 3952 1003 4022 μῶν
1027 3945 1204 4025 ἐσφόλμεό
1229 3947 1246 4023 ἢ
1270 3950 1378 4029 σοφῶς
1403 3948 1456 4027 όρῶ

762 4052 860 4125 δόμων
886 4049 1028 4117 ἄνασσον
1052 4053 1144 4118 τῶνδε
1169 4054 1312 4118 Μενέλεω
1339 4055 1442 4135 κόρνν;

627 4155 741 4222 Herm.
766 4154 857 4237 ι’ἱντερ
882 4157 976 4233 μόνον
998 4161 1032 4236 γ’
1058 4160 1075 4231 ἦ
1100 4158 1250 4239 Τυνδαρὶς
1273 4162 1370 4225 τόντει
1394 4164 1493 4238 γυνὴ

762 4262 870 4337 'Elius
896 4269 966 4327 κοτ’
990 4263 1085 4335 οἴκους
1111 4265 1225 4344 τοτρό·
1250 4265 1343 4342 μηδὲν
1367 4268 1482 4344 dyada.

529 4367 679 4432 Dubium
702 4389 764 4433 non
787 4375 837 4434 est
859 4371 936 4454 quin
960 4369 1043 4435 male
1067 4370 1208 4435 abundet
1232 4374 1326 4448 νυνιὶ,
1349 4393 1407 4437 neo
1431 4371 1547 4437 melior
1566 4378 1613 4437 est
1632 4371 1727 4439 lentio

531 4472 651 4537 codicis
673 4472 700 4536 L
725 4473 805 4553 κόρη,
835 4474 920 4559 qued
951 4475 1145 4542 vocabulum
1177 4478 1287 4542 eodem
1318 4480 1434 4543 senarii
1465 4477 1534 4544 loeo
1565 4482 1725 4565 positum,

530 4600 597 4663 qno
622 4578 707 4657 κόρην
729 4582 764 4644 in
787 4602 834 4645 vs.
859 4602 1062 4669 praegresso,
1086 4583 1216 4648 offendit
1238 4605 1340 4650 aures.
1366 4587 1433 4650 Aut
1454 4584 1622 4651 fallerent
1643 4592 1728 4651 utra·

530 4705 594 4769 que
618 4704 680 4749 vox
704 4691 752 4749 est
774 4686 963 4771 glossatoris
988 4695 1020 4753 et
1044 4694 1139 4776 poeta
1162 4688 1308 4754 dederat:

762 4788 853 4871 ι’ἱντιρ
877 4793 971 4870 μόνιρν
993 4800 1026 4873 γ’
1052 4799 1069 4870 ἡ
1094 4794 1245 4874 Τυνδαρὶς
1268 4797 1366 4860 τίκτει
1393 4798 1516 4873 (τοτὲ)
1542 4801 1606 4864 xri.
