4525 5950
906 706 1147 756 nnuosrunnns.
1576 687 1619 754 41

434 896 499 960 qua
523 872 731 941 casaubonus
752 874 821 958 egit
840 872 982 936 Animm.
1004 871 1043 936 ad
1063 873 1264 938 Athenaeum
1283 895 1313 959 p.
1330 871 1404 950 708,
1424 870 1508 937 unde
1528 874 1626 937 etiam

433 982 513 1046 dieti
548 979 756 1056 περιοδονῖκαι.
793 977 914 1043 Deinde
949 977 1089 1044 Blassius
1123 987 1207 1045 recte
1241 979 1376 1044 contulit
1408 977 1623 1064 Hermogenis

432 1087 542 1152 locum
575 1109 606 1172 p.
631 1085 696 1150 308
721 1084 852 1150 Walnii:
885 1086 1018 1149 τοιοῦτον
1051 1085 1094 1154 ίςι
1120 1086 1172 1150 καί
1197 1085 1230 1149 τὸ
1254 1087 1284 1148 έν
1308 1087 1349 1163 τῷ
1375 1086 1459 1150 κατὰ
1483 1087 1622 1162 Νεαίρας

433 1193 640 1271 ῶβελιομένον
672 1193 730 1257 ὑπθ
765 1217 859 1271 τινοιν,
893 1193 927 1255 τὸ
958 1191 1021 1256 οἱπδ
1052 1199 1137 1271 τριῶν
1165 1193 1371 1270 τρυπκμοίταν
1394 1195 1448 1266 τὴν
1473 1193 1621 1271 ἐργασίαν

433 1302 628 1372 πεποιῆσθαι.
654 1297 738 1363 Satis
762 1297 957 1364 verosimilis
980 1298 1062 1362 mihi
1086 1301 1243 1384 scriptura
1262 1297 1406 1364 videtur:
1432 1299 1623 1377 ἐγνωσμένην

433 1407 492 1469 ὑπὸ
518 1406 639 1468 πάντων
664 1408 756 1484 (ἀπὸ
780 1411 894 1482 τριῶν
919 1406 1204 1484 τρυπκμιίτων)
1228 1412 1286 1483 γῆς
1308 1405 1438 1483 περίοδον
1461 1404 1626 1486 εἰργασμέ-

430 1538 494 1585 νην.
520 1510 678 1577 Similiter
701 1511 739 1576 de
764 1509 929 1576 Theodora
951 1511 1135 1594 Procopius.

482 1734 500 1816 §
524 1731 586 1796 109
617 1753 648 1816 p.
675 1729 773 1794 1382.
805 1728 966 1795 Particula
997 1729 1131 1795 excidit:
1165 1730 1308 1812 καίίτοι)
1333 1733 1366 1795 τί
1389 1734 1484 1795 καλὸν
1506 1734 1625 1810 φήσετε

432 1839 670 1917 διαπεπρᾶχθαι
681 1859 689 1917 ;

480 2063 497 2145 ᾖ
522 2058 585 2124 113
608 2081 639 2145 p.
667 2056 771 2123 1383:
796 2056 1092 2136 προπηλακισθέντος
1115 2057 1146 2121 δέ
1171 2062 1224 2122 τοῦ
1248 2056 1338 2135 νόμου
1363 2059 1417 2134 ὑφ’
1442 2057 1524 2131 ὑμῶν
1547 2058 1622 2120 οἶπο·

431 2165 597 2245 Φυγούογς
625 2165 753 2238 ταύτης.
786 2162 969 2229 Admodum
993 2162 1126 2250 languet
1150 2163 1234 2249 quod
1257 2164 1422 2230 adhaeret:
1447 2165 1513 2227 καί
1537 2163 1623 2229 οἰκία

432 2296 499 2353 ρου
525 2273 762 2349 γενομένου.

481 2493 500 2575 §
522 2489 584 2555 113
609 2512 640 2575 p.
666 2488 771 2554 1384:
805 2493 822 2565 τί
846 2497 904 2553 τῶν
928 2492 1038 2568 πορνῶν
1063 2491 1196 2567 ἐργασία
1222 2490 1287 2569 ἥξει
1312 2491 1352 2561 είς
1379 2492 1438 2562 τοὶς
1462 2497 1519 2555 τῶν
1542 2506 1625 2555 πολι-

433 2604 494 2661 τῶν
527 2598 718 2674 θυγατέρας,
751 2596 808 2678 [δι’
842 2597 916 2658 οίπο
927 2597 1028 2679 ρίαν]
1061 2594 1129 2661 ὅσαι
1162 2596 1199 2662 δον
1221 2600 1266 2673 pt,
1290 2596 1434 2661 δύνανται
1460 2597 1623 2670 ἐκδοθῆναι.

432 2705 544 2770 Etiam
568 2705 618 2769 hie
641 2702 846 2788 interpolatio
868 2702 1068 2768 incommoda
1091 2704 1165 2770 sede
1189 2706 1347 2790 arguitur.

480 2909 583 2995 §115
614 2931 645 2994 p.
677 2907 782 2972 1384:
820 2909 990 2984 ἐνθυμεῖσθε
1026 2913 1115 2972 τοῦτο
1151 2909 1249 2986 μίνιν,
1286 2911 1317 2975 εί
1352 2907 1510 2990 Νέαιρα
1546 2904 1622 2974 οὖσα

432 3022 539 3081 ταῦτα
572 3015 811 3091 διαπέπρακται.
843 3015 962 3093 Nemo,
993 3014 1102 3093 eredo,
1126 3018 1173 3080 ita
1196 3014 1355 3100 loquitur:
1382 3036 1551 3101 reponam:
1576 3018 1621 3080 έν-

433 3125 575 3199 θυμεῖσθε
600 3127 688 3187 τοῦτο
711 3123 798 3198 μόνον
824 3119 882 3187 ὅτι
909 3123 1052 3201 ἑταίρα
1077 3118 1151 3187 οὖσα
1177 3126 1280 3185 ταῦτα
1305 3121 1544 3200 διαπέπρακται.
1574 3122 1620 3188 De

433 3232 556 3297 Neaera
578 3230 673 3295 modo
697 3250 800 3295 sermo
824 3228 939 3294 fuerat.

480 3449 584 3535 §122
609 3472 639 3536 p.
669 3448 772 3514 1386:
797 3448 832 3513 τὸ
857 3450 920 3526 γαρ
944 3455 1088 3512 συνοικεῖν
1110 3450 1193 3512 τοῦτ’
1213 3446 1273 3516 ero
1296 3440 1326 3518 ὃς
1347 3449 1385 3512 ἂν
1406 3450 1622 3525 παιδοποιῆται

436 3561 488 3622 καῖ
510 3558 623 3638 είσιίγρ
644 3556 687 3628 είς
708 3582 742 3620 τε
764 3555 834 3626 τοὺς
857 3555 1016 3634 Φρατερας
1040 3555 1092 3619 καί
1116 3554 1252 3629 δκμθτας
1278 3556 1348 3626 τοὺς
1372 3558 1464 3633 υίεῖς,
1490 3557 1540 3619 καί
1565 3561 1622 3628 τὰς

436 3663 610 3742 θυγατέρας
634 3663 736 3742 έκδιδῷ
759 3663 797 3732 ὥς
822 3662 916 3724 αὑτοῦ
940 3660 1034 3733 οὔσας
1059 3668 1120 3732 τοῖς
1145 3659 1280 3740 οὶνδροίσι.
1305 3661 1363 3733 τοῖς
1384 3664 1440 3737 μὲν
1461 3662 1524 3740 γὰρ
1544 3663 1626 3727 ἑταί-

433 3794 491 3853 ρας
524 3769 625 3845 ιὶδονῆς
650 3767 725 3833 ἕνεκ’
751 3767 875 3846 ἔχομεν,
900 3768 957 3837 τοῖς
983 3767 1012 3831 δέ
1038 3771 1212 3838 παλλακαῖς
1237 3776 1290 3841 τῆς
1316 3771 1383 3831 καθ’
1405 3770 1518 3847 ἡμέραν
1542 3773 1627 3849 θερα·

433 3879 530 3948 πείας
562 3881 614 3940 τοῦ
647 3877 807 3952 σώματος,
832 3875 890 3946 τοὶς
916 3874 947 3937 δὲ
971 3883 1124 3952 γυναῖκας
1152 3879 1204 3938 τοῦ
1228 3874 1469 3938 παιδοποιεῖσθαι
1492 3878 1624 3951 γνησίοις

432 3986 486 4050 καί
520 3989 576 4048 τῶν
609 3981 687 4046 ἔνδον
718 3984 851 4060 Φύλακα
885 3986 974 4053 πιςίιν
998 3979 1091 4059 ἔχειν.
1116 3980 1188 4046 Seio
1211 3980 1341 4065 quidem
1365 3981 1441 4046 haee
1464 3983 1561 4048 verba
1585 3984 1623 4048 ab

431 4091 600 4158 Athenaeo
632 4088 755 4153 laudari
787 4087 867 4154 XIII
896 4109 927 4172 p.
954 4085 1077 4164 5733,
1108 4108 1165 4151 neo
1196 4095 1304 4151 tamen
1335 4088 1417 4152 mihi
1449 4090 1622 4174 persuadeo

430 4213 502 4262 tam
532 4195 695 4260 elumbem
718 4192 1015 4259 adnotatiunculam
1039 4195 1157 4257 oratori
1181 4192 1294 4257 debere
1317 4195 1425 4260 tribui.
1449 4194 1541 4260 Nihil
1564 4198 1624 4260 mi·

431 4326 509 4370 rum
535 4302 611 4367 talia
633 4324 672 4367 ex
697 4304 841 4387 margine
864 4303 1055 4386 migravisse
1078 4303 1111 4364 in
1136 4307 1274 4365 textum.
1408 4304 1410 4307 ’
