<?xml version="1.0" encoding="UTF-8"?>
<!DOCTYPE html PUBLIC "-//W3C//DTD XHTML 1.0 Transitional//EN"
    "http://www.w3.org/TR/xhtml1/DTD/xhtml1-transitional.dtd">
<html xmlns="http://www.w3.org/1999/xhtml" xml:lang="en" lang="en">
 <head>
  <title>
</title>
<meta http-equiv="Content-Type" content="text/html;charset=utf-8" />
  <meta name='ocr-system' content='tesseract 3.04.00' />
  <meta name='ocr-capabilities' content='ocr_page ocr_carea ocr_par ocr_line ocrx_word'/>
</head>
<body>
  <div class='ocr_page' id='page_1' title='image "./mnemosyne07verdgoog_0804.png"; bbox 0 0 4525 5950; ppageno 0'>
   <div class='ocr_carea' id='block_1_1' title="bbox 978 671 1655 741">
    <p class='ocr_par' dir='ltr' id='par_1_1' title="bbox 978 671 1655 741">
     <span class='ocr_line' id='line_1_1' title="bbox 978 671 1655 741; baseline -0.004 -3"><span class='ocrx_word' id='word_1_1' title='bbox 978 692 1135 741; x_wconf 75' lang='lat' dir='ltr'>nonanus.</span> <span class='ocrx_word' id='word_1_2' title='bbox 1590 671 1655 736; x_wconf 85' lang='grc'>319</span> 
     </span>
    </p>
   </div>
   <div class='ocr_carea' id='block_1_2' title="bbox 462 855 1661 1580">
    <p class='ocr_par' dir='ltr' id='par_1_2' title="bbox 462 855 1660 1362">
     <span class='ocr_line' id='line_1_2' title="bbox 510 855 1660 945; baseline -0.003 -21"><span class='ocrx_word' id='word_1_3' title='bbox 510 860 546 924; x_wconf 93' lang='lat' dir='ltr'>ln</span> <span class='ocrx_word' id='word_1_4' title='bbox 571 859 690 925; x_wconf 89' lang='lat' dir='ltr'>Donati</span> <span class='ocrx_word' id='word_1_5' title='bbox 713 859 834 924; x_wconf 90' lang='lat' dir='ltr'>scholio</span> <span class='ocrx_word' id='word_1_6' title='bbox 854 859 904 924; x_wconf 91' lang='lat' dir='ltr'>W.</span> <span class='ocrx_word' id='word_1_7' title='bbox 930 862 1066 925; x_wconf 79' lang='lat' dir='ltr'>correxit</span> <span class='ocrx_word' id='word_1_8' title='bbox 1091 862 1227 945; x_wconf 77' lang='lat' dir='ltr'>„recipit</span> <span class='ocrx_word' id='word_1_9' title='bbox 1249 862 1290 924; x_wconf 95' lang='lat' dir='ltr'>in</span> <span class='ocrx_word' id='word_1_10' title='bbox 1315 859 1421 923; x_wconf 89' lang='lat' dir='ltr'>sedem</span> <span class='ocrx_word' id='word_1_11' title='bbox 1442 857 1522 934; x_wconf 89' lang='lat' dir='ltr'>m.”,</span> <span class='ocrx_word' id='word_1_12' title='bbox 1543 855 1660 922; x_wconf 81' lang='lat' dir='ltr'>Solio</span> 
     </span>
     <span class='ocr_line' id='line_1_3' title="bbox 465 962 1658 1051; baseline -0.004 -20"><span class='ocrx_word' id='word_1_13' title='bbox 465 988 542 1051; x_wconf 93' lang='lat' dir='ltr'>pen</span> <span class='ocrx_word' id='word_1_14' title='bbox 577 969 630 1042; x_wconf 88' lang='lat' dir='ltr'>„in</span> <span class='ocrx_word' id='word_1_15' title='bbox 662 968 866 1031; x_wconf 88' lang='lat' dir='ltr'>sanitatem&#39;&#39;.</span> <span class='ocrx_word' id='word_1_16' title='bbox 896 967 1059 1032; x_wconf 79' lang='lat' dir='ltr'><strong>Neutrum</strong></span> <span class='ocrx_word' id='word_1_17' title='bbox 1091 966 1205 1051; x_wconf 88' lang='lat' dir='ltr'>placet.</span> <span class='ocrx_word' id='word_1_18' title='bbox 1229 966 1344 1031; x_wconf 91' lang='lat' dir='ltr'>Potius</span> <span class='ocrx_word' id='word_1_19' title='bbox 1368 964 1461 1030; x_wconf 90' lang='lat' dir='ltr'>credo</span> <span class='ocrx_word' id='word_1_20' title='bbox 1483 962 1658 1049; x_wconf 81' lang='lat' dir='ltr'>legendum</span> 
     </span>
     <span class='ocr_line' id='line_1_4' title="bbox 464 1069 1657 1158; baseline -0.004 -20"><span class='ocrx_word' id='word_1_21' title='bbox 464 1093 549 1138; x_wconf 89' lang='lat' dir='ltr'>esse:</span> <span class='ocrx_word' id='word_1_22' title='bbox 584 1075 661 1157; x_wconf 86' lang='lat' dir='ltr'>„qui</span> <span class='ocrx_word' id='word_1_23' title='bbox 692 1075 837 1137; x_wconf 90' lang='lat' dir='ltr'>animum</span> <span class='ocrx_word' id='word_1_24' title='bbox 868 1075 997 1158; x_wconf 82' lang='lat' dir='ltr'><strong>recipit,</strong></span> <span class='ocrx_word' id='word_1_25' title='bbox 1023 1073 1129 1138; x_wconf 90' lang='lat' dir='ltr'>sedem</span> <span class='ocrx_word' id='word_1_26' title='bbox 1154 1072 1306 1150; x_wconf 81' lang='lat' dir='ltr'>inentis&#39;&#39;,</span> <span class='ocrx_word' id='word_1_27' title='bbox 1331 1071 1370 1137; x_wconf 87' lang='lat' dir='ltr'>cf.</span> <span class='ocrx_word' id='word_1_28' title='bbox 1394 1069 1505 1137; x_wconf 85' lang='lat' dir='ltr'>Cicero</span> <span class='ocrx_word' id='word_1_29' title='bbox 1530 1069 1568 1134; x_wconf 92' lang='lat' dir='ltr'>de</span> <span class='ocrx_word' id='word_1_30' title='bbox 1591 1090 1657 1153; x_wconf 85' lang='lat' dir='ltr'>rep.</span> 
     </span>
     <span class='ocr_line' id='line_1_5' title="bbox 463 1173 1658 1263; baseline -0.005 -20"><span class='ocrx_word' id='word_1_31' title='bbox 463 1178 495 1243; x_wconf 90' lang='lat'>11</span> <span class='ocrx_word' id='word_1_32' title='bbox 520 1175 581 1242; x_wconf 83' lang='lat'>67:</span> <span class='ocrx_word' id='word_1_33' title='bbox 609 1198 711 1263; x_wconf 80' lang='lat' dir='ltr'>„quae</span> <span class='ocrx_word' id='word_1_34' title='bbox 734 1198 806 1262; x_wconf 88' lang='lat' dir='ltr'>pars</span> <span class='ocrx_word' id='word_1_35' title='bbox 830 1181 930 1243; x_wconf 92' lang='lat' dir='ltr'>animi</span> <span class='ocrx_word' id='word_1_36' title='bbox 950 1199 1039 1243; x_wconf 92' lang='lat' dir='ltr'>mens</span> <span class='ocrx_word' id='word_1_37' title='bbox 1062 1179 1227 1255; x_wconf 86' lang='lat' dir='ltr'>vocatur&#39;&#39;‚</span> <span class='ocrx_word' id='word_1_38' title='bbox 1250 1184 1283 1243; x_wconf 92' lang='lat' dir='ltr'>et</span> <span class='ocrx_word' id='word_1_39' title='bbox 1303 1198 1416 1256; x_wconf 79' lang='lat' dir='ltr'>„mens</span> <span class='ocrx_word' id='word_1_40' title='bbox 1437 1176 1559 1242; x_wconf 86' lang='lat' dir='ltr'>animi’&#39;</span> <span class='ocrx_word' id='word_1_41' title='bbox 1573 1173 1658 1260; x_wconf 90' lang='lat' dir='ltr'>apud</span> 
     </span>
     <span class='ocr_line' id='line_1_6' title="bbox 462 1282 965 1362; baseline 0.002 -16"><span class='ocrx_word' id='word_1_42' title='bbox 462 1282 629 1358; x_wconf 85' lang='lat' dir='ltr'>Plautum,</span> <span class='ocrx_word' id='word_1_43' title='bbox 654 1283 853 1362; x_wconf 83' lang='lat' dir='ltr'>Lucretium,</span> <span class='ocrx_word' id='word_1_44' title='bbox 877 1283 965 1348; x_wconf 89' lang='lat' dir='ltr'>alios.</span> 
     </span>
    </p>

    <p class='ocr_par' dir='ltr' id='par_1_3' title="bbox 465 1384 1661 1580">
     <span class='ocr_line' id='line_1_7' title="bbox 511 1384 1661 1473; baseline -0.003 -21"><span class='ocrx_word' id='word_1_45' title='bbox 511 1388 561 1452; x_wconf 86' lang='lat' dir='ltr'>Ad</span> <span class='ocrx_word' id='word_1_46' title='bbox 592 1388 651 1452; x_wconf 86' lang='lat' dir='ltr'>Ad.</span> <span class='ocrx_word' id='word_1_47' title='bbox 676 1387 724 1453; x_wconf 92' lang='grc' dir='ltr'>ΙΙΙ</span> <span class='ocrx_word' id='word_1_48' title='bbox 747 1388 836 1454; x_wconf 77' lang='lat' dir='ltr'>aad</span> <span class='ocrx_word' id='word_1_49' title='bbox 867 1388 1028 1454; x_wconf 80' lang='lat' dir='ltr'>Donatus:</span> <span class='ocrx_word' id='word_1_50' title='bbox 1063 1391 1226 1466; x_wconf 89' lang='lat' dir='ltr'>„animam</span> <span class='ocrx_word' id='word_1_51' title='bbox 1250 1388 1375 1473; x_wconf 85' lang='lat' dir='ltr'>recipe&#39;’</span> <span class='ocrx_word' id='word_1_52' title='bbox 1408 1389 1485 1473; x_wconf 90' lang='lat' dir='ltr'>quia</span> <span class='ocrx_word' id='word_1_53' title='bbox 1506 1384 1562 1451; x_wconf 92' lang='lat' dir='ltr'>ille</span> <span class='ocrx_word' id='word_1_54' title='bbox 1586 1405 1661 1469; x_wconf 92' lang='lat' dir='ltr'>prae</span> 
     </span>
     <span class='ocr_line' id='line_1_8' title="bbox 465 1495 1344 1580; baseline -0.003 -19"><span class='ocrx_word' id='word_1_55' title='bbox 465 1495 612 1561; x_wconf 78' lang='lat' dir='ltr'>anhelitu</span> <span class='ocrx_word' id='word_1_56' title='bbox 636 1496 794 1560; x_wconf 81' lang='lat' dir='ltr'>crebriora</span> <span class='ocrx_word' id='word_1_57' title='bbox 817 1495 914 1560; x_wconf 85' lang='lat' dir='ltr'>verba</span> <span class='ocrx_word' id='word_1_58' title='bbox 937 1498 1122 1561; x_wconf 87' lang='lat' dir='ltr'>continuare</span> <span class='ocrx_word' id='word_1_59' title='bbox 1147 1517 1208 1560; x_wconf 92' lang='lat' dir='ltr'>non</span> <span class='ocrx_word' id='word_1_60' title='bbox 1233 1497 1344 1580; x_wconf 82' lang='lat' dir='ltr'>possit.</span> 
     </span>
    </p>
   </div>
   <div class='ocr_carea' id='block_1_3' title="bbox 465 1673 1661 2081">
    <p class='ocr_par' dir='ltr' id='par_1_4' title="bbox 465 1673 1661 1868">
     <span class='ocr_line' id='line_1_9' title="bbox 509 1673 1661 1763; baseline -0.005 -20"><span class='ocrx_word' id='word_1_61' title='bbox 509 1677 553 1743; x_wconf 83' lang='lat' dir='ltr'>lv</span> <span class='ocrx_word' id='word_1_62' title='bbox 581 1677 642 1755; x_wconf 88' lang='lat'>1,3</span> <span class='ocrx_word' id='word_1_63' title='bbox 666 1675 711 1742; x_wconf 91' lang='lat' dir='ltr'>Ut</span> <span class='ocrx_word' id='word_1_64' title='bbox 734 1676 829 1741; x_wconf 90' lang='lat' dir='ltr'>malis</span> <span class='ocrx_word' id='word_1_65' title='bbox 851 1676 1015 1763; x_wconf 78' lang='lat' dir='ltr'>gaudeant</span> <span class='ocrx_word' id='word_1_66' title='bbox 1029 1683 1132 1762; x_wconf 86' lang='lat' dir='ltr'>atque</span> <span class='ocrx_word' id='word_1_67' title='bbox 1156 1698 1196 1742; x_wconf 80' lang='lat' dir='ltr'>ex</span> <span class='ocrx_word' id='word_1_68' title='bbox 1217 1675 1430 1741; x_wconf 79' lang='lat' dir='ltr'>incommodis</span> <span class='ocrx_word' id='word_1_69' title='bbox 1450 1673 1583 1740; x_wconf 87' lang='lat' dir='ltr'>alterius</span> <span class='ocrx_word' id='word_1_70' title='bbox 1602 1692 1661 1737; x_wconf 84' lang='lat' dir='ltr'>sua</span> 
     </span>
     <span class='ocr_line' id='line_1_10' title="bbox 465 1783 904 1868; baseline 0 -20"><span class='ocrx_word' id='word_1_71' title='bbox 465 1789 505 1848; x_wconf 91' lang='lat' dir='ltr'>ut</span> <span class='ocrx_word' id='word_1_72' title='bbox 528 1789 713 1868; x_wconf 86' lang='lat' dir='ltr'>comparent</span> <span class='ocrx_word' id='word_1_73' title='bbox 736 1783 904 1848; x_wconf 89' lang='lat' dir='ltr'>commoda</span> 
     </span>
    </p>

    <p class='ocr_par' dir='ltr' id='par_1_5' title="bbox 466 1885 1657 2081">
     <span class='ocr_line' id='line_1_11' title="bbox 512 1885 1657 1976; baseline -0.003 -23"><span class='ocrx_word' id='word_1_74' title='bbox 512 1888 592 1955; x_wconf 92' lang='lat' dir='ltr'>Don.</span> <span class='ocrx_word' id='word_1_75' title='bbox 624 1888 688 1967; x_wconf 80' lang='lat'>(2):</span> <span class='ocrx_word' id='word_1_76' title='bbox 721 1888 843 1975; x_wconf 78' lang='lat' dir='ltr'>legitur</span> <span class='ocrx_word' id='word_1_77' title='bbox 873 1896 905 1955; x_wconf 87' lang='lat' dir='ltr'>et</span> <span class='ocrx_word' id='word_1_78' title='bbox 937 1889 1119 1976; x_wconf 79' lang='lat' dir='ltr'>„gaudeat”</span> <span class='ocrx_word' id='word_1_79' title='bbox 1145 1896 1177 1955; x_wconf 97' lang='lat' dir='ltr'>et</span> <span class='ocrx_word' id='word_1_80' title='bbox 1203 1887 1420 1973; x_wconf 83' lang='lat' dir='ltr'>„comparet’&#39;.</span> <span class='ocrx_word' id='word_1_81' title='bbox 1476 1887 1567 1973; x_wconf 82' lang='lat' dir='ltr'>Mag.</span> <span class='ocrx_word' id='word_1_82' title='bbox 1592 1885 1657 1964; x_wconf 88' lang='lat'>(3):</span> 
     </span>
     <span class='ocr_line' id='line_1_12' title="bbox 466 1989 1598 2081; baseline -0.001 -22"><span class='ocrx_word' id='word_1_83' title='bbox 466 2016 527 2072; x_wconf 82' lang='lat' dir='ltr'>„ex</span> <span class='ocrx_word' id='word_1_84' title='bbox 549 1994 761 2060; x_wconf 86' lang='lat' dir='ltr'>incommodis</span> <span class='ocrx_word' id='word_1_85' title='bbox 784 1994 940 2060; x_wconf 88' lang='lat' dir='ltr'>alterius’&#39;</span> <span class='ocrx_word' id='word_1_86' title='bbox 964 2000 997 2060; x_wconf 92' lang='lat' dir='ltr'>et</span> <span class='ocrx_word' id='word_1_87' title='bbox 1020 1996 1072 2060; x_wconf 90' lang='lat' dir='ltr'>hic</span> <span class='ocrx_word' id='word_1_88' title='bbox 1097 1994 1279 2081; x_wconf 82' lang='lat' dir='ltr'>„gaudeat”</span> <span class='ocrx_word' id='word_1_89' title='bbox 1304 1989 1512 2059; x_wconf 76' lang='lat' dir='ltr'>subauditur!</span> <span class='ocrx_word' id='word_1_90' title='bbox 1545 1989 1598 2071; x_wconf 75' lang='lat'>(0)</span> 
     </span>
    </p>
   </div>
   <div class='ocr_carea' id='block_1_4' title="bbox 463 2174 1661 2568">
    <p class='ocr_par' dir='ltr' id='par_1_6' title="bbox 463 2174 1661 2568">
     <span class='ocr_line' id='line_1_13' title="bbox 512 2174 1659 2262; baseline 0.001 -25"><span class='ocrx_word' id='word_1_91' title='bbox 512 2174 555 2238; x_wconf 81' lang='lat'>24</span> <span class='ocrx_word' id='word_1_92' title='bbox 581 2175 673 2251; x_wconf 89' lang='lat' dir='ltr'>„Nisi</span> <span class='ocrx_word' id='word_1_93' title='bbox 697 2196 749 2240; x_wconf 92' lang='lat' dir='ltr'>me</span> <span class='ocrx_word' id='word_1_94' title='bbox 767 2175 918 2240; x_wconf 84' lang='lat' dir='ltr'>lactasses</span> <span class='ocrx_word' id='word_1_95' title='bbox 937 2177 1132 2241; x_wconf 87' lang='lat' dir='ltr'>amantem”.</span> <span class='ocrx_word' id='word_1_96' title='bbox 1168 2175 1258 2262; x_wconf 81' lang='lat' dir='ltr'>Mag.</span> <span class='ocrx_word' id='word_1_97' title='bbox 1278 2176 1344 2257; x_wconf 90' lang='lat' dir='ltr'>(l):</span> <span class='ocrx_word' id='word_1_98' title='bbox 1365 2177 1584 2261; x_wconf 85' lang='lat' dir='ltr'>produxisses,</span> <span class='ocrx_word' id='word_1_99' title='bbox 1606 2174 1659 2238; x_wconf 69' lang='lat' dir='ltr'>oia</span> 
     </span>
     <span class='ocr_line' id='line_1_14' title="bbox 463 2277 1661 2368; baseline 0.002 -24"><span class='ocrx_word' id='word_1_100' title='bbox 463 2280 631 2356; x_wconf 88' lang='lat' dir='ltr'>lectasses,</span> <span class='ocrx_word' id='word_1_101' title='bbox 652 2280 849 2359; x_wconf 85' lang='lat' dir='ltr'>induxisses,</span> <span class='ocrx_word' id='word_1_102' title='bbox 870 2302 950 2367; x_wconf 92' lang='lat' dir='ltr'>quae</span> <span class='ocrx_word' id='word_1_103' title='bbox 970 2282 1163 2368; x_wconf 79' lang='lat' dir='ltr'>significatio</span> <span class='ocrx_word' id='word_1_104' title='bbox 1178 2281 1419 2347; x_wconf 83' lang='lat' dir='ltr'>frustrationem</span> <span class='ocrx_word' id='word_1_105' title='bbox 1432 2282 1581 2347; x_wconf 89' lang='lat' dir='ltr'>ostendit.</span> <span class='ocrx_word' id='word_1_106' title='bbox 1607 2277 1661 2360; x_wconf 85' lang='lat' dir='ltr'>(G)</span> 
     </span>
     <span class='ocr_line' id='line_1_15' title="bbox 464 2384 1659 2473; baseline 0 -23"><span class='ocrx_word' id='word_1_107' title='bbox 464 2385 546 2451; x_wconf 93' lang='lat' dir='ltr'>Don.</span> <span class='ocrx_word' id='word_1_108' title='bbox 580 2386 644 2464; x_wconf 83' lang='grc'>(2);</span> <span class='ocrx_word' id='word_1_109' title='bbox 676 2386 837 2452; x_wconf 89' lang='lat' dir='ltr'>lactare</span> <span class='ocrx_word' id='word_1_110' title='bbox 860 2395 909 2453; x_wconf 94' lang='lat' dir='ltr'>est</span> <span class='ocrx_word' id='word_1_111' title='bbox 932 2388 1081 2453; x_wconf 91' lang='lat' dir='ltr'>inducere</span> <span class='ocrx_word' id='word_1_112' title='bbox 1105 2391 1139 2452; x_wconf 90' lang='lat' dir='ltr'>in</span> <span class='ocrx_word' id='word_1_113' title='bbox 1164 2386 1306 2473; x_wconf 88' lang='lat' dir='ltr'>aliquam</span> <span class='ocrx_word' id='word_1_114' title='bbox 1330 2386 1549 2464; x_wconf 88' lang='lat' dir='ltr'>voluntatem,</span> <span class='ocrx_word' id='word_1_115' title='bbox 1573 2407 1592 2450; x_wconf 89' lang='lat' dir='ltr'>a</span> <span class='ocrx_word' id='word_1_116' title='bbox 1614 2384 1659 2450; x_wconf 89' lang='lat' dir='ltr'>la-</span> 
     </span>
     <span class='ocr_line' id='line_1_16' title="bbox 465 2491 1090 2568; baseline 0.003 -12"><span class='ocrx_word' id='word_1_117' title='bbox 465 2491 594 2568; x_wconf 87' lang='lat' dir='ltr'>ciendo,</span> <span class='ocrx_word' id='word_1_118' title='bbox 619 2492 702 2556; x_wconf 92' lang='lat' dir='ltr'>unde</span> <span class='ocrx_word' id='word_1_119' title='bbox 725 2499 756 2557; x_wconf 90' lang='lat' dir='ltr'>et</span> <span class='ocrx_word' id='word_1_120' title='bbox 780 2491 937 2559; x_wconf 86' lang='lat' dir='ltr'>oblectare</span> <span class='ocrx_word' id='word_1_121' title='bbox 962 2493 1090 2559; x_wconf 90' lang='lat' dir='ltr'>dicitur.</span> 
     </span>
    </p>
   </div>
   <div class='ocr_carea' id='block_1_5' title="bbox 462 2657 1660 3486">
    <p class='ocr_par' dir='ltr' id='par_1_7' title="bbox 462 2657 1660 3171">
     <span class='ocr_line' id='line_1_17' title="bbox 512 2657 1658 2743; baseline 0 -22"><span class='ocrx_word' id='word_1_122' title='bbox 512 2657 555 2722; x_wconf 88' lang='grc'>39</span> <span class='ocrx_word' id='word_1_123' title='bbox 581 2659 712 2735; x_wconf 84' lang='lat' dir='ltr'>„Davus</span> <span class='ocrx_word' id='word_1_124' title='bbox 734 2660 949 2725; x_wconf 88' lang='lat' dir='ltr'>interturbat’&#39;</span> <span class='ocrx_word' id='word_1_125' title='bbox 967 2661 1000 2740; x_wconf 88' lang='lat'>¹).</span> <span class='ocrx_word' id='word_1_126' title='bbox 1036 2661 1116 2726; x_wconf 93' lang='lat' dir='ltr'>Don.</span> <span class='ocrx_word' id='word_1_127' title='bbox 1143 2660 1208 2741; x_wconf 85' lang='lat'><strong>(3):</strong></span> <span class='ocrx_word' id='word_1_128' title='bbox 1233 2668 1261 2725; x_wconf 81' lang='lat' dir='ltr'>et</span> <span class='ocrx_word' id='word_1_129' title='bbox 1286 2660 1411 2738; x_wconf 88' lang='lat' dir='ltr'>„inter”</span> <span class='ocrx_word' id='word_1_130' title='bbox 1435 2658 1529 2724; x_wconf 93' lang='lat' dir='ltr'>modo</span> <span class='ocrx_word' id='word_1_131' title='bbox 1547 2664 1571 2734; x_wconf 83' lang='lat'>†</span> <span class='ocrx_word' id='word_1_132' title='bbox 1590 2679 1658 2743; x_wconf 85' lang='lat' dir='ltr'>pro</span> 
     </span>
     <span class='ocr_line' id='line_1_18' title="bbox 463 2763 1660 2851; baseline -0.001 -23"><span class='ocrx_word' id='word_1_133' title='bbox 463 2766 634 2829; x_wconf 86' lang='lat' dir='ltr'>nuntiabat</span> <span class='ocrx_word' id='word_1_134' title='bbox 657 2765 792 2830; x_wconf 89' lang='lat' dir='ltr'>habetur</span> <span class='ocrx_word' id='word_1_135' title='bbox 815 2766 1006 2851; x_wconf 82' lang='lat' dir='ltr'>significatio</span> <span class='ocrx_word' id='word_1_136' title='bbox 1029 2774 1070 2844; x_wconf 85' lang='lat'>†;</span> <span class='ocrx_word' id='word_1_137' title='bbox 1096 2774 1144 2832; x_wconf 91' lang='lat' dir='ltr'>est</span> <span class='ocrx_word' id='word_1_138' title='bbox 1167 2769 1252 2832; x_wconf 90' lang='lat' dir='ltr'>enim</span> <span class='ocrx_word' id='word_1_139' title='bbox 1277 2770 1405 2832; x_wconf 87' lang='lat' dir='ltr'>auctiva</span> <span class='ocrx_word' id='word_1_140' title='bbox 1428 2763 1601 2851; x_wconf 87' lang='lat' dir='ltr'>particula,</span> <span class='ocrx_word' id='word_1_141' title='bbox 1622 2768 1660 2827; x_wconf 90' lang='lat' dir='ltr'>ut</span> 
     </span>
     <span class='ocr_line' id='line_1_19' title="bbox 465 2869 1657 2958; baseline 0 -23"><span class='ocrx_word' id='word_1_142' title='bbox 465 2872 691 2948; x_wconf 85' lang='lat' dir='ltr'>„interfectus,</span> <span class='ocrx_word' id='word_1_143' title='bbox 722 2873 958 2958; x_wconf 88' lang='lat' dir='ltr'>interemptus”</span> <span class='ocrx_word' id='word_1_144' title='bbox 990 2872 1111 2952; x_wconf 86' lang='lat' dir='ltr'>(Pleut.</span> <span class='ocrx_word' id='word_1_145' title='bbox 1144 2872 1243 2938; x_wconf 85' lang='lat' dir='ltr'>Mero.</span> <span class='ocrx_word' id='word_1_146' title='bbox 1267 2871 1294 2937; x_wconf 78' lang='lat' dir='ltr'><strong>V</strong></span> <span class='ocrx_word' id='word_1_147' title='bbox 1320 2872 1408 2952; x_wconf 89' lang='grc'><strong>1.4).</strong></span> <span class='ocrx_word' id='word_1_148' title='bbox 1468 2871 1558 2956; x_wconf 81' lang='lat' dir='ltr'>Mag.</span> <span class='ocrx_word' id='word_1_149' title='bbox 1591 2869 1657 2950; x_wconf 71' lang='lat' dir='ltr'>(l):</span> 
     </span>
     <span class='ocr_line' id='line_1_20' title="bbox 462 2977 1656 3065; baseline -0.003 -22"><span class='ocrx_word' id='word_1_150' title='bbox 462 2977 516 3043; x_wconf 83' lang='lat' dir='ltr'>vel</span> <span class='ocrx_word' id='word_1_151' title='bbox 543 2979 668 3054; x_wconf 86' lang='lat' dir='ltr'>„inter”</span> <span class='ocrx_word' id='word_1_152' title='bbox 693 2979 788 3045; x_wconf 92' lang='lat' dir='ltr'>modo</span> <span class='ocrx_word' id='word_1_153' title='bbox 807 3001 864 3064; x_wconf 93' lang='lat' dir='ltr'>pro</span> <span class='ocrx_word' id='word_1_154' title='bbox 884 3001 970 3065; x_wconf 87' lang='lat' dir='ltr'>per,</span> <span class='ocrx_word' id='word_1_155' title='bbox 992 2986 1028 3045; x_wconf 89' lang='lat' dir='ltr'>ut</span> <span class='ocrx_word' id='word_1_156' title='bbox 1040 2979 1112 3045; x_wconf 90' lang='lat' dir='ltr'>ille:</span> <span class='ocrx_word' id='word_1_157' title='bbox 1136 2981 1243 3057; x_wconf 89' lang='lat' dir='ltr'>„hunc</span> <span class='ocrx_word' id='word_1_158' title='bbox 1262 2982 1347 3044; x_wconf 89' lang='lat' dir='ltr'>inter</span> <span class='ocrx_word' id='word_1_159' title='bbox 1366 2979 1467 3045; x_wconf 84' lang='lat' dir='ltr'>fluvio</span> <span class='ocrx_word' id='word_1_160' title='bbox 1487 2977 1656 3043; x_wconf 79' lang='lat' dir='ltr'>Tiberinus</span> 
     </span>
     <span class='ocr_line' id='line_1_21' title="bbox 463 3084 1477 3171; baseline 0.001 -23"><span class='ocrx_word' id='word_1_161' title='bbox 463 3084 618 3149; x_wconf 88' lang='lat' dir='ltr'>arnoeno”</span> <span class='ocrx_word' id='word_1_162' title='bbox 642 3106 669 3149; x_wconf 92' lang='lat' dir='ltr'>e.</span> <span class='ocrx_word' id='word_1_163' title='bbox 683 3107 713 3170; x_wconf 92' lang='lat' dir='ltr'>q.</span> <span class='ocrx_word' id='word_1_164' title='bbox 727 3107 751 3150; x_wconf 90' lang='lat' dir='ltr'>s.</span> <span class='ocrx_word' id='word_1_165' title='bbox 776 3087 868 3165; x_wconf 84' lang='lat' dir='ltr'>(Aen.</span> <span class='ocrx_word' id='word_1_166' title='bbox 892 3084 952 3149; x_wconf 81' lang='lat' dir='ltr'>VII</span> <span class='ocrx_word' id='word_1_167' title='bbox 975 3085 1042 3165; x_wconf 88' lang='lat'>30).</span> <span class='ocrx_word' id='word_1_168' title='bbox 1089 3085 1286 3171; x_wconf 78' lang='lat' dir='ltr'>Exemplum</span> <span class='ocrx_word' id='word_1_169' title='bbox 1309 3084 1477 3151; x_wconf 88' lang='lat' dir='ltr'>claudicat.</span> 
     </span>
    </p>

    <p class='ocr_par' dir='ltr' id='par_1_8' title="bbox 462 3188 1659 3486">
     <span class='ocr_line' id='line_1_22' title="bbox 510 3188 1657 3277; baseline -0.003 -22"><span class='ocrx_word' id='word_1_170' title='bbox 510 3188 669 3274; x_wconf 79' lang='lat' dir='ltr'>Corrupto</span> <span class='ocrx_word' id='word_1_171' title='bbox 691 3190 810 3256; x_wconf 89' lang='lat' dir='ltr'>Donati</span> <span class='ocrx_word' id='word_1_172' title='bbox 833 3192 930 3257; x_wconf 78' lang='lat' dir='ltr'>rerba</span> <span class='ocrx_word' id='word_1_173' title='bbox 952 3213 1015 3257; x_wconf 89' lang='lat' dir='ltr'>non</span> <span class='ocrx_word' id='word_1_174' title='bbox 1039 3190 1122 3258; x_wconf 91' lang='lat' dir='ltr'>male</span> <span class='ocrx_word' id='word_1_175' title='bbox 1148 3192 1197 3258; x_wconf 91' lang='lat' dir='ltr'>W.</span> <span class='ocrx_word' id='word_1_176' title='bbox 1221 3194 1268 3257; x_wconf 89' lang='lat' dir='ltr'>ita</span> <span class='ocrx_word' id='word_1_177' title='bbox 1291 3191 1479 3277; x_wconf 81' lang='lat' dir='ltr'>corrigenda</span> <span class='ocrx_word' id='word_1_178' title='bbox 1503 3209 1570 3254; x_wconf 92' lang='lat' dir='ltr'>esse</span> <span class='ocrx_word' id='word_1_179' title='bbox 1588 3208 1657 3253; x_wconf 92' lang='lat' dir='ltr'>cen-</span> 
     </span>
     <span class='ocr_line' id='line_1_23' title="bbox 462 3297 1659 3384; baseline -0.002 -25"><span class='ocrx_word' id='word_1_180' title='bbox 462 3297 547 3359; x_wconf 91' lang='lat' dir='ltr'>suit:</span> <span class='ocrx_word' id='word_1_181' title='bbox 582 3299 790 3380; x_wconf 86' lang='lat' dir='ltr'>‚‚pronuntia,</span> <span class='ocrx_word' id='word_1_182' title='bbox 822 3303 860 3361; x_wconf 90' lang='lat' dir='ltr'>ut</span> <span class='ocrx_word' id='word_1_183' title='bbox 884 3297 1057 3363; x_wconf 83' lang='lat' dir='ltr'>adiuvetur</span> <span class='ocrx_word' id='word_1_184' title='bbox 1080 3297 1305 3384; x_wconf 82' lang='lat' dir='ltr'>significatio&#39;’,</span> <span class='ocrx_word' id='word_1_185' title='bbox 1330 3299 1393 3362; x_wconf 91' lang='lat' dir='ltr'>nisi</span> <span class='ocrx_word' id='word_1_186' title='bbox 1415 3299 1573 3381; x_wconf 85' lang='lat' dir='ltr'>praestat:</span> <span class='ocrx_word' id='word_1_187' title='bbox 1599 3299 1659 3371; x_wconf 84' lang='lat' dir='ltr'>„ut</span> 
     </span>
     <span class='ocr_line' id='line_1_24' title="bbox 465 3399 797 3486; baseline 0.006 -20"><span class='ocrx_word' id='word_1_188' title='bbox 465 3407 626 3486; x_wconf 82' lang='lat' dir='ltr'>augeatur</span> <span class='ocrx_word' id='word_1_189' title='bbox 649 3401 708 3468; x_wconf 90' lang='lat' dir='ltr'>s.&#39;&#39;.</span> <span class='ocrx_word' id='word_1_190' title='bbox 744 3399 797 3482; x_wconf 84' lang='lat' dir='ltr'>(G)</span> 
     </span>
    </p>
   </div>
   <div class='ocr_carea' id='block_1_6' title="bbox 466 3565 1657 3867">
    <p class='ocr_par' dir='ltr' id='par_1_9' title="bbox 466 3565 1657 3867">
     <span class='ocr_line' id='line_1_25' title="bbox 513 3565 1603 3653; baseline -0.002 -23"><span class='ocrx_word' id='word_1_191' title='bbox 513 3565 557 3631; x_wconf 83' lang='lat' dir='ltr'>IV</span> <span class='ocrx_word' id='word_1_192' title='bbox 580 3566 646 3632; x_wconf 80' lang='grc'>2.9</span> <span class='ocrx_word' id='word_1_193' title='bbox 678 3568 764 3653; x_wconf 80' lang='lat' dir='ltr'>Age,</span> <span class='ocrx_word' id='word_1_194' title='bbox 790 3570 817 3632; x_wconf 89' lang='lat' dir='ltr'>si</span> <span class='ocrx_word' id='word_1_195' title='bbox 841 3570 892 3633; x_wconf 95' lang='lat' dir='ltr'>hic</span> <span class='ocrx_word' id='word_1_196' title='bbox 917 3591 979 3634; x_wconf 90' lang='lat' dir='ltr'>non</span> <span class='ocrx_word' id='word_1_197' title='bbox 1003 3572 1122 3634; x_wconf 90' lang='lat' dir='ltr'>insanit</span> <span class='ocrx_word' id='word_1_198' title='bbox 1146 3570 1222 3634; x_wconf 86' lang='lat' dir='ltr'>satis</span> <span class='ocrx_word' id='word_1_199' title='bbox 1245 3589 1303 3633; x_wconf 89' lang='lat' dir='ltr'>sua</span> <span class='ocrx_word' id='word_1_200' title='bbox 1326 3575 1457 3652; x_wconf 86' lang='lat' dir='ltr'>sponte,</span> <span class='ocrx_word' id='word_1_201' title='bbox 1482 3567 1603 3650; x_wconf 80' lang='lat' dir='ltr'>instiga</span> 
     </span>
     <span class='ocr_line' id='line_1_26' title="bbox 511 3669 1657 3760; baseline -0.003 -24"><span class='ocrx_word' id='word_1_202' title='bbox 511 3673 588 3737; x_wconf 89' lang='lat' dir='ltr'>Post</span> <span class='ocrx_word' id='word_1_203' title='bbox 610 3672 790 3759; x_wconf 82' lang='lat' dir='ltr'>elegantem</span> <span class='ocrx_word' id='word_1_204' title='bbox 814 3674 933 3740; x_wconf 91' lang='lat' dir='ltr'>Donati</span> <span class='ocrx_word' id='word_1_205' title='bbox 955 3677 1252 3760; x_wconf 88' lang='lat' dir='ltr'>interpretationem</span> <span class='ocrx_word' id='word_1_206' title='bbox 1275 3674 1325 3753; x_wconf 90' lang='lat' dir='ltr'>(l)</span> <span class='ocrx_word' id='word_1_207' title='bbox 1348 3675 1504 3759; x_wconf 78' lang='lat' dir='ltr'>magister</span> <span class='ocrx_word' id='word_1_208' title='bbox 1526 3673 1572 3736; x_wconf 90' lang='lat' dir='ltr'>ita</span> <span class='ocrx_word' id='word_1_209' title='bbox 1590 3669 1657 3751; x_wconf 84' lang='lat'>(2):</span> 
     </span>
     <span class='ocr_line' id='line_1_27' title="bbox 466 3777 1467 3867; baseline 0 -23"><span class='ocrx_word' id='word_1_210' title='bbox 466 3787 540 3855; x_wconf 89' lang='lat' dir='ltr'>aut,</span> <span class='ocrx_word' id='word_1_211' title='bbox 565 3782 591 3843; x_wconf 91' lang='lat' dir='ltr'>si</span> <span class='ocrx_word' id='word_1_212' title='bbox 616 3780 759 3864; x_wconf 88' lang='lat' dir='ltr'>poenitet</span> <span class='ocrx_word' id='word_1_213' title='bbox 781 3788 831 3857; x_wconf 83' lang='lat' dir='ltr'>te,</span> <span class='ocrx_word' id='word_1_214' title='bbox 856 3787 1013 3867; x_wconf 87' lang='lat' dir='ltr'>quantum</span> <span class='ocrx_word' id='word_1_215' title='bbox 1036 3802 1095 3847; x_wconf 88' lang='lat' dir='ltr'>sua</span> <span class='ocrx_word' id='word_1_216' title='bbox 1118 3787 1229 3867; x_wconf 89' lang='lat' dir='ltr'>sponte</span> <span class='ocrx_word' id='word_1_217' title='bbox 1253 3783 1381 3846; x_wconf 90' lang='lat' dir='ltr'>insanit.</span> <span class='ocrx_word' id='word_1_218' title='bbox 1414 3777 1467 3858; x_wconf 82' lang='lat' dir='ltr'>(G)</span> 
     </span>
    </p>
   </div>
   <div class='ocr_carea' id='block_1_7' title="bbox 463 3961 1659 4150">
    <p class='ocr_par' dir='ltr' id='par_1_10' title="bbox 463 3961 1659 4150">
     <span class='ocr_line' id='line_1_28' title="bbox 513 3961 1659 4051; baseline -0.003 -25"><span class='ocrx_word' id='word_1_219' title='bbox 513 3962 556 4026; x_wconf 84' lang='lat'>23</span> <span class='ocrx_word' id='word_1_220' title='bbox 580 3961 725 4027; x_wconf 89' lang='lat' dir='ltr'>Donatus</span> <span class='ocrx_word' id='word_1_221' title='bbox 748 3969 833 4028; x_wconf 90' lang='lat' dir='ltr'>recte</span> <span class='ocrx_word' id='word_1_222' title='bbox 857 3964 923 4043; x_wconf 86' lang='lat' dir='ltr'>(l):</span> <span class='ocrx_word' id='word_1_223' title='bbox 951 3963 1041 4042; x_wconf 84' lang='lat' dir='ltr'>„Ne”</span> <span class='ocrx_word' id='word_1_224' title='bbox 1064 3986 1122 4051; x_wconf 93' lang='lat' dir='ltr'>pro</span> <span class='ocrx_word' id='word_1_225' title='bbox 1146 3964 1274 4029; x_wconf 91' lang='lat' dir='ltr'>nedum.</span> <span class='ocrx_word' id='word_1_226' title='bbox 1332 3962 1422 4049; x_wconf 83' lang='lat' dir='ltr'>Mag.</span> <span class='ocrx_word' id='word_1_227' title='bbox 1447 3962 1512 4041; x_wconf 82' lang='lat'>(2):</span> <span class='ocrx_word' id='word_1_228' title='bbox 1533 3967 1587 4023; x_wconf 79' lang='lat' dir='ltr'>out</span> <span class='ocrx_word' id='word_1_229' title='bbox 1606 3961 1659 4023; x_wconf 68' lang='lat' dir='ltr'>ad</span> 
     </span>
     <span class='ocr_line' id='line_1_29' title="bbox 463 4064 1464 4150; baseline 0.003 -19"><span class='ocrx_word' id='word_1_230' title='bbox 463 4067 595 4132; x_wconf 78' lang='lat' dir='ltr'>corbium</span> <span class='ocrx_word' id='word_1_231' title='bbox 612 4068 813 4150; x_wconf 69' lang='lat' dir='ltr'>prohibentis,</span> <span class='ocrx_word' id='word_1_232' title='bbox 837 4077 871 4134; x_wconf 79' lang='lat' dir='ltr'>ct</span> <span class='ocrx_word' id='word_1_233' title='bbox 893 4071 934 4134; x_wconf 78' lang='lat' dir='ltr'>eit</span> <span class='ocrx_word' id='word_1_234' title='bbox 958 4071 1037 4149; x_wconf 81' lang='lat' dir='ltr'>„ne”</span> <span class='ocrx_word' id='word_1_235' title='bbox 1062 4093 1130 4136; x_wconf 78' lang='lat' dir='ltr'>oon.</span> <span class='ocrx_word' id='word_1_236' title='bbox 1179 4070 1313 4135; x_wconf 81' lang='lat' dir='ltr'>Notavit</span> <span class='ocrx_word' id='word_1_237' title='bbox 1337 4068 1387 4134; x_wconf 89' lang='lat' dir='ltr'>W.</span> <span class='ocrx_word' id='word_1_238' title='bbox 1411 4064 1464 4148; x_wconf 83' lang='grc' dir='ltr'>(Ο)</span> 
     </span>
    </p>
   </div>
   <div class='ocr_carea' id='block_1_8' title="bbox 466 4235 1661 4513">
    <p class='ocr_par' dir='ltr' id='par_1_11' title="bbox 466 4235 1661 4513">
     <span class='ocr_line' id='line_1_30' title="bbox 511 4235 1295 4304; baseline 0.001 -4"><span class='ocrx_word' id='word_1_239' title='bbox 511 4235 555 4300; x_wconf 89' lang='lat' dir='ltr'>IV</span> <span class='ocrx_word' id='word_1_240' title='bbox 580 4235 611 4301; x_wconf 86' lang='lat'>3.</span> <span class='ocrx_word' id='word_1_241' title='bbox 628 4236 666 4300; x_wconf 93' lang='grc'>11</span> <span class='ocrx_word' id='word_1_242' title='bbox 700 4237 745 4301; x_wconf 80' lang='lat' dir='ltr'>Ex</span> <span class='ocrx_word' id='word_1_243' title='bbox 771 4258 825 4303; x_wconf 89' lang='lat' dir='ltr'>ara</span> <span class='ocrx_word' id='word_1_244' title='bbox 848 4238 922 4302; x_wconf 88' lang='lat' dir='ltr'>hinc</span> <span class='ocrx_word' id='word_1_245' title='bbox 945 4260 1037 4303; x_wconf 91' lang='lat' dir='ltr'>sume</span> <span class='ocrx_word' id='word_1_246' title='bbox 1061 4239 1214 4304; x_wconf 87' lang='lat' dir='ltr'>verbenas</span> <span class='ocrx_word' id='word_1_247' title='bbox 1237 4239 1295 4302; x_wconf 89' lang='lat' dir='ltr'>tibi</span> 
     </span>
     <span class='ocr_line' id='line_1_31' title="bbox 511 4342 1661 4430; baseline -0.001 -24"><span class='ocrx_word' id='word_1_248' title='bbox 511 4342 593 4408; x_wconf 89' lang='lat' dir='ltr'>Don.</span> <span class='ocrx_word' id='word_1_249' title='bbox 618 4342 684 4423; x_wconf 86' lang='lat' dir='ltr'>(l):</span> <span class='ocrx_word' id='word_1_250' title='bbox 709 4364 749 4408; x_wconf 84' lang='lat' dir='ltr'>ex</span> <span class='ocrx_word' id='word_1_251' title='bbox 774 4344 870 4420; x_wconf 87' lang='lat' dir='ltr'>„ara”</span> <span class='ocrx_word' id='word_1_252' title='bbox 895 4342 1054 4429; x_wconf 87' lang='lat' dir='ltr'>Apollinis</span> <span class='ocrx_word' id='word_1_253' title='bbox 1072 4343 1209 4422; x_wconf 86' lang='lat' dir='ltr'>scilicet,</span> <span class='ocrx_word' id='word_1_254' title='bbox 1230 4365 1328 4430; x_wconf 89' lang='lat' dir='ltr'>quam</span> <span class='ocrx_word' id='word_1_255' title='bbox 1349 4344 1510 4421; x_wconf 72' lang='grc' dir='ltr'><em>’Λγυιαῖον</em></span> <span class='ocrx_word' id='word_1_256' title='bbox 1530 4342 1661 4407; x_wconf 90' lang='lat' dir='ltr'>Menan·</span> 
     </span>
     <span class='ocr_line' id='line_1_32' title="bbox 466 4448 650 4513; baseline 0.005 -1"><span class='ocrx_word' id='word_1_257' title='bbox 466 4448 523 4513; x_wconf 93' lang='lat' dir='ltr'>der</span> <span class='ocrx_word' id='word_1_258' title='bbox 546 4454 650 4513; x_wconf 89' lang='lat' dir='ltr'>vocat.</span> 
     </span>
    </p>
   </div>
   <div class='ocr_carea' id='block_1_9' title="bbox 467 4722 1662 4854">
    <p class='ocr_par' dir='ltr' id='par_1_12' title="bbox 467 4722 1662 4854">
     <span class='ocr_line' id='line_1_33' title="bbox 502 4722 1662 4792; baseline 0.004 -22"><span class='ocrx_word' id='word_1_259' title='bbox 502 4724 528 4781; x_wconf 87' lang='lat'>1)</span> <span class='ocrx_word' id='word_1_260' title='bbox 547 4722 582 4770; x_wconf 89' lang='lat' dir='ltr'>De</span> <span class='ocrx_word' id='word_1_261' title='bbox 600 4722 711 4785; x_wconf 71' lang='lat' dir='ltr'>ambigua</span> <span class='ocrx_word' id='word_1_262' title='bbox 729 4724 800 4772; x_wconf 81' lang='lat' dir='ltr'>huius</span> <span class='ocrx_word' id='word_1_263' title='bbox 817 4739 898 4772; x_wconf 83' lang='lat' dir='ltr'>verens</span> <span class='ocrx_word' id='word_1_264' title='bbox 915 4723 1017 4773; x_wconf 86' lang='lat' dir='ltr'>lectione</span> <span class='ocrx_word' id='word_1_265' title='bbox 1034 4724 1088 4773; x_wconf 81' lang='lat' dir='ltr'>vide</span> <span class='ocrx_word' id='word_1_266' title='bbox 1106 4724 1329 4791; x_wconf 80' lang='lat' dir='ltr'>Umpienbeoh.</span> <span class='ocrx_word' id='word_1_267' title='bbox 1358 4728 1416 4775; x_wconf 84' lang='lat' dir='ltr'>Mox</span> <span class='ocrx_word' id='word_1_268' title='bbox 1433 4727 1461 4775; x_wconf 83' lang='lat' dir='ltr'>de</span> <span class='ocrx_word' id='word_1_269' title='bbox 1478 4726 1572 4775; x_wconf 74' lang='lat' dir='ltr'>auctiva</span> <span class='ocrx_word' id='word_1_270' title='bbox 1589 4726 1662 4792; x_wconf 86' lang='lat' dir='ltr'>parti·</span> 
     </span>
     <span class='ocr_line' id='line_1_34' title="bbox 467 4803 762 4854; baseline 0.003 -1"><span class='ocrx_word' id='word_1_271' title='bbox 467 4804 521 4854; x_wconf 76' lang='lat' dir='ltr'>onis</span> <span class='ocrx_word' id='word_1_272' title='bbox 539 4805 620 4854; x_wconf 80' lang='lat' dir='ltr'>confer</span> <span class='ocrx_word' id='word_1_273' title='bbox 637 4803 671 4852; x_wconf 91' lang='lat' dir='ltr'>1v</span> <span class='ocrx_word' id='word_1_274' title='bbox 688 4806 711 4854; x_wconf 79' lang='grc'>2.</span> <span class='ocrx_word' id='word_1_275' title='bbox 723 4806 762 4854; x_wconf 91' lang='lat'>11.</span> 
     </span>
    </p>
   </div>
   <div class='ocr_carea' id='block_1_10' title="bbox 0 0 2268 5942">
    <p class='ocr_par' dir='ltr' id='par_1_13' title="bbox 0 0 2268 5942">
     <span class='ocr_line' id='line_1_35' title="bbox 0 0 2268 5942; baseline 0 0"><span class='ocrx_word' id='word_1_276' title='bbox 0 0 2268 5942; x_wconf 95' lang='lat' dir='ltr'> </span> 
     </span>
    </p>
   </div>
  </div>
 </body>
</html>
