4525 5950
648 698 693 765 86
1088 717 1410 766 ossmrsrmncum

646 881 765 947 dieitur
791 883 987 959 ιὶΦίστισίοι
1009 880 1033 962 1)
1064 885 1134 947 sive
1164 881 1312 962 παρέχειν
1325 881 1362 962 ²),
1394 905 1452 949 nec
1483 882 1570 948 tollit
1599 881 1714 948 luendi
1742 879 1843 946 fecul-

648 986 798 1068 tetem³).
830 988 899 1069 Quo
931 991 1069 1074 pertinet
1103 987 1276 1053 Alexandri
1307 1010 1333 1054 c.
1361 989 1377 1052 l
1403 986 1439 1055 Ο.
1464 988 1496 1054 8.
1511 989 1554 1054 34
1577 988 1660 1069 (35),
1686 1008 1770 1073 ques
1794 986 1843 1051 de

647 1102 819 1173 monstret,
839 1117 902 1161 non
919 1117 994 1160 eum
1008 1099 1119 1181 utique
1130 1099 1325 1160 contraxisse
1337 1096 1440 1161 sideri
1451 1096 1559 1182 legem
1570 1097 1843 1169 commissorism,

648 1203 826 1287 quipoetico
850 1209 909 1280 est,
943 1203 1005 1266 sbi
1029 1203 1112 1265 ι’νιίιο
1137 1209 1245 1265 σιτίοισι
1270 1209 1382 1284 tempere
1404 1205 1577 1284 pecuniam,
1602 1225 1691 1288 quare
1713 1208 1843 1264 αιιίοισι
1883 1244 1884 1249 1

647 1308 771 1390 occepit,
794 1308 930 1385 solveret,
954 1331 1102 1372 σοιιιιτιινι
1114 1305 1141 1387 ⁴)
1164 1308 1371 1386 creditoribus,
1391 1310 1425 1375 id
1444 1317 1494 1375 est
1511 1311 1758 1382 ιὶσοστήοεσίιιι.
1782 1306 1843 1371 Its
1882 1334 1884 1395 j

647 1435 709 1501 que
732 1413 876 1479 multum
897 1418 1047 1491 interest,
1071 1422 1185 1479 utrum
1203 1419 1375 1480 commisse
1393 1419 1436 1480 sit
1456 1419 1601 1502 pignoris
1618 1419 1690 1480 sive
1709 1413 1844 1478 fiduciae

648 1523 820 1607 possessio,
861 1541 901 1585 an
940 1519 1049 1585 luendi
1089 1521 1234 1586 incultos.
1275 1521 1364 1587 Haec
1398 1531 1526 1601 eutem,
1544 1524 1619 1587 ·ubi
1652 1528 1760 1586 cesset
1796 1518 1845 1585 lex

649 1628 882 1703 commissoris,
913 1634 989 1692 tuuc
1021 1628 1152 1693 demum
1181 1626 1325 1705 tolletur,
1351 1650 1451 1714 quum
1475 1629 1612 1694 creditor
1634 1649 1675 1693 ex
1699 1630 1845 1713 pectione

650 1735 720 1798 sive
750 1736 870 1819 pignus
900 1736 969 1798 sive
1000 1732 1152 1799 fiduciam
1184 1733 1363 1799 vendiderit
1375 1733 1401 1814 ³)
1408 1756 1417 1813 ;
1450 1735 1534 1820 quod
1564 1737 1636 1799 inre
1659 1731 1789 1800 Gmeeo
1812 1732 1845 1796 lit

651 1837 814 1915 similiter,
838 1838 934 1924 idque
957 1839 1196 1905 demonstretur
1220 1843 1362 1905 cretione
1385 1850 1494 1906 contre
1518 1842 1716 1926 Apaturium
1730 1838 1771 1919 ⁶),
1793 1839 1847 1903 ubi

649 1945 768 2010 dicitur
797 1951 852 2016 τῆν
876 1949 949 2008 νοῦν
973 1947 1230 2025 (spondebas),
1256 1949 1312 2030 qui
1335 1945 1554 2012 venditionem
1577 1950 1648 2011 eius
1670 1948 1770 2010 nevis
1794 1966 1846 2030 per

650 2051 840 2117 creditorem
863 2072 974 2137 pessus
998 2060 1081 2117 esset
1096 2050 1130 2131 τ).
1156 2051 1267 2138 Neque
1290 2074 1371 2138 opus
1394 2053 1501 2118 ested
1520 2056 1605 2118 vites
1623 2053 1846 2137 sophistarum

649 2179 823 2244 provocem
834 2156 872 2237 ⁸),
895 2165 934 2223 nt
956 2158 1193 2225 demonstretur
1216 2163 1314 2225 etiem
1338 2163 1409 2224 iure
1432 2157 1554 2225 Graeco
1576 2159 1753 2225 creditores
1773 2158 1847 2224 fidu·

650 2267 715 2331 cites
745 2272 888 2350 acceptes
919 2286 959 2330 ex
986 2268 1131 2350 pectione
1154 2265 1290 2331 vendere
1313 2269 1471 2352 potuisse;
1496 2265 1631 2342 sufficit,
1655 2286 1761 2350 quem
1784 2265 1847 2331 luu-

650 2371 743 2449 desi,
766 2374 884 2449 oratio,
909 2373 981 2449 ubi,
1006 2375 1062 2456 qni
1081 2393 1197 2437 nevem
1218 2393 1293 2437 cum
1311 2373 1489 2459 remigibus
1509 2372 1642 2438 fiduciae
1662 2386 1846 2458 acceperet,

651 2484 739 2544 ector
762 2478 853 2543 docet
876 2480 909 2543 et
932 2498 1049 2542 novem
1073 2499 1107 2543 se
1128 2478 1305 2564 possedisse
1328 2481 1361 2544 et
1383 2482 1540 2565 remiges,
1564 2478 1599 2544 ἵν’
1623 2477 1653 2543 εί
1675 2503 1724 2547 τις
1746 2477 1846 2544 ἔνδεια

652 2585 769 2661 γένοιτο
782 2582 808 2663 ⁹)
828 2587 871 2648 τοὶ
893 2585 1078 2648 ἐλλείποντα
1099 2586 1133 2647 ἐν
1154 2591 1213 2648 τῶν
1232 2586 1348 2650 παίδων
1368 2585 1413 2660 εἴη
1434 2587 1465 2671 (ξ
1480 2585 1544 2664 10).
1565 2584 1720 2650 Vendidit
1739 2593 1846 2651 eutem

650 2710 785 2768 novem,
805 2692 943 2776 remiges
963 2689 1103 2767 dimisit,
1123 2692 1200 2776 quie
1219 2693 1311 2756 nevis
1330 2695 1433 2776 pretio
1447 2692 1591 2757 debitum
1602 2700 1847 2776 compensatum

651 2802 776 2862 estnec
794 2795 864 2861 ulle
883 2795 983 2860 ἔκδεον
1004 2796 1068 2861 fuit
1087 2798 1118 2881 (ᾗ
1132 2796 1174 2862 12
1194 2798 1284 2873 μόλις
1298 2797 1467 2876 εἰσέπραξα
1478 2798 1512 2861 τὸ
1526 2799 1667 2876 ἀργύριον
1679 2800 1846 2872 spuitione

652 2910 709 2977 τῆς
727 2904 797 2975 νείος
811 2900 850 2983 ¹⁰)
877 2903 1109 2983 τεττιιριίιιοντοι
1129 2910 1221 2982 μνῶν,
1241 2900 1366 2983 ὅσονπερ
1387 2905 1404 2977 ἡ
1425 2904 1503 2974 ίέσιι
1524 2900 1582 2984 ἦν).
1601 2901 1695 2968 Unde
1715 2908 1848 2991 apparet

653 3016 721 3075 tem
744 3012 815 3075 inre
838 3007 959 3075 Graeco
982 3030 1080 3096 quem
1103 3010 1247 3076 Romano
1262 3009 1302 3087 ¹¹)
1325 3010 1543 3096 superfluum,
1568 3009 1653 3095 quod
1672 3032 1711 3075 ex
1734 3011 1848 3076 fiducit

653 3116 863 3204 redigeretur,
891 3116 1027 3182 debitori
1049 3116 1247 3183 reddendum
1271 3118 1387 3191 fuisse,
1411 3117 1555 3203 ahoquin
1576 3120 1637 3182 iste
1660 3120 1848 3203 pignerator

688 3363 714 3425 1)
732 3362 792 3410 Isse.
809 3360 836 3409 11
854 3360 920 3422 52&
941 3360 1063 3409 Demosth.
1083 3358 1198 3410 XXXVII
1215 3361 1276 3421 510.
1294 3360 1331 3409 01
1349 3359 1408 3425 Pop.
1425 3360 1505 3409 Berol.
1524 3360 1621 3423 (Βθίί)
1637 3361 1750 3419 ΜΝ.

687 3443 715 3507 2)
738 3442 863 3492 Demosth.
884 3441 971 3492 XXXV
996 3442 1054 3504 §24
1077 3441 1143 3504 587.
1166 3442 1265 3492 Plenius
1290 3441 1361 3491 hebet
1382 3442 1515 3508 syngrephe
1537 3440 1603 3504 (ibid.
1627 3444 1709 3504 §ll):
1730 3443 1849 3506 παρέχειν

658 3542 765 3587 reperere.

689 3610 716 3672 3)
734 3607 858 3657 Demosth.
876 3606 991 3657 XXXVII
1009 3607 1110 3669 §12-16.
1129 3634 1161 3645 -
1180 3607 1295 3658 Videmus
1311 3623 1367 3656 eene
1383 3608 1446 3672 epnd
1462 3606 1532 3657 eund.
1547 3610 1609 3656 oret.
1623 3607 1720 3656 xevn
1738 3624 1769 3658 ex
1783 3624 1850 3658 cem

654 3691 752 3741 iudiceti
776 3691 876 3756 pignore
899 3694 951 3755 poet
975 3690 1100 3739 luitiouem
1123 3691 1222 3741 retineri
1246 3693 1266 3753 (ς
1281 3693 1325 3739 bs:
1350 3690 1435 3751 λαβὸν
1457 3689 1539 3738 ποίννν
1562 3689 1619 3750 παρ’
1644 3687 1707 3749 ἐμοῦ
1729 3728 1805 3743 .....
1821 3691 1849 3738 τὸ

656 3772 759 3834 σίμποιν
781 3771 925 3834 nodulos,
946 3771 1113 3829 ἀπαιτοῦντος
1137 3770 1198 3832 ἐμοῦ
1214 3771 1248 3820 τά
1258 3789 1288 3820 το
1305 3771 1422 3833 πρίβοτιι
1439 3770 1481 3820 eal
1497 3772 1532 3821 τίι
1549 3768 1694 3832 ἀνδράποδα
1712 3810 1791 3823 .....
1809 3770 1850 3822 eds

655 3854 703 3918 ’ίῴνι
722 3853 857 3904 ἀποδώσειν
876 3870 918 3915 μοι
936 3892 1009 3903 .....
1027 3857 1047 3916 (4
1057 3853 1097 3915 77)
1115 3852 1176 3902 ἀλλ’
1194 3853 1235 3901 ’ίτι
1252 3852 1295 3902 real
1312 3856 1352 3902 νῦν
1370 3853 1446 3916 Ixos).

689 3938 716 4001 4)
736 3937 873 4001 Pipncridm
891 3936 957 3985 sddit
974 3953 994 3985 c.
1013 3938 1025 3986 l
1046 3937 1072 3986 C.
1090 3938 1114 3985 8.
1126 3938 1156 3985 13
1173 3939 1232 3998 (14).

692 4022 717 4079 b)
737 4019 806 4068 Psul.
825 4018 852 4067 11
871 4019 903 4067 18
921 4020 964 4080 54.

691 4102 720 4167 e)
741 4101 862 4151 Demosth.
886 4100 992 4150 XXXIII
1015 4101 1081 4162 525.
1104 4101 1167 4161 Ergo
1186 4099 1275 4149 XLVII
1292 4102 1358 4162 §541
1376 4101 1411 4150 τίι
1429 4100 1474 4160 μὸν
1492 4096 1600 4162 ἔνίχνρο
1617 4100 1702 4148 κοῖται
1723 4137 1801 4153 .....
1819 4104 1851 4150 τὲ

659 4181 686 4232 di
703 4182 844 4244 πέπραται,
863 4188 940 4247 potest
956 4182 1060 4247 intelligi
1078 4183 1106 4230 de
1124 4182 1232 4247 pignoris
1248 4198 1276 4231 ex
1293 4187 1362 4247 pecto
1380 4182 1522 4231 venditione.

692 4265 719 4327 7)
742 4266 831 4314 Idodem
851 4266 921 4314 modo
943 4281 963 4313 c.
983 4267 997 4311 3
1020 4266 1047 4314 C.
1066 4265 1111 4313 Th.
1130 4266 1168 4313 10.
1180 4265 1210 4316 17
1232 4268 1270 4327 (=
1291 4280 1312 4314 c.
1331 4267 1361 4315 16
1383 4265 1409 4313 C.
1428 4267 1452 4313 4.
1462 4267 1506 4325 44)
1528 4263 1664 4313 distrahere
1687 4264 1792 4326 dieitur,
1813 4268 1851 4331 qui

656 4349 792 4412 publicabo)
810 4347 902 4413 petitur
920 4347 1149 4408 subhastatum).

693 4433 722 4495 8)
739 4430 776 4479 Cf.
793 4431 870 4479 Ιποστ.
882 4429 961 4491 jur-id.
977 4445 1055 4493 στοις.
1073 4428 1108 4489 (Ι)
1122 4445 1147 4492 p.
1166 4429 1239 4478 140¹.

691 4515 719 4574 ⁹)
737 4513 757 4561 1.
775 4529 795 4561 e.
813 4512 914 4561 sineris
933 4511 1036 4574 pretium
1054 4511 1171 4560 sufficiens
1188 4526 1234 4559 non
1252 4511 1335 4560 suisset
1352 4511 1391 4569 (σί.
1411 4510 1533 4559 Demosth.
1551 4508 1642 4558 XXXII
1660 4512 1735 4573 580).

694 4596 737 4657 10)
756 4594 840 4658 Iteqne
857 4592 988 4655 προίιίσης
1005 4595 1050 4650 τῆς
1068 4595 1124 4649 νεὼς
1142 4596 1163 4655 (ς
1179 4593 1220 4654 12)
1236 4592 1293 4652 (ὑπὸ
1307 4598 1355 4640 τῶν
1373 4590 1518 4655 δανειστῶν)
1533 4618 1567 4630 -
1581 4591 1627 4648 τὴν
1643 4595 1702 4641 ναῦν
1718 4594 1845 4657 iamin

656 4680 729 4741 ((11)
746 4676 768 4738 (ί
785 4674 933 4739 χρεώστης).

694 4761 738 4824 11)
761 4759 828 4807 ΡοιιΙ.
852 4757 878 4807 Π
903 4758 935 4807 lo
959 4758 1008 4819 tl.
1025 4784 1058 4794 —
1077 4760 1110 4805 De
1133 4757 1186 4806 iure
1203 4758 1294 4806 Greeco
1311 4761 1401 4807 temm
1418 4766 1487 4822 neget
1504 4759 1591 4817 Coele,
1606 4757 1689 4808 Store‘e
1705 4760 1751 4809 det
1766 4762 1853 4810 asim

659 4856 754 4892 τοποιιο
771 4841 799 4889 11
816 4840 901 4902 (1908)
917 4855 941 4904 p.
960 4839 1008 4888 res
1024 4843 1075 4889 not.
1093 4840 1133 4889 34.
