4525 5950
918 703 1158 753 DEMOSTHBNBS.

867 901 1160 966 KAT'AooaoT
1188 912 1221 966 R

490 1087 508 1170 ᾖ
529 1084 550 1150 2
574 1107 605 1170 p.
629 1083 715 1150 836:
740 1084 766 1148 εί
791 1084 848 1161 μέν
869 1079 917 1149 οὖν
941 1084 1020 1148 πθτ’
1046 1081 1203 1161 έΕεγίνεπο
1223 1083 1273 1147 καί
1290 1085 1334 1159 μη
1354 1085 1395 1163 τῷ
1410 1083 1506 1165 χρθνιρ
1527 1085 1632 1151 τοῦτ’

443 1192 669 1270 ἐνηδρεύθημεν.
694 1190 816 1257 Locum
840 1195 1044 1276 permutante
1069 1190 1139 1254 τθτε
1164 1194 1197 1255 et
1220 1194 1320 1254 τοῦτο.

491 1415 551 1502 §2
582 1437 614 1502 p.
640 1414 724 1481 836:
756 1415 898 1494 εὑρήσετε
928 1414 992 1491 γὰρ
1024 1415 1083 1493 οὐχ
1109 1415 1148 1485 είς
1172 1412 1336 1491 θφείλει
1360 1410 1630 1490 μεμαρτυρημένον

445 1523 521 1586 ἀλλ’
544 1525 583 1594 ὡς
607 1518 751 1603 ὦφλεν.
777 1520 840 1586 Hic
858 1542 935 1586 usus
954 1519 1177 1606 expendendos
1198 1519 1238 1584 ad
1256 1518 1357 1584 facem
1377 1539 1474 1604 quam
1494 1516 1632 1587 Oobetue

444 1628 588 1694 accendit
610 1630 722 1693 Μκσνιι.
750 1624 837 1692 1862
861 1649 892 1713 p.
917 1626 994 1694 247.

491 1831 574 1916 §10
606 1854 637 1917 p.
662 1830 748 1897 838:
780 1829 896 1898 πάντες
929 1830 960 1895 δέ
991 1839 1072 1911 κοινῇ
1096 1855 1137 1906 με
1162 1829 1437 1910 ἐπιτροπεύσαντες
1460 1831 1523 1914 ίδίρι
1546 1831 1631 1907 μετα

446 1940 536 2004 ταῦθ’
560 1938 704 2008 ἓκαςοι
728 1941 925 2018 μηχανᾶσθε,
949 1937 1036 2003 lmo:
1060 1934 1218 2008 ἕκατι-ος.

490 2157 571 2244 §14
603 2179 634 2244 p.
660 2156 745 2223 840:
779 2154 894 2228 οὗτος
926 2155 954 2221 δ’
977 2157 1121 2221 εἰσελθεῖν
1153 2155 1209 2230 μέν
1237 2154 1272 2220 οὔ
1294 2163 1400 2235 Φησιν,
1425 2159 1634 2236 Δημοφῶντος

445 2264 471 2330 δ’
494 2268 622 2330 ancoras
650 2313 746 2331 .....
772 2265 838 2329 καί
863 2262 1116 2341 προεισεληλυθὼς
1138 2263 1190 2325 καί
1211 2259 1340 2327 ἅπαντα
1361 2262 1633 2341 διωμολογημένος.

445 2370 568 2437 Melius
590 2370 791 2459 inteiligam:
817 2371 886 2435 καί
893 2374 991 2449 (περ)
1016 2370 1283 2448 πρυεισεληλυθώς.

491 2588 571 2675 §17
603 2611 634 2676 p.
659 2588 743 2654 841:
776 2582 935 2670 ᾦτοιίτοιν
967 2588 1051 2654 οὐδέν
1084 2589 1254 2664 ἐνθυμηθείς
1289 2589 1445 2655 θντίδοικιι
1469 2591 1535 2669 μὲν,
1560 2591 1631 2657 ιίπέ·

445 2711 555 2760 κλειοα
581 2696 618 2760 δὲ
637 2698 675 2767 ὥς
712 2694 908 2768 διαδικασίας
929 2694 1118 2773 τευξόμενος.
1144 2694 1309 2775 Quomodo
1328 2698 1431 2783 egerit
1450 2695 1636 2763 Demosthe·

442 2825 500 2869 nes
531 2824 605 2868 cum
637 2801 758 2867 Midiae
789 2801 886 2867 fratre
910 2801 1145 2888 Thrasyloch0‚
1171 2805 1293 2889 optime
1317 2805 1467 2868 novimus
1491 2825 1529 2869 ex
1551 2803 1633 2869 Mid.

442 2907 518 2996 §79
543 2932 574 2996 p.
602 2908 685 2988 5403
711 2908 766 2974 sed
789 2908 827 2974 de
851 2909 949 2975 huius
972 2907 1034 2974 loci
1054 2911 1212 2975 sententia
1230 2911 1420 2995 interpretes
1439 2912 1473 2976 in
1494 2909 1635 2976 diversas

441 3023 549 3102 partes
570 3017 688 3080 abeunt
707 3014 852 3100 nihilque
872 3015 1054 3100 proferunt,
1075 3021 1233 3100 quantum
1252 3020 1408 3102 comperi,
1430 3016 1515 3102 quod
1535 3019 1636 3102 possit

441 3122 654 3207 comprobari.
695 3122 853 3207 Equidem
889 3122 971 3187 mihi
1006 3122 1118 3188 videor
1152 3122 1351 3210 intelligere:
1392 3125 1567 3188 ἀπέκλεισα
1602 3124 1633 3188 δέ

441 3230 569 3310 (τέως)
604 3230 642 3298 ὡς
677 3228 871 3299 διαδικασίας
904 3228 1094 3306 τευξόμενος.
1133 3228 1255 3294 Deinde
1286 3228 1524 3317 Thrasylochus
1557 3232 1633 3294 ἑπο-

444 3335 594 3406 κλεισθεδς
629 3334 798 3414 κατέσχισε
831 3338 889 3405 τοὶς
921 3337 1009 3413 θύρας
1042 3342 1099 3400 τῶν
1130 3336 1314 3411 σίκημοίτυν.
1338 3335 1429 3416 Quod
1452 3339 1568 3401 attinet
1591 3335 1632 3400 ad

443 3442 635 3507 adverbium
658 3441 733 3514 τέος
756 3444 821 3506 iam
845 3441 1007 3507 Homerus
1031 3444 1163 3507 cecinit:

626 3549 727 3628 αὐτὰρ
751 3549 765 3611 θ
789 3549 864 3620 τέως
887 3549 943 3625 μέν
969 3547 1088 3624 ε’τθλμα
1113 3549 1153 3612 ἑνί
1178 3549 1341 3627 μεγθροισι
1365 3550 1435 3613 ἑοῖσι

625 3655 823 3733 βαλλόμενος
847 3655 899 3719 καί
924 3655 1111 3732 ένισσθμενυς
1137 3655 1280 3729 τετληίτι
1305 3657 1407 3735 θυμῷ,

439 3769 474 3827 et
499 3764 570 3847 quis
594 3782 656 3826 non
679 3762 738 3827 hoc
762 3762 856 3828 modo
883 3761 1010 3827 locutus
1034 3758 1104 3827 est?

878 3990 991 4046 ΠΡΟΣ
1016 3988 1203 4046 ΑΦΟΒΟΝ.

487 4162 544 4247 §3
569 4185 601 4248 p.
621 4162 707 4228 845:
742 4163 831 4239 μθνον
855 4166 907 4228 οὐκ
932 4166 1029 4238 αὐτην
1056 4167 1140 4247 [την
1172 4165 1317 4249 οίκίαν]
1349 4166 1519 4245 ε’μπρησας.
1552 4168 1631 4237 Dela

439 4290 558 4334 nomen
583 4268 668 4355 quod
690 4291 729 4335 ex
753 4270 1015 4355 praecedentibus
1039 4271 1208 4358 cogitando
1232 4271 1447 4357 supplendum
1469 4281 1527 4340 est.

488 4489 505 4571 ξ
526 4486 545 4553 7
569 4509 600 4573 p.
626 4486 710 4552 846:
735 4495 905 4566 μαρτυριῶν
929 4489 991 4566 γὰρ
1016 4490 1107 4554 πλέον
1134 4489 1151 4564 θ
1177 4491 1258 4555 πάνυ
1283 4498 1402 4556 πολλῶν
1423 4495 1510 4574 [τῶν
1533 4495 1631 4561 οίπα·

439 4599 527 4678 σῶν]
547 4598 804 4671 ἀναγνωσθεισῶν.
826 4595 1629 4683 DindorfiusaptecomparavitArist.Nub.1065:

439 4709 530 4765 πλεῖν
563 4702 579 4776 ἢ
611 4700 757 4767 τοίλαντα
791 4704 912 4768 πολλοί·
937 4704 991 4769 sed
1015 4703 1105 4770 illinc
1130 4708 1285 4790 sequitur,
1310 4708 1359 4770 uti
1382 4708 1503 4791 opinor,
1528 4708 1630 4775 delen·

440 4809 522 4873 dum
544 4830 611 4875 esse
634 4815 708 4874 τῶν
731 4810 910 4874 ἁπασῶν.
