<?xml version="1.0" encoding="UTF-8"?>
<!DOCTYPE html PUBLIC "-//W3C//DTD XHTML 1.0 Transitional//EN"
    "http://www.w3.org/TR/xhtml1/DTD/xhtml1-transitional.dtd">
<html xmlns="http://www.w3.org/1999/xhtml" xml:lang="en" lang="en">
 <head>
  <title>
</title>
<meta http-equiv="Content-Type" content="text/html;charset=utf-8" />
  <meta name='ocr-system' content='tesseract 3.04.00' />
  <meta name='ocr-capabilities' content='ocr_page ocr_carea ocr_par ocr_line ocrx_word'/>
</head>
<body>
  <div class='ocr_page' id='page_1' title='image "./mnemosyne07verdgoog_0846.png"; bbox 0 0 4525 5950; ppageno 0'>
   <div class='ocr_carea' id='block_1_1' title="bbox 881 1112 1264 1206">
    <p class='ocr_par' dir='ltr' id='par_1_1' title="bbox 881 1112 1264 1206">
     <span class='ocr_line' id='line_1_1' title="bbox 881 1112 1264 1206; baseline 0.008 -3"><span class='ocrx_word' id='word_1_1' title='bbox 881 1112 1264 1206; x_wconf 80' lang='lat' dir='ltr'><strong>EPIGRAPHICA.</strong></span> 
     </span>
    </p>
   </div>
   <div class='ocr_carea' id='block_1_2' title="bbox 536 1283 1611 1512">
    <p class='ocr_par' dir='ltr' id='par_1_2' title="bbox 536 1283 1611 1512">
     <span class='ocr_line' id='line_1_2' title="bbox 536 1283 1611 1377; baseline 0.004 -4"><span class='ocrx_word' id='word_1_2' title='bbox 536 1283 607 1372; x_wconf 83' lang='lat' dir='ltr'>llll</span> <span class='ocrx_word' id='word_1_3' title='bbox 636 1284 1101 1374; x_wconf 80' lang='lat' dir='ltr'><strong>INSORIPTIONIBUS</strong></span> <span class='ocrx_word' id='word_1_4' title='bbox 1131 1285 1188 1374; x_wconf 93' lang='lat' dir='ltr'>IN</span> <span class='ocrx_word' id='word_1_5' title='bbox 1217 1285 1416 1376; x_wconf 82' lang='lat' dir='ltr'>INSULA</span> <span class='ocrx_word' id='word_1_6' title='bbox 1444 1285 1611 1377; x_wconf 78' lang='lat' dir='ltr'>Pausa</span> 
     </span>
     <span class='ocr_line' id='line_1_3' title="bbox 844 1419 1300 1512; baseline -0.004 0"><span class='ocrx_word' id='word_1_7' title='bbox 844 1419 1022 1512; x_wconf 83' lang='lat' dir='ltr'>NUPilR</span> <span class='ocrx_word' id='word_1_8' title='bbox 1049 1421 1300 1511; x_wconf 79' lang='lat' dir='ltr'>INVENTIS</span> 
     </span>
    </p>
   </div>
   <div class='ocr_carea' id='block_1_3' title="bbox 1005 1625 1129 1668">
    <p class='ocr_par' dir='ltr' id='par_1_3' title="bbox 1005 1625 1129 1668">
     <span class='ocr_line' id='line_1_4' title="bbox 1005 1625 1129 1668; baseline 0 -1"><span class='ocrx_word' id='word_1_9' title='bbox 1005 1625 1129 1668; x_wconf 65' lang='lat' dir='ltr'>scelests·</span> 
     </span>
    </p>
   </div>
   <div class='ocr_carea' id='block_1_4' title="bbox 892 1776 1245 2093">
    <p class='ocr_par' dir='ltr' id='par_1_4' title="bbox 892 1776 1245 2093">
     <span class='ocr_line' id='line_1_5' title="bbox 892 1776 1245 1844; baseline 0.006 -3"><span class='ocrx_word' id='word_1_10' title='bbox 892 1776 922 1842; x_wconf 79' lang='lat' dir='ltr'>J.</span> <span class='ocrx_word' id='word_1_11' title='bbox 947 1777 990 1841; x_wconf 88' lang='lat' dir='ltr'>H.</span> <span class='ocrx_word' id='word_1_12' title='bbox 1018 1776 1065 1841; x_wconf 88' lang='lat' dir='ltr'>W.</span> <span class='ocrx_word' id='word_1_13' title='bbox 1089 1777 1245 1844; x_wconf 74' lang='lat' dir='ltr'>sumtu.</span> 
     </span>
     <span class='ocr_line' id='line_1_6' title="bbox 965 2050 1180 2093; baseline 0 0"><span class='ocrx_word' id='word_1_14' title='bbox 965 2050 1180 2093; x_wconf 54' lang='grc' dir='ltr'><strong>-οοκοω-</strong></span> 
     </span>
    </p>
   </div>
   <div class='ocr_carea' id='block_1_5' title="bbox 461 2281 1664 4801">
    <p class='ocr_par' dir='ltr' id='par_1_5' title="bbox 470 2281 1664 2686">
     <span class='ocr_line' id='line_1_7' title="bbox 519 2281 1664 2372; baseline 0 -20"><span class='ocrx_word' id='word_1_15' title='bbox 519 2287 631 2352; x_wconf 88' lang='lat' dir='ltr'>Mense</span> <span class='ocrx_word' id='word_1_16' title='bbox 650 2284 755 2372; x_wconf 86' lang='lat' dir='ltr'>Aprili</span> <span class='ocrx_word' id='word_1_17' title='bbox 774 2286 849 2348; x_wconf 88' lang='lat' dir='ltr'>anni</span> <span class='ocrx_word' id='word_1_18' title='bbox 867 2285 1006 2369; x_wconf 84' lang='lat' dir='ltr'><strong>proximi</strong></span> <span class='ocrx_word' id='word_1_19' title='bbox 1027 2304 1102 2348; x_wconf 92' lang='lat' dir='ltr'>cum</span> <span class='ocrx_word' id='word_1_20' title='bbox 1121 2284 1192 2348; x_wconf 84' lang='lat' dir='ltr'>viro</span> <span class='ocrx_word' id='word_1_21' title='bbox 1212 2281 1250 2347; x_wconf 89' lang='lat' dir='ltr'>cl.</span> <span class='ocrx_word' id='word_1_22' title='bbox 1271 2283 1393 2349; x_wconf 82' lang='lat' dir='ltr'>Anthea</span> <span class='ocrx_word' id='word_1_23' title='bbox 1413 2284 1664 2353; x_wconf 88' lang='lat' dir='ltr'>Darmstadiensi</span> 
     </span>
     <span class='ocr_line' id='line_1_8' title="bbox 470 2389 1663 2478; baseline 0 -20"><span class='ocrx_word' id='word_1_24' title='bbox 470 2396 535 2458; x_wconf 90' lang='lat' dir='ltr'>iter</span> <span class='ocrx_word' id='word_1_25' title='bbox 568 2413 624 2478; x_wconf 91' lang='lat' dir='ltr'>per</span> <span class='ocrx_word' id='word_1_26' title='bbox 660 2390 913 2476; x_wconf 78' lang='lat' dir='ltr'>Peloponnesum</span> <span class='ocrx_word' id='word_1_27' title='bbox 949 2389 1027 2467; x_wconf 86' lang='lat' dir='ltr'>feci,</span> <span class='ocrx_word' id='word_1_28' title='bbox 1064 2410 1126 2474; x_wconf 93' lang='lat' dir='ltr'>quo</span> <span class='ocrx_word' id='word_1_29' title='bbox 1157 2391 1191 2452; x_wconf 88' lang='lat' dir='ltr'>in</span> <span class='ocrx_word' id='word_1_30' title='bbox 1219 2391 1333 2454; x_wconf 92' lang='lat' dir='ltr'>itinere</span> <span class='ocrx_word' id='word_1_31' title='bbox 1363 2390 1483 2456; x_wconf 90' lang='lat' dir='ltr'>Proten</span> <span class='ocrx_word' id='word_1_32' title='bbox 1514 2392 1663 2472; x_wconf 89' lang='lat' dir='ltr'>adiimus,</span> 
     </span>
     <span class='ocr_line' id='line_1_9' title="bbox 471 2494 1662 2584; baseline 0.002 -21"><span class='ocrx_word' id='word_1_33' title='bbox 471 2519 607 2584; x_wconf 85' lang='lat' dir='ltr'>parvam</span> <span class='ocrx_word' id='word_1_34' title='bbox 630 2495 789 2573; x_wconf 87' lang='lat' dir='ltr'>insulem,</span> <span class='ocrx_word' id='word_1_35' title='bbox 813 2496 870 2560; x_wconf 93' lang='lat' dir='ltr'>ubi</span> <span class='ocrx_word' id='word_1_36' title='bbox 892 2496 1116 2580; x_wconf 79' lang='lat' dir='ltr'>inscriptiones</span> <span class='ocrx_word' id='word_1_37' title='bbox 1145 2494 1249 2558; x_wconf 89' lang='lat' dir='ltr'>adhuc</span> <span class='ocrx_word' id='word_1_38' title='bbox 1277 2495 1413 2560; x_wconf 88' lang='lat' dir='ltr'>ineditas</span> <span class='ocrx_word' id='word_1_39' title='bbox 1437 2501 1544 2563; x_wconf 87' lang='lat' dir='ltr'>extare</span> <span class='ocrx_word' id='word_1_40' title='bbox 1567 2520 1598 2564; x_wconf 86' lang='lat' dir='ltr'>v.</span> <span class='ocrx_word' id='word_1_41' title='bbox 1623 2498 1662 2565; x_wconf 90' lang='lat' dir='ltr'>cl.</span> 
     </span>
     <span class='ocr_line' id='line_1_10' title="bbox 471 2600 1508 2686; baseline 0 -18"><span class='ocrx_word' id='word_1_42' title='bbox 471 2603 567 2669; x_wconf 86' lang='lat' dir='ltr'>Skias</span> <span class='ocrx_word' id='word_1_43' title='bbox 589 2605 772 2668; x_wconf 86' lang='lat' dir='ltr'>Atticarum</span> <span class='ocrx_word' id='word_1_44' title='bbox 795 2603 1026 2686; x_wconf 89' lang='lat' dir='ltr'>antiquitatum</span> <span class='ocrx_word' id='word_1_45' title='bbox 1050 2600 1188 2685; x_wconf 82' lang='lat' dir='ltr'>ephorus</span> <span class='ocrx_word' id='word_1_46' title='bbox 1211 2621 1267 2664; x_wconf 90' lang='lat' dir='ltr'>nos</span> <span class='ocrx_word' id='word_1_47' title='bbox 1291 2600 1508 2668; x_wconf 81' lang='lat' dir='ltr'>admonuerat.</span> 
     </span>
    </p>

    <p class='ocr_par' dir='ltr' id='par_1_6' title="bbox 470 2705 1664 3004">
     <span class='ocr_line' id='line_1_11' title="bbox 518 2705 1663 2793; baseline 0.003 -21"><span class='ocrx_word' id='word_1_48' title='bbox 518 2707 676 2787; x_wconf 79' lang='lat' dir='ltr'>Quoniam</span> <span class='ocrx_word' id='word_1_49' title='bbox 706 2706 813 2771; x_wconf 90' lang='lat' dir='ltr'>insula</span> <span class='ocrx_word' id='word_1_50' title='bbox 845 2709 922 2771; x_wconf 91' lang='lat' dir='ltr'>satis</span> <span class='ocrx_word' id='word_1_51' title='bbox 952 2709 1064 2793; x_wconf 89' lang='lat' dir='ltr'>ignota</span> <span class='ocrx_word' id='word_1_52' title='bbox 1095 2713 1161 2781; x_wconf 87' lang='lat' dir='ltr'>est,</span> <span class='ocrx_word' id='word_1_53' title='bbox 1194 2705 1279 2770; x_wconf 88' lang='lat' dir='ltr'>haud</span> <span class='ocrx_word' id='word_1_54' title='bbox 1301 2707 1357 2770; x_wconf 91' lang='lat' dir='ltr'>abs</span> <span class='ocrx_word' id='word_1_55' title='bbox 1379 2727 1413 2772; x_wconf 91' lang='lat' dir='ltr'>re</span> <span class='ocrx_word' id='word_1_56' title='bbox 1435 2727 1503 2773; x_wconf 88' lang='lat' dir='ltr'>esse</span> <span class='ocrx_word' id='word_1_57' title='bbox 1526 2710 1663 2776; x_wconf 80' lang='lat' dir='ltr'>arbitror</span> 
     </span>
     <span class='ocr_line' id='line_1_12' title="bbox 471 2811 1664 2900; baseline 0.003 -22"><span class='ocrx_word' id='word_1_58' title='bbox 471 2834 574 2900; x_wconf 89' lang='lat' dir='ltr'>pauca</span> <span class='ocrx_word' id='word_1_59' title='bbox 606 2813 644 2879; x_wconf 92' lang='lat' dir='ltr'>de</span> <span class='ocrx_word' id='word_1_60' title='bbox 674 2816 744 2878; x_wconf 90' lang='lat' dir='ltr'>eius</span> <span class='ocrx_word' id='word_1_61' title='bbox 775 2815 841 2877; x_wconf 89' lang='lat' dir='ltr'>situ</span> <span class='ocrx_word' id='word_1_62' title='bbox 870 2811 1025 2897; x_wconf 87' lang='lat' dir='ltr'>praefari,</span> <span class='ocrx_word' id='word_1_63' title='bbox 1048 2813 1238 2897; x_wconf 84' lang='lat' dir='ltr'>priusquam</span> <span class='ocrx_word' id='word_1_64' title='bbox 1261 2814 1492 2898; x_wconf 81' lang='lat' dir='ltr'>inscriptiones,</span> <span class='ocrx_word' id='word_1_65' title='bbox 1517 2834 1595 2900; x_wconf 88' lang='lat' dir='ltr'>quas</span> <span class='ocrx_word' id='word_1_66' title='bbox 1618 2817 1664 2882; x_wconf 92' lang='lat' dir='ltr'>ibi</span> 
     </span>
     <span class='ocr_line' id='line_1_13' title="bbox 470 2916 870 3004; baseline -0.005 -20"><span class='ocrx_word' id='word_1_67' title='bbox 470 2920 675 2997; x_wconf 83' lang='lat' dir='ltr'>invenimus,</span> <span class='ocrx_word' id='word_1_68' title='bbox 700 2916 870 3004; x_wconf 86' lang='lat' dir='ltr'>proferam.</span> 
     </span>
    </p>

    <p class='ocr_par' dir='ltr' id='par_1_7' title="bbox 461 3022 1664 4801">
     <span class='ocr_line' id='line_1_14' title="bbox 516 3022 1663 3112; baseline 0.004 -24"><span class='ocrx_word' id='word_1_69' title='bbox 516 3025 630 3102; x_wconf 91' lang='lat' dir='ltr'>Prote,</span> <span class='ocrx_word' id='word_1_70' title='bbox 652 3029 688 3089; x_wconf 91' lang='lat' dir='ltr'>ut</span> <span class='ocrx_word' id='word_1_71' title='bbox 707 3023 895 3108; x_wconf 82' lang='lat' dir='ltr'>Sphacteria</span> <span class='ocrx_word' id='word_1_72' title='bbox 910 3025 1018 3088; x_wconf 85' lang='lat' dir='ltr'>vicina</span> <span class='ocrx_word' id='word_1_73' title='bbox 1034 3022 1158 3099; x_wconf 88' lang='lat' dir='ltr'>insula,</span> <span class='ocrx_word' id='word_1_74' title='bbox 1178 3043 1275 3108; x_wconf 89' lang='lat' dir='ltr'>quam</span> <span class='ocrx_word' id='word_1_75' title='bbox 1293 3024 1517 3111; x_wconf 77' lang='lat' dir='ltr'>magnitudine</span> <span class='ocrx_word' id='word_1_76' title='bbox 1529 3025 1663 3112; x_wconf 91' lang='lat' dir='ltr'>paulum</span> 
     </span>
     <span class='ocr_line' id='line_1_15' title="bbox 468 3128 1663 3216; baseline 0.004 -21"><span class='ocrx_word' id='word_1_77' title='bbox 468 3136 615 3216; x_wconf 90' lang='lat' dir='ltr'>superat,</span> <span class='ocrx_word' id='word_1_78' title='bbox 646 3135 750 3195; x_wconf 86' lang='lat' dir='ltr'>terrae</span> <span class='ocrx_word' id='word_1_79' title='bbox 780 3128 943 3214; x_wconf 89' lang='lat' dir='ltr'>quondam</span> <span class='ocrx_word' id='word_1_80' title='bbox 972 3130 1113 3195; x_wconf 92' lang='lat' dir='ltr'>motibus</span> <span class='ocrx_word' id='word_1_81' title='bbox 1144 3129 1281 3193; x_wconf 88' lang='lat' dir='ltr'>formata</span> <span class='ocrx_word' id='word_1_82' title='bbox 1309 3130 1448 3195; x_wconf 86' lang='lat' dir='ltr'>videtur.</span> <span class='ocrx_word' id='word_1_83' title='bbox 1480 3134 1575 3198; x_wconf 92' lang='lat' dir='ltr'>Mons</span> <span class='ocrx_word' id='word_1_84' title='bbox 1597 3141 1663 3212; x_wconf 91' lang='lat' dir='ltr'>est,</span> 
     </span>
     <span class='ocr_line' id='line_1_16' title="bbox 468 3234 1664 3321; baseline 0.003 -20"><span class='ocrx_word' id='word_1_85' title='bbox 468 3239 561 3301; x_wconf 87' lang='lat' dir='ltr'>cuius</span> <span class='ocrx_word' id='word_1_86' title='bbox 579 3235 694 3312; x_wconf 91' lang='lat' dir='ltr'>latera,</span> <span class='ocrx_word' id='word_1_87' title='bbox 712 3240 843 3319; x_wconf 82' lang='lat' dir='ltr'>excepto</span> <span class='ocrx_word' id='word_1_88' title='bbox 863 3234 947 3320; x_wconf 91' lang='lat' dir='ltr'>quod</span> <span class='ocrx_word' id='word_1_89' title='bbox 960 3235 999 3300; x_wconf 89' lang='lat' dir='ltr'>ad</span> <span class='ocrx_word' id='word_1_90' title='bbox 1012 3235 1180 3300; x_wconf 90' lang='lat' dir='ltr'>meridiem</span> <span class='ocrx_word' id='word_1_91' title='bbox 1193 3239 1331 3321; x_wconf 88' lang='lat' dir='ltr'>spectat,</span> <span class='ocrx_word' id='word_1_92' title='bbox 1350 3239 1429 3300; x_wconf 94' lang='lat' dir='ltr'>satis</span> <span class='ocrx_word' id='word_1_93' title='bbox 1440 3238 1539 3302; x_wconf 90' lang='lat' dir='ltr'>ardua</span> <span class='ocrx_word' id='word_1_94' title='bbox 1551 3260 1568 3303; x_wconf 91' lang='lat' dir='ltr'>e</span> <span class='ocrx_word' id='word_1_95' title='bbox 1581 3243 1664 3305; x_wconf 91' lang='lat' dir='ltr'>mari</span> 
     </span>
     <span class='ocr_line' id='line_1_17' title="bbox 468 3339 1663 3427; baseline 0.004 -21"><span class='ocrx_word' id='word_1_96' title='bbox 468 3348 609 3427; x_wconf 85' lang='lat' dir='ltr'>surgunt</span> <span class='ocrx_word' id='word_1_97' title='bbox 639 3360 741 3426; x_wconf 90' lang='lat' dir='ltr'>neque</span> <span class='ocrx_word' id='word_1_98' title='bbox 771 3339 953 3426; x_wconf 92' lang='lat' dir='ltr'>appellendi</span> <span class='ocrx_word' id='word_1_99' title='bbox 984 3341 1138 3425; x_wconf 87' lang='lat' dir='ltr'>praebent</span> <span class='ocrx_word' id='word_1_100' title='bbox 1168 3339 1365 3405; x_wconf 88' lang='lat' dir='ltr'>facultatem.</span> <span class='ocrx_word' id='word_1_101' title='bbox 1399 3340 1556 3420; x_wconf 78' lang='lat' dir='ltr'>Quartum</span> <span class='ocrx_word' id='word_1_102' title='bbox 1587 3366 1663 3411; x_wconf 81' lang='lat' dir='ltr'>vero</span> 
     </span>
     <span class='ocr_line' id='line_1_18' title="bbox 467 3444 1660 3530; baseline 0.003 -19"><span class='ocrx_word' id='word_1_103' title='bbox 467 3445 554 3511; x_wconf 86' lang='lat' dir='ltr'>latus</span> <span class='ocrx_word' id='word_1_104' title='bbox 577 3445 692 3512; x_wconf 91' lang='lat' dir='ltr'>leniter</span> <span class='ocrx_word' id='word_1_105' title='bbox 715 3445 835 3511; x_wconf 86' lang='lat' dir='ltr'>acclive</span> <span class='ocrx_word' id='word_1_106' title='bbox 859 3453 923 3526; x_wconf 91' lang='lat' dir='ltr'>est;</span> <span class='ocrx_word' id='word_1_107' title='bbox 949 3449 1042 3512; x_wconf 90' lang='lat' dir='ltr'>cuius</span> <span class='ocrx_word' id='word_1_108' title='bbox 1064 3448 1098 3510; x_wconf 93' lang='lat' dir='ltr'>in</span> <span class='ocrx_word' id='word_1_109' title='bbox 1122 3451 1266 3511; x_wconf 79' lang='lat' dir='ltr'>extrema</span> <span class='ocrx_word' id='word_1_110' title='bbox 1289 3453 1396 3530; x_wconf 89' lang='lat' dir='ltr'>parte,</span> <span class='ocrx_word' id='word_1_111' title='bbox 1420 3444 1489 3512; x_wconf 89' lang='lat' dir='ltr'>loco</span> <span class='ocrx_word' id='word_1_112' title='bbox 1513 3449 1660 3529; x_wconf 91' lang='lat' dir='ltr'>editiore,</span> 
     </span>
     <span class='ocr_line' id='line_1_19' title="bbox 466 3551 1661 3638; baseline 0.006 -22"><span class='ocrx_word' id='word_1_113' title='bbox 466 3552 532 3617; x_wconf 91' lang='lat' dir='ltr'>duo</span> <span class='ocrx_word' id='word_1_114' title='bbox 556 3558 659 3617; x_wconf 85' lang='lat' dir='ltr'>tresve</span> <span class='ocrx_word' id='word_1_115' title='bbox 683 3552 808 3617; x_wconf 90' lang='lat' dir='ltr'>ordines</span> <span class='ocrx_word' id='word_1_116' title='bbox 830 3551 975 3638; x_wconf 92' lang='lat' dir='ltr'>lapidum</span> <span class='ocrx_word' id='word_1_117' title='bbox 998 3557 1108 3618; x_wconf 87' lang='lat' dir='ltr'>extant</span> <span class='ocrx_word' id='word_1_118' title='bbox 1115 3573 1123 3630; x_wconf 92' lang='lat'>;</span> <span class='ocrx_word' id='word_1_119' title='bbox 1149 3554 1248 3616; x_wconf 86' lang='lat' dir='ltr'>turris</span> <span class='ocrx_word' id='word_1_120' title='bbox 1270 3551 1347 3616; x_wconf 87' lang='lat' dir='ltr'>haec</span> <span class='ocrx_word' id='word_1_121' title='bbox 1370 3561 1445 3617; x_wconf 92' lang='lat' dir='ltr'>sunt</span> <span class='ocrx_word' id='word_1_122' title='bbox 1469 3555 1598 3635; x_wconf 91' lang='lat' dir='ltr'>rudera,</span> <span class='ocrx_word' id='word_1_123' title='bbox 1622 3568 1661 3623; x_wconf 91' lang='lat' dir='ltr'>ut</span> 
     </span>
     <span class='ocr_line' id='line_1_20' title="bbox 466 3657 1659 3741; baseline 0.003 -17"><span class='ocrx_word' id='word_1_124' title='bbox 466 3658 603 3724; x_wconf 86' lang='lat' dir='ltr'>aedificii</span> <span class='ocrx_word' id='word_1_125' title='bbox 627 3658 730 3724; x_wconf 85' lang='lat' dir='ltr'>forma</span> <span class='ocrx_word' id='word_1_126' title='bbox 752 3658 888 3736; x_wconf 87' lang='lat' dir='ltr'>indicat,</span> <span class='ocrx_word' id='word_1_127' title='bbox 914 3664 962 3723; x_wconf 92' lang='lat' dir='ltr'>est</span> <span class='ocrx_word' id='word_1_128' title='bbox 986 3660 1072 3722; x_wconf 91' lang='lat' dir='ltr'>enim</span> <span class='ocrx_word' id='word_1_129' title='bbox 1092 3657 1239 3722; x_wconf 89' lang='lat' dir='ltr'>rotunda.</span> <span class='ocrx_word' id='word_1_130' title='bbox 1264 3657 1330 3741; x_wconf 86' lang='lat' dir='ltr'>Ipsi</span> <span class='ocrx_word' id='word_1_131' title='bbox 1348 3657 1440 3724; x_wconf 92' lang='lat' dir='ltr'>illam</span> <span class='ocrx_word' id='word_1_132' title='bbox 1459 3663 1576 3725; x_wconf 91' lang='lat' dir='ltr'>turrim</span> <span class='ocrx_word' id='word_1_133' title='bbox 1597 3684 1659 3728; x_wconf 92' lang='lat' dir='ltr'>non</span> 
     </span>
     <span class='ocr_line' id='line_1_21' title="bbox 466 3762 1661 3853; baseline 0.003 -24"><span class='ocrx_word' id='word_1_134' title='bbox 466 3785 581 3829; x_wconf 90' lang='lat' dir='ltr'>eumue</span> <span class='ocrx_word' id='word_1_135' title='bbox 610 3766 773 3851; x_wconf 79' lang='lat' dir='ltr'>aggressi,</span> <span class='ocrx_word' id='word_1_136' title='bbox 797 3764 852 3828; x_wconf 92' lang='lat' dir='ltr'>sed</span> <span class='ocrx_word' id='word_1_137' title='bbox 889 3765 1127 3843; x_wconf 67' lang='grc' dir='ltr'>γυμνασίαρχος</span> <span class='ocrx_word' id='word_1_138' title='bbox 1151 3765 1249 3827; x_wconf 87' lang='lat' dir='ltr'>vicini</span> <span class='ocrx_word' id='word_1_139' title='bbox 1273 3766 1350 3850; x_wconf 93' lang='lat' dir='ltr'>pagi</span> <span class='ocrx_word' id='word_1_140' title='bbox 1374 3762 1579 3852; x_wconf 78' lang='lat' dir='ltr'>Gargaliant,</span> <span class='ocrx_word' id='word_1_141' title='bbox 1604 3772 1661 3853; x_wconf 92' lang='lat' dir='ltr'>qui</span> 
     </span>
     <span class='ocr_line' id='line_1_22' title="bbox 465 3869 1660 3957; baseline 0.003 -21"><span class='ocrx_word' id='word_1_142' title='bbox 465 3870 636 3936; x_wconf 89' lang='lat' dir='ltr'>nonnullas</span> <span class='ocrx_word' id='word_1_143' title='bbox 665 3869 789 3935; x_wconf 92' lang='lat' dir='ltr'>insulae</span> <span class='ocrx_word' id='word_1_144' title='bbox 817 3872 1043 3956; x_wconf 84' lang='lat' dir='ltr'>inscriptiones</span> <span class='ocrx_word' id='word_1_145' title='bbox 1066 3872 1308 3954; x_wconf 87' lang='lat' dir='ltr'>transcripserat</span> <span class='ocrx_word' id='word_1_146' title='bbox 1332 3874 1498 3957; x_wconf 89' lang='lat' dir='ltr'>totamque</span> <span class='ocrx_word' id='word_1_147' title='bbox 1520 3874 1660 3940; x_wconf 91' lang='lat' dir='ltr'>insulam</span> 
     </span>
     <span class='ocr_line' id='line_1_23' title="bbox 464 3976 1659 4062; baseline 0.003 -20"><span class='ocrx_word' id='word_1_148' title='bbox 464 3976 540 4062; x_wconf 89' lang='lat' dir='ltr'>plus</span> <span class='ocrx_word' id='word_1_149' title='bbox 563 3976 662 4042; x_wconf 92' lang='lat' dir='ltr'>semel</span> <span class='ocrx_word' id='word_1_150' title='bbox 685 3981 903 4061; x_wconf 89' lang='lat' dir='ltr'>percurrerat,</span> <span class='ocrx_word' id='word_1_151' title='bbox 928 3976 991 4040; x_wconf 89' lang='lat' dir='ltr'>sibi</span> <span class='ocrx_word' id='word_1_152' title='bbox 1014 3995 1205 4060; x_wconf 86' lang='lat' dir='ltr'>persuasum</span> <span class='ocrx_word' id='word_1_153' title='bbox 1229 3995 1296 4039; x_wconf 92' lang='lat' dir='ltr'>esse</span> <span class='ocrx_word' id='word_1_154' title='bbox 1320 3976 1411 4040; x_wconf 87' lang='lat' dir='ltr'>nobis</span> <span class='ocrx_word' id='word_1_155' title='bbox 1434 3976 1518 4041; x_wconf 87' lang='lat' dir='ltr'>dixit</span> <span class='ocrx_word' id='word_1_156' title='bbox 1541 3983 1659 4044; x_wconf 88' lang='lat' dir='ltr'>turrim</span> 
     </span>
     <span class='ocr_line' id='line_1_24' title="bbox 465 4081 1660 4168; baseline 0.003 -21"><span class='ocrx_word' id='word_1_157' title='bbox 465 4082 710 4148; x_wconf 90' lang='lat' dir='ltr'>Hellenicorum</span> <span class='ocrx_word' id='word_1_158' title='bbox 735 4102 815 4168; x_wconf 91' lang='lat' dir='ltr'>quae</span> <span class='ocrx_word' id='word_1_159' title='bbox 839 4082 989 4146; x_wconf 92' lang='lat' dir='ltr'>dicuntur</span> <span class='ocrx_word' id='word_1_160' title='bbox 1008 4086 1192 4167; x_wconf 89' lang='lat' dir='ltr'>temporum</span> <span class='ocrx_word' id='word_1_161' title='bbox 1212 4101 1292 4165; x_wconf 87' lang='lat' dir='ltr'>opus</span> <span class='ocrx_word' id='word_1_162' title='bbox 1311 4100 1396 4145; x_wconf 87' lang='lat' dir='ltr'>esee:</span> <span class='ocrx_word' id='word_1_163' title='bbox 1417 4081 1538 4168; x_wconf 88' lang='lat' dir='ltr'>lapides</span> <span class='ocrx_word' id='word_1_164' title='bbox 1558 4084 1660 4151; x_wconf 91' lang='lat' dir='ltr'>alium</span> 
     </span>
     <span class='ocr_line' id='line_1_25' title="bbox 464 4185 1660 4258; baseline 0.004 -5"><span class='ocrx_word' id='word_1_165' title='bbox 464 4188 522 4253; x_wconf 89' lang='lat' dir='ltr'>alii</span> <span class='ocrx_word' id='word_1_166' title='bbox 546 4189 623 4253; x_wconf 92' lang='lat' dir='ltr'>bene</span> <span class='ocrx_word' id='word_1_167' title='bbox 646 4189 772 4252; x_wconf 90' lang='lat' dir='ltr'>iunctos</span> <span class='ocrx_word' id='word_1_168' title='bbox 795 4190 919 4252; x_wconf 87' lang='lat' dir='ltr'>curiose</span> <span class='ocrx_word' id='word_1_169' title='bbox 942 4185 1119 4252; x_wconf 88' lang='lat' dir='ltr'>elaboratos</span> <span class='ocrx_word' id='word_1_170' title='bbox 1142 4207 1219 4251; x_wconf 89' lang='lat' dir='ltr'>esse.</span> <span class='ocrx_word' id='word_1_171' title='bbox 1244 4185 1353 4251; x_wconf 92' lang='lat' dir='ltr'>Medio</span> <span class='ocrx_word' id='word_1_172' title='bbox 1371 4185 1428 4252; x_wconf 94' lang='lat' dir='ltr'>illo</span> <span class='ocrx_word' id='word_1_173' title='bbox 1447 4186 1546 4255; x_wconf 91' lang='lat' dir='ltr'>latere</span> <span class='ocrx_word' id='word_1_174' title='bbox 1566 4190 1660 4258; x_wconf 82' lang='lat' dir='ltr'>vallis</span> 
     </span>
     <span class='ocr_line' id='line_1_26' title="bbox 466 4291 1660 4380; baseline 0.004 -23"><span class='ocrx_word' id='word_1_175' title='bbox 466 4293 610 4369; x_wconf 88' lang='lat' dir='ltr'>modica,</span> <span class='ocrx_word' id='word_1_176' title='bbox 645 4292 701 4356; x_wconf 91' lang='lat' dir='ltr'>ubi</span> <span class='ocrx_word' id='word_1_177' title='bbox 732 4291 898 4357; x_wconf 86' lang='lat' dir='ltr'>ecclesiola</span> <span class='ocrx_word' id='word_1_178' title='bbox 929 4291 1094 4356; x_wconf 86' lang='lat' dir='ltr'>aedificata</span> <span class='ocrx_word' id='word_1_179' title='bbox 1124 4298 1173 4356; x_wconf 87' lang='lat' dir='ltr'>eet</span> <span class='ocrx_word' id='word_1_180' title='bbox 1204 4301 1241 4371; x_wconf 73' lang='grc' dir='ltr'>τῇ</span> <span class='ocrx_word' id='word_1_181' title='bbox 1274 4293 1420 4375; x_wconf 61' lang='lat' dir='ltr'>ravesia</span> <span class='ocrx_word' id='word_1_182' title='bbox 1454 4313 1560 4372; x_wconf 87' lang='lat' dir='ltr'>saera,</span> <span class='ocrx_word' id='word_1_183' title='bbox 1596 4316 1660 4380; x_wconf 93' lang='lat' dir='ltr'>quo</span> 
     </span>
     <span class='ocr_line' id='line_1_27' title="bbox 463 4397 1657 4485; baseline 0.004 -22"><span class='ocrx_word' id='word_1_184' title='bbox 463 4400 636 4485; x_wconf 87' lang='lat' dir='ltr'>quotannis</span> <span class='ocrx_word' id='word_1_185' title='bbox 656 4397 801 4462; x_wconf 91' lang='lat' dir='ltr'>homines</span> <span class='ocrx_word' id='word_1_186' title='bbox 821 4400 942 4463; x_wconf 85' lang='lat' dir='ltr'>vicinos</span> <span class='ocrx_word' id='word_1_187' title='bbox 962 4417 1034 4462; x_wconf 88' lang='lat' dir='ltr'>orae</span> <span class='ocrx_word' id='word_1_188' title='bbox 1054 4398 1237 4462; x_wconf 85' lang='lat' dir='ltr'>maritimae</span> <span class='ocrx_word' id='word_1_189' title='bbox 1256 4419 1355 4483; x_wconf 90' lang='lat' dir='ltr'>pagos</span> <span class='ocrx_word' id='word_1_190' title='bbox 1374 4397 1549 4465; x_wconf 89' lang='lat' dir='ltr'>incolentes</span> <span class='ocrx_word' id='word_1_191' title='bbox 1569 4407 1657 4481; x_wconf 91' lang='lat' dir='ltr'>(nam</span> 
     </span>
     <span class='ocr_line' id='line_1_28' title="bbox 461 4503 1659 4590; baseline 0 -21"><span class='ocrx_word' id='word_1_192' title='bbox 461 4503 570 4569; x_wconf 90' lang='lat' dir='ltr'>insula</span> <span class='ocrx_word' id='word_1_193' title='bbox 601 4503 734 4567; x_wconf 91' lang='lat' dir='ltr'>dumosa</span> <span class='ocrx_word' id='word_1_194' title='bbox 766 4503 1000 4568; x_wconf 91' lang='lat' dir='ltr'>habitatoribus</span> <span class='ocrx_word' id='word_1_195' title='bbox 1024 4524 1125 4568; x_wconf 85' lang='lat' dir='ltr'>vacua</span> <span class='ocrx_word' id='word_1_196' title='bbox 1149 4508 1211 4581; x_wconf 90' lang='lat' dir='ltr'>est)</span> <span class='ocrx_word' id='word_1_197' title='bbox 1234 4507 1525 4590; x_wconf 81' lang='lat' dir='ltr'>peregrinationem</span> <span class='ocrx_word' id='word_1_198' title='bbox 1549 4511 1659 4587; x_wconf 66' lang='lat' dir='ltr'>(rest-</span> 
     </span>
     <span class='ocr_line' id='line_1_29' title="bbox 463 4607 1657 4696; baseline 0.007 -25"><span class='ocrx_word' id='word_1_199' title='bbox 463 4617 564 4687; x_wconf 76' lang='lat' dir='ltr'>yvm)</span> <span class='ocrx_word' id='word_1_200' title='bbox 596 4610 786 4693; x_wconf 90' lang='lat' dir='ltr'>suscipiunt.</span> <span class='ocrx_word' id='word_1_201' title='bbox 821 4607 867 4673; x_wconf 90' lang='lat' dir='ltr'>Ut</span> <span class='ocrx_word' id='word_1_202' title='bbox 898 4608 1103 4694; x_wconf 81' lang='lat' dir='ltr'>Sphacteria,</span> <span class='ocrx_word' id='word_1_203' title='bbox 1135 4611 1226 4673; x_wconf 87' lang='lat' dir='ltr'>cuiue</span> <span class='ocrx_word' id='word_1_204' title='bbox 1257 4630 1274 4672; x_wconf 93' lang='lat' dir='ltr'>e</span> <span class='ocrx_word' id='word_1_205' title='bbox 1304 4615 1393 4693; x_wconf 89' lang='lat' dir='ltr'>parta</span> <span class='ocrx_word' id='word_1_206' title='bbox 1415 4613 1657 4696; x_wconf 90' lang='lat' dir='ltr'>septentrionali</span> 
     </span>
     <span class='ocr_line' id='line_1_30' title="bbox 464 4712 1659 4801; baseline 0.006 -23"><span class='ocrx_word' id='word_1_207' title='bbox 464 4714 561 4778; x_wconf 92' lang='lat' dir='ltr'>Prote</span> <span class='ocrx_word' id='word_1_208' title='bbox 593 4712 694 4779; x_wconf 91' lang='lat' dir='ltr'>oculis</span> <span class='ocrx_word' id='word_1_209' title='bbox 724 4735 788 4779; x_wconf 91' lang='lat' dir='ltr'>non</span> <span class='ocrx_word' id='word_1_210' title='bbox 819 4717 955 4778; x_wconf 91' lang='lat' dir='ltr'>munitis</span> <span class='ocrx_word' id='word_1_211' title='bbox 985 4713 1079 4778; x_wconf 87' lang='lat' dir='ltr'>facile</span> <span class='ocrx_word' id='word_1_212' title='bbox 1105 4716 1309 4799; x_wconf 89' lang='lat' dir='ltr'>conspicitur,</span> <span class='ocrx_word' id='word_1_213' title='bbox 1333 4714 1415 4800; x_wconf 85' lang='lat' dir='ltr'>Pylo</span> <span class='ocrx_word' id='word_1_214' title='bbox 1440 4719 1659 4801; x_wconf 89' lang='lat' dir='ltr'>praetenditur</span> 
     </span>
    </p>
   </div>
   <div class='ocr_carea' id='block_1_6' title="bbox 0 0 2268 5948">
    <p class='ocr_par' dir='ltr' id='par_1_8' title="bbox 0 0 2268 5948">
     <span class='ocr_line' id='line_1_31' title="bbox 0 0 2268 5948; baseline 0 0"><span class='ocrx_word' id='word_1_215' title='bbox 0 0 2268 5948; x_wconf 95' lang='lat' dir='ltr'> </span> 
     </span>
    </p>
   </div>
  </div>
 </body>
</html>
