4525 5950
820 477 862 523 so
886 477 1119 525 tnrsnornlrus
1142 478 1279 524 ruuruu.
1577 462 1639 527 101

441 646 578 707 nomina
601 643 684 707 vidit
708 642 849 720 Dobree;
875 647 968 708 ouius
992 646 1184 708 sententiam
1204 645 1296 729 plane
1316 645 1483 710 confirmat
1502 666 1590 710 error
1609 647 1641 708 in

443 746 590 814 Orameri
623 749 741 813 Anecd.
773 750 831 813 Ox.
863 749 967 815 1277
1000 752 1209 826 commissus,
1242 752 1299 815 ubi
1321 750 1522 815 Pherecratei
1545 751 1642 815 huius

442 856 620 940 fragmenti
651 876 764 920 versus
795 856 925 940 quidam
957 856 1085 920 disertis
1116 857 1221 920 verbis
1246 860 1401 944 tribuitur
1424 857 1640 941 Aristophani.

442 961 492 1025 En
511 964 614 1047 igitur
628 963 764 1046 „prioris
778 960 887 1025 Pluti”
900 960 981 1025 illud
995 963 1215 1048 fragmentum
1227 962 1311 1046 quod
1323 964 1482 1026 statuebat
1495 960 1639 1026 Brunclrl

491 1065 659 1133 Contrario
682 1087 787 1131 errore
810 1067 992 1132 Pherecrati
1015 1066 1213 1132 versiculum
1237 1089 1275 1132 ex
1300 1068 1523 1153 Aristophanis
1544 1068 1641 1133 Pluto

442 1173 632 1239 desumtunt
657 1174 773 1237 tribuit
795 1176 1026 1259 grammaticus
1049 1173 1166 1258 aliquis
1189 1177 1321 1259 ignotus
1337 1174 1377 1253 ¹):
1404 1174 1566 1250 ,,ἐκσοτέον
1587 1175 1638 1237 καὶ

442 1283 498 1352 τὶρν
520 1279 662 1359 τρύγοι”·
684 1280 733 1343 ἐπὶ
755 1286 812 1344 τῶν
833 1283 884 1342 καὶ
907 1279 948 1342 τοὶ
969 1282 1012 1353 μὴ
1034 1283 1160 1359 χρηστοὶ
1182 1280 1416 1354 λαμβανόντων.
1438 1282 1638 1354 Φερεκράτην.

441 1384 509 1449 Ubi
531 1384 603 1450 leve
627 1386 711 1470 quod
734 1391 783 1450 est
805 1385 977 1451 discrimen
1000 1388 1084 1450 inter
1107 1386 1204 1451 verba
1228 1385 1324 1450 allata
1347 1394 1380 1451 et
1399 1386 1489 1450 Pluti
1508 1408 1639 1451 versum

441 1493 653 1555 notissimum
685 1490 882 1568 ,,ξυνεκτοτὲ’
906 1493 973 1554 ἐστι’
997 1515 1041 1555 σον
1066 1495 1117 1555 nal
1143 1498 1197 1564 τὴν
1222 1491 1388 1571 τρύγοιη)
1418 1513 1478 1556 non
1504 1494 1639 1576 originis

440 1597 588 1661 diversae
607 1596 761 1660 indicium
781 1597 875 1661 ducet
894 1599 949 1680 qui
968 1599 1068 1681 sapit,
1089 1596 1144 1660 sed
1164 1597 1396 1662 ascribentium
1417 1596 1639 1682 neglegentiae

440 1703 565 1766 tribuet
596 1700 667 1766 soli.
705 1702 890 1765 Pherecratio
919 1710 1027 1766 autem
1059 1723 1177 1766 nomen
1208 1701 1341 1766 ductum
1364 1724 1431 1766 esse
1455 1705 1638 1787 suspicere

439 1809 612 1894 proverbio
642 1811 765 1884 vicino,
798 1808 883 1893 quod
912 1809 977 1872 ενόιο
1000 1808 1131 1871 secoro
1154 1802 1270 1871 nominc
1292 1830 1376 1873 nunc
1400 1808 1544 1872 affertur:
1569 1810 1638 1885 „e’a-

439 1915 549 1978 ποτέον
573 1916 627 1987 τὶρν
650 1914 779 1977 τούτον”
805 1915 855 1977 hrt
879 1921 937 1977 τῶν
962 1913 995 1990 ἐξ
1019 1915 1159 1990 ἀνάγκης
1182 1915 1224 1978 τοὶ
1246 1914 1350 1994 ἑτέρων
1371 1915 1456 1977 κοινοὶ
1477 1915 1638 1986 ὑπομενόν-

437 2044 499 2083 των
515 2017 550 2098 3),
575 2057 617 2067 -
641 2021 698 2084 ubi
723 2025 830 2085 mente
853 2020 1071 2105 supplendum
1096 2025 1144 2084 est
1170 2020 1338 2096 ,‚udarxa'',
1364 2020 1635 2104 quemadmodum

436 2126 526 2211 apud
546 2125 708 2191 Herodem
730 2129 784 2202 „e’x
801 2134 906 2199 κοινῆς
921 2126 1116 2190 ornantia?
1130 2125 1249 2190 dicitur
1262 2128 1311 2191 vir
1322 2128 1431 2189 uxoris
1444 2125 1584 2189 oblitus”
1599 2123 1635 2205 ⁴).

486 2342 520 2423 5)
557 2341 738 2424 ,,γροιΐζενν”
770 2339 843 2406 ὅταν
874 2344 908 2406 τὸ
941 2345 1149 2422 συναγόμενον
1179 2344 1208 2406 ἐν
1231 2353 1302 2412 τοῖς
1327 2345 1458 2422 χύτραις
1484 2344 1535 2406 nal
1562 2343 1635 2406 ἕτοο

437 2447 547 2529 Φρίξον
571 2450 728 2529 ἐκχέωσιν.
753 2448 979 2527 Ἀριστοφάνης
1005 2451 1142 2527 Πλούτῳ.
1169 2448 1214 2498 -’
1235 2448 1336 2514 Belrlr.
1363 2447 1478 2513 Auecd.
1503 2470 1533 2533 p.
1555 2447 1609 2512 88.

485 2554 564 2633 Quis
590 2575 651 2618 non
677 2553 766 2619 videt
787 2557 820 2618 in
843 2555 974 2619 brevius
994 2561 1154 2620 contracta
1172 2554 1239 2641 legi
1260 2557 1311 2620 hic
1331 2575 1411 2640 quae
1431 2555 1534 2618 fusius
1554 2554 1631 2623 olim

436 2660 648 2744 disputarunt
677 2663 899 2745 grammatici,
935 2682 1045 2725 rarum
1080 2671 1189 2726 autem
1220 2671 1274 2733 τῆς
1304 2662 1398 2739 epate
1431 2684 1551 2742 spumae
1580 2662 1631 2724 καὶ

435 2771 491 2830 τοῦ
515 2765 652 2845 γρσῖζενν
675 2767 871 2848 despumondi
895 2788 990 2830 usum
1014 2766 1170 2832 illustrari
1194 2767 1309 2833 collata
1331 2767 1440 2832 fabula
1464 2765 1578 2844 Pluto,
1598 2770 1632 2831 in

435 2876 530 2937 cuius
572 2875 662 2936 exitu
697 2872 822 2937 iocandi
857 2875 1025 2938 materiem
1060 2875 1191 2957 praebet
1225 2874 1379 2959 ambigua
1412 2874 1509 2936 huius
1545 2875 1631 2937 vocis

434 2976 601 3064 potestas?
632 2977 701 3043 Non
733 2979 883 3043 viderunt
906 2982 962 3064 qui
986 2978 1062 3044 talia
1086 2980 1338 3064 adscripserunt:
1365 2979 1449 3055 „fuit
1470 2981 1575 3063 igitur
1597 2982 1631 3042 in

434 3087 542 3170 priore
566 3105 691 3169 quoque
715 3082 812 3149 Pluto
836 3084 924 3149 locus
948 3084 1064 3149 similis
1087 3084 1178 3150 Pluti
1203 3086 1347 3150 versibus
1373 3082 1459 3148 1206
1473 3083 1553 3168 sq.’'.

482 3303 515 3383 6)
551 3305 714 3381 οὶνοπενρίοο
745 3304 878 3383 (oreph)
910 3325 973 3368 vox
1006 3324 1044 3368 ex
1072 3304 1294 3388 Aristophanis
1326 3302 1423 3369 Pluto
1447 3303 1627 3384 affertur5).

431 3410 505 3474 Non
537 3417 645 3474 tamen
673 3410 719 3474 ibi
750 3408 882 3496 legitur.
915 3409 998 3488 Quid
1027 3406 1152 3494 igitur?
1182 3409 1395 3495 Sequimurne
1429 3410 1626 3475 Brunckium

432 3514 597 3600 aliosque,
621 3518 676 3599 qui
700 3522 757 3579 aut
779 3520 905 3580 nostrae
928 3514 1052 3579 fabulae
1078 3537 1125 3579 vs.
1153 3515 1215 3578 115
1240 3537 1296 3600 pro
1320 3516 1501 3592 ὀφθαλμίας
1522 3514 1628 3602 legeu-

431 3621 511 3686 dum
543 3642 611 3685 esse
641 3621 813 3700 οὶνοοτνρίος
846 3627 1057 3685 autumarunt
1081 3627 1137 3684 aut
1160 3624 1193 3683 iu
1218 3620 1319 3684 altera
1341 3620 1467 3686 fabulae
1490 3621 1627 3687 editione

430 3747 500 3791 esse
532 3722 673 3790 lectum?
705 3726 775 3791 Non
807 3728 930 3810 opinor,
962 3747 1037 3790 cum
1061 3748 1077 3790 e
1101 3726 1233 3791 Polluce
1257 3728 1373 3811 corrigi
1397 3730 1499 3811 possit
1522 3749 1608 3793 error
1616 3748 1624 3804 ;

432 3830 554 3895 Cratini
585 3833 672 3895 enim
705 3830 795 3894 Pluto
825 3868 866 3880 -
898 3834 1000 3896 immo
1032 3831 1151 3907 Plutia,
1183 3833 1274 3896 cuius
1305 3831 1430 3897 fabulae
1461 3831 1626 3918 complura

427 3942 604 4020 supersunt
626 3936 807 4023 fragmenta
830 3973 871 3984 -
897 3956 1009 4001 vocem
1029 3938 1201 4014 dvoennplav
1222 3937 1274 4001 hic
1296 3937 1445 4003 vindicat.
1469 3938 1512 4002 Et
1531 3937 1624 4004 facile

425 4040 652 4127 intellegimus
676 4045 869 4107 necessarios
893 4063 991 4128 paene
1014 4043 1238 4108 huiuscemodi
1261 4043 1358 4108 fuisse
1382 4065 1514 4109 errores.
1539 4046 1622 4109 Nam

464 4333 491 4396 1)
511 4330 623 4381 Proverb.
642 4348 655 4380 ε
671 4332 722 4381 cod.
740 4332 838 4381 (hialin.
858 4331 907 4383 lta
924 4332 1073 4396 (Pherecrat.
1092 4332 1122 4381 ir.
1142 4333 1211 4395 249).

450 4417 490 4478 ,2)
509 4413 574 4463 Plut.
593 4415 665 4463 108⁶.
1067 4412 1221 4475 3)11ν1ν1.τιο
1240 4414 1296 4466 170.

459 4499 489 4558 4)
508 4497 600 4545 Herod.
618 4493 758 4545 Mimiamb.
776 4495 789 4543 1
806 4496 846 4546 at.

460 4580 487 4642 5)
508 4578 584 4627 Bekk.
602 4578 690 4628 Aueed.
708 4593 731 4643 p.
751 4576 782 4628 78
799 4581 823 4625 al
840 4577 902 4642 apud
919 4576 1024 4626 Suidam.
