4525 5950
533 679 600 745 380
1065 693 1204 741 8111118.

533 860 818 946 Disquisitionibus
853 861 940 924 enim
976 861 1044 923 suis
1079 862 1184 923 utitur
1218 860 1258 923 ad
1288 858 1578 925 demonstrandum
1613 856 1734 942 aliquid

533 990 595 1054 quo
625 965 706 1031 nihil
738 986 880 1050 unquam
911 964 1024 1029 falsius
1056 965 1141 1029 vidi.
1173 964 1286 1049 Ipsum
1315 969 1425 1029 virum
1449 986 1515 1030 non
1539 964 1735 1029 nominabo:

534 1075 587 1140 odi
617 1075 702 1138 enim
732 1070 807 1136 11188
838 1077 871 1136 81
901 1070 985 1135 bella
1006 1070 1149 1136 literaria
1157 1092 1166 1149 ;
1191 1071 1269 1156 quid
1292 1072 1354 1135 sibi
1376 1073 1541 1136 invenisse
1566 1073 1662 1134 visus
1684 1068 1735 1133 ille

534 1183 577 1245 sit
606 1182 640 1243 in
663 1177 724 1242 fine
748 1180 861 1262 capitis
885 1176 982 1241 huius
1007 1180 1117 1261 paucis
1141 1177 1245 1242 dicam
1271 1178 1395 1255 verbis,
1421 1180 1522 1254 meis,
1546 1183 1584 1241 ut
1612 1179 1733 1261 opinor,

534 1286 713 1351 refutatum
743 1286 808 1348 iam
841 1281 1071 1368 explosumque
1099 1285 1308 1369 argumentis.
1333 1284 1438 1369 Agam
1461 1284 1553 1346 81111
1577 1281 1620 1347 (18
1644 1282 1735 1345 hexa-

534 1398 711 1457 metrorum
735 1389 911 1454 latinorum
933 1410 1062 1454 caesura
1083 1392 1168 1454 κατὰ
1192 1390 1337 1469 τέταρτον
1361 1397 1517 1468 τροχαῖον.

582 1497 630 1561 Ab
665 1496 807 1561 Homero
840 1494 929 1560 illam
962 1517 1123 1561 caesuram
1158 1495 1269 1561 sedulo
1298 1498 1436 1561 vitatam
1466 1497 1600 1580 primus
1633 1491 1736 1559 Godo

535 1603 642 1668 fredus
675 1602 880 1666 Hermannus
910 1602 1022 1687 (Orph.
1055 1624 1085 1687 p.
1115 1601 1303 1682 6981118
1334 1609 1366 1667 et
1397 1607 1470 1686 post
1503 1621 1582 1665 eum
1608 1603 1735 1685 saepius

535 1712 599 1774 viri
629 1707 714 1773 docti
744 1709 1010 1791 pronuntiarunt,
1042 1708 1100 1773 hac
1135 1728 1211 1772 vero
1243 1715 1346 1774 881818
1377 1707 1594 1772 1881181118
1630 1715 1736 1770 188181

536 1822 638 1880 totam
670 1835 737 1878 rem
770 1820 837 1878 tam
869 1813 959 1879 docte
983 1821 1075 1878 acute
1098 1813 1272 1901 diligenter
1296 1820 1345 1878 est
1368 1821 1592 1899 perscrutatus
1618 1819 1659 1876 ut
1682 1814 1735 1877 vir

537 1940 732 2007 quemquam
756 1940 919 2003 superesse
951 1921 1060 2004 opiner
1092 1925 1148 2004 qui
1178 1923 1266 2005 quin,
1300 1919 1403 1984 sicubi
1434 1921 1536 1984 etiam
1567 1921 1606 1983 in
1638 1916 1736 1983 Iliade

536 2027 590 2093 vel
613 2027 755 2112 Odyssea
777 2028 969 2103 inveniatur,
993 2025 1213 2091 emendatione
1237 2028 1279 2090 sit
1304 2024 1444 2092 tollenda
1462 2024 1606 2089 dubitet.
1631 2023 1737 2087 Latini

536 2155 613 2200 vero
643 2139 753 2218 poetae
784 2129 883 2216 quid?
914 2131 998 2196 Fieri
1021 2138 1127 2217 potest
1149 2138 1187 2196 ut
1209 2132 1361 2197 Ovidium
1384 2130 1564 2218 Virgilium
1591 2128 1737 2195 8118818

438 2226 440 2229 ’
537 2261 616 2327 gens
646 2244 714 2303 tam
744 2237 842 2323 longo
873 2237 1045 2303 intervallo
1072 2238 1196 2303 nullam
1220 2239 1378 2303 eiusmodi
1400 2258 1566 2302 caesuram
1591 2238 1737 2301 invenias

537 2353 575 2410 ut
598 2344 723 2410 credere
745 2346 880 2428 incipias
899 2344 938 2408 ad
958 2343 1089 2409 Latinos
1107 2365 1235 2430 quoque
1251 2350 1360 2430 poetas
1380 2342 1562 2408 Hermanni
1575 2345 1737 2428 pertinere

537 2450 654 2537 legem.
686 2449 756 2526 Sic,
787 2456 824 2512 ut
851 2449 911 2514 hoc
942 2448 1089 2534 exemplo
1120 2456 1204 2527 utar,
1236 2450 1321 2535 quod
1352 2451 1434 2514 milri
1465 2469 1599 2534 semper
1626 2450 1736 2534 magni

538 2564 587 2623 est
609 2559 716 2621 visum
741 2558 911 2630 momenti,
935 2558 969 2619 11
988 2554 1203 2641 pulcherrima
1221 2555 1279 2620 illa
1299 2555 1406 2620 Ovidii
1426 2555 1464 2620 de
1483 2569 1594 2620 morte
1616 2552 1737 2620 Tibulli

539 2662 643 2749 elegia
667 2664 753 2741 (Am.
776 2661 833 2737 III,
859 2660 903 2741 9),
927 2682 1007 2745 quae
1032 2660 1075 2725 34
1098 2667 1148 2726 est
1172 2661 1400 2737 distichorum,
1421 2681 1586 2745 nusquam
1608 2679 1738 2726 caesura

536 2772 571 2834 in
595 2774 708 2854 quarto
733 2766 811 2852 pede
831 2767 989 2831 trochaica
1009 2766 1269 2852 deprehenditur.
1295 2768 1338 2831 At
1356 2770 1389 2831 in
1409 2767 1555 2831 eiusdem
1577 2769 1737 2832 Amorum

537 2875 611 2940 libri
638 2875 742 2960 elegia
764 2873 789 2949 Ι,
814 2893 895 2957 quae
920 2872 961 2937 35
988 2873 1083 2937 habet
1106 2872 1261 2950 disticha,
1286 2894 1349 2938 non
1374 2876 1481 2937 miuus
1507 2873 1738 2938 4181818818

537 2984 656 3047 incisos
678 2980 835 3066 legimus:

611 3089 649 3152 11
676 3087 771 3152 Venit
793 3094 825 3151 81
847 3089 972 3172 ingenti
996 3085 1137 3151 violenta
1161 3085 1173 3173 1
1195 3087 1372 3173 Tragoedia
1394 3108 1501 3172 passu.

608 3193 650 3257 29
675 3194 768 3257 Nunc
791 3193 925 3257 habeam
948 3214 1004 3277 per
1028 3203 1058 3257 te
1084 3193 1227 3257 Romana
1250 3191 1261 3280 1
1284 3191 1461 3279 Tragoedia
1484 3212 1621 3256 nomen.

609 3299 651 3364 35
676 3298 759 3379 Quid
783 3300 937 3385 gravibus
961 3299 1083 3374 verbis,
1108 3302 1253 3363 animosa
1276 3299 1289 3385 1
1313 3298 1488 3385 Tragoedia
1513 3298 1613 3364 dixit.

609 3405 650 3472 67
675 3404 842 3491 Exiguum
866 3408 934 3469 vati
956 3405 1090 3469 concede
1112 3403 1123 3492 1
1147 3404 1323 3490 Tragoedia
1346 3411 1483 3489 tempus.

585 3511 655 3576 Hac
685 3532 745 3598 ego
772 3514 856 3575 11181
879 3510 957 3575 duas
980 3510 1124 3575 eiusdem
1148 3509 1223 3575 libri
1246 3510 1366 3597 elegias
1389 3511 1609 3595 discrepantia
1632 3519 1738 3576 motus

541 3622 644 3682 totam
676 3638 744 3681 rem
778 3615 873 3701 paulo
904 3619 1084 3681 accuratius
1115 3615 1279 3700 explorare
1303 3616 1436 3681 decrevi.
1462 3615 1573 3701 Atque
1600 3619 1741 3702 excerpsi

542 3744 558 3788 8
582 3726 687 3808 primo
709 3722 790 3787 libro
814 3722 1115 3807 Metamorphoseon
1141 3743 1252 3787 versus
1274 3723 1383 3787 hosce:

613 3829 654 3893 12
679 3828 743 3893 Nec
767 3829 961 3893 circumfuso
985 3828 1142 3912 pendebat
1166 3828 1232 3915 111
1257 3825 1459 3893 8118181118.

611 3935 653 3999 23
678 3934 904 4020 1111811111
929 3938 1029 4019 spisso
1052 3937 1188 3999 secrevit
1211 3932 1221 4021 1
1245 3935 1283 3999 81
1307 3940 1378 3999 8118
1402 3932 1541 3999 caelum.

612 4041 652 4106 31
679 4040 803 4105 Ultima
827 4041 967 4125 possedit
990 4040 1195 4125 solidumque
1219 4039 1230 4127 1
1252 4042 1392 4105 coercuit
1415 4040 1539 4104 orbem.

612 4145 655 4211 36
678 4146 767 4212 Τ188
791 4147 871 4211 11818
895 4146 1022 4210 diffudit
1046 4146 1226 4231 rapidisque
1248 4145 1259 4233 1
1283 4152 1458 4210 tumescere
1482 4148 1606 4213 ventis.

613 4253 654 4318 55
680 4253 777 4318 118811
800 4260 832 4318 81
855 4253 1012 4317 humanas
1035 4260 1163 4318 motura
1186 4251 1196 4340 1
1219 4255 1361 4318 tonitrua
1385 4256 1520 4317 1181188.

614 4358 655 4425 76
679 4360 827 4425 Sanctius
851 4359 901 4423 his
925 4358 1044 4424 animal
1066 4362 1247 4444 mentisque
1270 4356 1281 4445 1
1305 4360 1451 4443 capacius
1474 4356 1571 4422 81188.

614 4466 654 4530 91
680 4466 786 4530 Ρ8818
807 4474 976 4550 metusque
1000 4466 1131 4530 aberant
1154 4486 1211 4529 188
1234 4465 1330 4529 verba
1353 4462 1364 4551 1
1386 4465 1525 4528 minacia
1549 4463 1630 4530 fixo.

591 4571 654 4637 107
679 4571 741 4637 Ver
764 4580 832 4637 erat
855 4578 1038 4648 aeternum,
1064 4570 1244 4657 placidique
1267 4570 1278 4658 1
1301 4571 1485 4656 tepentibus
1509 4574 1613 4636 auris.

592 4678 656 4744 125
681 4679 789 4744 Tertia
811 4686 883 4763 post
905 4678 996 4743 illam
1020 4681 1171 4743 successit
1195 4676 1207 4764 1
1229 4683 1325 4743 81188
1348 4676 1462 4762 proles.

591 4786 654 4851 141
680 4785 811 4869 lamque
834 4806 949 4849 nocens
972 4785 1094 4850 ferrum
1119 4784 1264 4869 ferroque
1287 4783 1298 4872 1
1320 4786 1486 4849 nocentius
1510 4804 1643 4849 aurum.
