4525 5950
772 702 814 750 ru
835 701 982 749 ruossor
1007 701 1089 747 eruo
1113 701 1280 748 uouuauu.
1554 681 1617 746 115

434 890 510 955 ergo
546 872 579 933 in
613 875 758 934 ventrem
788 868 907 933 vulnus
939 871 1057 953 aceepit
1073 869 1107 947 ¹).
1144 867 1254 953 Neque
1285 867 1449 954 fingendae
1481 867 1619 933 thoracis

431 984 539 1061 partes
557 978 604 1040 ita
627 979 815 1041 commissae
838 981 876 1039 ut
899 978 932 1039 in
956 974 1090 1061 longum
1114 977 1251 1059 pectoris
1276 977 1458 1060 ventrisque
1482 982 1513 1040 et
1535 978 1620 1060 tergi

432 1081 532 1146 altera
562 1103 635 1166 pars
665 1081 757 1147 alteri
788 1082 980 1166 superducta
1010 1085 1069 1157 sit;
1101 1101 1178 1145 uam
1209 1102 1270 1145 non
1302 1087 1430 1145 tantum
1460 1087 1620 1168 repugnat

431 1188 588 1273 quidquid
620 1188 658 1252 de
687 1188 854 1253 thoracum
885 1188 1003 1252 fabrice
1034 1188 1072 1252 ab
1104 1190 1246 1271 antiquis
1278 1187 1431 1252 discimus
1444 1189 1481 1267 ²),
1507 1209 1619 1252 verum

432 1297 503 1379 ipsa
527 1316 577 1359 res
600 1295 745 1359 absurde.

480 1400 542 1465 Sed
567 1400 606 1465 ad
633 1414 658 1464 Δ
676 1399 740 1464 133
764 1399 904 1486 legimus
927 1403 960 1464 in
985 1400 1083 1464 schol.
1109 1401 1136 1464 A
1160 1398 1201 1462 ὅθι
1226 1402 1292 1462 καθ’
1315 1396 1345 1464 ὃν
1367 1399 1458 1463 τόπον
1481 1401 1620 1478 ε’ζώννντο

437 1506 563 1575 διπλοῦς
596 1501 629 1576 ἦν
660 1507 673 1569 θ
706 1504 801 1582 θώραξ
826 1508 898 1568 καθὸ
924 1506 1124 1581 ὑποβέβλντο
1148 1507 1189 1585 τῷ
1213 1507 1317 1582 στατῷ
1343 1510 1449 1583 θώρακι
1473 1509 1507 1569 τὸ
1531 1509 1621 1583 λεγώ-

436 1614 524 1686 μὲνον
557 1610 644 1690 ζῶμα
675 1615 803 1686 καθῆκον
826 1614 919 1692 μεχρὶ
945 1619 1001 1676 τῶν
1026 1613 1164 1688 γονώτων
1188 1613 1250 1676 ἀπὸ
1274 1618 1332 1674 τῶν
1356 1613 1496 1688 λαγθνων
1519 1619 1552 1678 et
1574 1634 1623 1678 ao·

436 1719 510 1784 dem
542 1719 636 1783 modo
668 1718 763 1803 paulo
795 1720 924 1783 brevius
955 1718 993 1783 ad
1018 1717 1122 1783 Τ415
1148 1715 1379 1790 irascereris
1405 1723 1457 1783 τοῦ
1482 1719 1620 1797 ζώματος

436 1826 584 1900 ἐπιβολὴν
616 1828 686 1902 πρὸς
711 1828 761 1890 τὸν
785 1827 899 1888 σταπθν
924 1826 1049 1895 διπλοῦς
1076 1820 1108 1895 ἦν
1132 1825 1146 1888 θ
1171 1823 1284 1903 θώραξ,
1311 1826 1393 1891 unde
1417 1829 1563 1910 sequitur
1586 1834 1624 1891 ut

435 1933 639 1998 Aristarchus
669 1934 702 1995 τὸ
734 1931 819 2010 ζῶμα
854 1931 938 2017 quod
968 1938 1238 1998 commemoratur
1269 1944 1294 1995 Δ
1312 1932 1386 2009 187,
1411 1932 1477 1998 216
1502 1935 1623 1998 thoraci

435 2059 530 2104 aeneo
554 2041 632 2118 (,,τῷ
656 2039 797 2118 στατῷ”)
821 2041 1041 2124 suppositum,
1068 2059 1125 2124 pro
1149 2041 1219 2103 eius
1243 2046 1332 2124 parte
1354 2041 1518 2117 habuerit,
1544 2046 1623 2104 cete-

433 2149 550 2230 roquin
584 2144 675 2209 nullo
709 2148 778 2209 iure
815 2145 977 2209 thoracem
1007 2146 1067 2209 ibi
1099 2144 1261 2229 duplicem
1293 2167 1359 2211 esse
1391 2146 1515 2222 dicens,
1553 2147 1622 2210 ubi

432 2253 517 2318 illud
549 2273 624 2316 eum
656 2258 812 2338 tangeret.
844 2249 1001 2317 Convenit
1033 2250 1116 2336 quod
1141 2257 1189 2315 est
1210 2254 1243 2315 in
1268 2251 1363 2316 schol.
1388 2251 1417 2315 A
1443 2251 1482 2316 ed
1508 2265 1534 2316 Δ
1559 2251 1622 2317 187

436 2358 481 2424 θ’τι
507 2365 558 2423 τοῦ
584 2358 723 2438 ζώμαπος
748 2359 889 2433 μνησθεὶς
914 2357 1125 2437 παραλέλοιπε
1153 2360 1203 2423 τὸν
1224 2359 1342 2437 θώρακα
1362 2358 1439 2422 ώατε
1463 2361 1539 2423 ἀπὸ
1563 2359 1623 2435 ret·

436 2491 523 2546 ρουο
557 2468 592 2530 τὸ
622 2463 690 2531 aaa
720 2465 915 2539 δεδηλῶσθαι.
947 2465 1058 2550 Itaque
1087 2464 1188 2529 Lehrs
1211 2486 1241 2528 v.
1267 2464 1296 2530 d.
1321 2464 1453 2551 putst³)
1475 2468 1510 2530 πὸ
1534 2464 1622 2544 ζῶμα

435 2595 505 2640 esse
536 2575 676 2638 cinctum
708 2578 842 2637 aincum
874 2572 997 2636 thoraci
1028 2571 1159 2635 affixum
1172 2571 1208 2652 ⁴).
1240 2571 1338 2636 Mitto
1370 2573 1452 2656 quod
1481 2575 1622 2637 cinctum

435 2685 610 2745 aeneum
633 2680 731 2743 fuisse
755 2681 789 2743 πθ
813 2677 903 2757 ζῶμα
927 2680 960 2741 iu
985 2677 1113 2742 scholiis
1137 2697 1239 2762 neque
1262 2675 1392 2764 legitur,
1420 2700 1522 2763 neque
1551 2699 1623 2765 qua

434 2787 508 2851 drat
536 2788 569 2849 in
600 2785 633 2850 id
665 2785 749 2872 quod
779 2785 917 2870 legitur:
950 2783 984 2846 τὸ
1008 2784 1096 2865 ζῶμα
1121 2787 1262 2858 καθήκειν
1287 2784 1379 2863 μέχρι
1403 2792 1461 2848 τών
1484 2785 1622 2862 γονάτων

433 2893 500 2956 ἀπὸ
531 2898 588 2954 τῶν
620 2893 770 2969 λαγόνων.
802 2893 851 2955 An
884 2891 1003 2977 fingere
1034 2890 1109 2956 licet
1132 2893 1273 2955 cinctum
1297 2911 1430 2955 aeneum
1455 2892 1494 2957 ad
1517 2913 1623 2979 genus

435 3001 477 3065 ab
501 2999 599 3064 itibus
621 2996 804 3084 pertinens?
825 2998 886 3063 Sed
907 3004 1067 3083 praeterea
1088 2997 1188 3062 schol.
1210 2999 1237 3062 A
1258 2998 1297 3063 ad
1317 3007 1339 3061 Κ
1357 2996 1398 3064 77
1418 3000 1495 3063 haec
1513 3000 1621 3065 habet:

435 3105 525 3186 ζῶμα
555 3108 703 3170 καλοῖτο
726 3105 953 3181 συναπτόμενον
978 3114 1022 3184 τῇ
1047 3107 1172 3187 μίτρᾳ
1197 3106 1254 3169 ὑπὸ
1279 3106 1327 3168 τθν
1350 3107 1463 3169 στατὸν
1485 3106 1621 3184 θώρακα,

433 3218 469 3277 et
492 3233 531 3275 ue
554 3219 720 3297 propterea
750 3212 937 3276 thoracis
961 3231 1033 3294 pars
1058 3210 1092 3274 ri
1118 3211 1205 3290 ζῶμα
1230 3232 1298 3276 esse
1321 3219 1467 3299 negetur,
1492 3218 1623 3277 cautum

432 3317 565 3382 videtur
594 3321 628 3382 in
652 3317 748 3383 schol.
773 3316 801 3382 Α
828 3318 867 3382 ad
893 3316 955 3383 187
981 3319 1085 3382 verbis
1109 3318 1177 3382 his:
1203 3320 1220 3393 ἦ
1244 3318 1274 3382 δὲ
1298 3320 1392 3397 μίτρα
1417 3322 1513 3397 τούτῳ
1537 3343 1624 3395 πριο-

432 3432 534 3496 ῆππαι
569 3428 608 3502 τῷ
642 3426 759 3501 θώρακι.
790 3424 890 3489 Lehrs
922 3425 998 3489 haec
1030 3425 1127 3488 verba
1154 3431 1186 3489 et
1210 3445 1289 3508 quae
1311 3428 1343 3488 in
1369 3425 1479 3490 eodem
1503 3425 1623 3491 scholio

432 3545 616 3617 sequuntur
659 3538 830 3616 „corrupta
864 3539 896 3596 et
931 3531 1159 3617 suppositicia‘'
1199 3536 1322 3608 censet,
1362 3530 1553 3617 damnatque
1589 3537 1622 3597 in

432 3637 535 3704 schol.
567 3640 595 3702 A
627 3638 665 3703 ad
698 3636 785 3704 u77
810 3639 906 3703 verba
929 3648 974 3719 τῇ
999 3638 1135 3721 μθτρρι.
1168 3639 1212 3702 At
1234 3640 1382 3722 quamvis
1406 3638 1537 3704 infitiari
1559 3662 1623 3705 non

471 3854 498 3916 l)
525 3853 579 3919 Ipse
603 3851 692 3917 Helhig
718 3866 802 3917 parum
828 3850 873 3900 eibi
899 3853 1008 3899 constane
1027 3850 1061 3898 11.
1080 3867 1102 3915 p.
1121 3850 1169 3899 293
1192 3850 1296 3900 Menelai
1319 3851 1405 3901 vuluue
1428 3852 1533 3918 appellet
1557 3854 1623 3903 ,eine

434 3935 630 3987 Beuchwunde''.

470 4020 497 4079 2)
515 4018 545 4066 In
563 4016 722 4066 monumentis
738 4015 886 4064 saeculorum
904 4031 925 4064 e.
944 4013 989 4064 ch.
1006 4030 1030 4064 ιι.
1049 4013 1082 4063 vl
1100 4018 1125 4063 et
1144 4015 1163 4061 V
1182 4015 1280 4064 minime
1296 4019 1433 4064 terserunt
1451 4016 1622 4067 loricarum

432 4101 552 4164 imagines
574 4114 716 4149 conererum
742 4113 755 4147 e
777 4099 864 4147 fronte.
882 4097 928 4146 Sed
945 4112 1026 4146 earum
1045 4097 1163 4161 margines
1179 4097 1257 4147 hemis
1274 4101 1298 4147 et
1315 4097 1393 4147 erulis
1410 4100 1559 4158 commissae,
1576 4116 1623 4149 rou

434 4183 482 4233 eibi
500 4182 696 4247 superimpositae
713 4185 777 4230 eunt.

471 4267 499 4328 3)
517 4266 605 4313 Αιίιῐ.ι
623 4281 648 4329 p.
666 4263 722 4313 182.

468 4351 496 4406 4)
520 4348 656 4411 Cougruere
680 4346 775 4394 ridetur
793 4344 942 4409 Hesychius:
967 4342 1060 4407 ζῶμα
1083 4338 1100 4405 ᾧ
1125 4340 1230 4392 ἐπάνω
1254 4346 1300 4393 ποθ
1317 4342 1422 4405 θώρακος
1439 4341 1558 4408 ἐχρώνπο.
1578 4346 1623 4394 Sed

434 4429 589 4495 Apollonius:
610 4427 742 4492 ζωστὴρ
760 4427 771 4475 θ
790 4425 870 4474 θπώναι
888 4428 934 4474 ποθ
952 4423 1055 4485 θώρακος
1073 4420 1090 4486 ᾧ
1108 4430 1227 4487 χρῶνται.
1247 4427 1277 4475 lat
1291 4428 1343 4476 vide
1357 4444 1386 4476 ue
1400 4429 1461 4493 apud
1478 4428 1622 4492 Hesychium

433 4513 613 4562 confundentur
632 4510 707 4574 ζώμιο
724 4514 749 4559 et
766 4507 875 4573 ζαοτιθρ,
894 4518 920 4557 ut
937 4507 965 4557 eh
984 4507 1110 4556 Eustethio
1127 4508 1184 4556 haec
1201 4509 1334 4573 proferente
1351 4510 1389 4571 (ad
1407 4517 1427 4557 Δ
1443 4511 1512 4569 168):
1531 4505 1548 4571 ᾧ
1567 4510 1592 4570 (i.
1602 4526 1622 4558 e.

437 4593 536 4655 θώρακι)
560 4591 689 4641 ώπθκειπαι
712 4591 727 4648 a
746 4588 921 4652 ὑποβέβληται
942 4588 1042 4654 ζωστὴρ
1059 4588 1085 4646 ὃς
1103 4589 1170 4637 κατά
1188 4570 1257 4648 πινοιξ
1275 4589 1350 4654 ζῶμα
1367 4589 1479 4652 ἐλέγετο.
1498 4590 1567 4640 'I'eete
1588 4592 1623 4640 ui·

435 4676 527 4726 mirum
549 4675 622 4724 schol.
647 4677 666 4723 A
691 4675 720 4722 ed
737 4680 759 4721 Δ
773 4675 817 4722 {aa
834 4672 930 4734 (collato
948 4671 1020 4720 schot
1038 4671 1068 4719 ed
1085 4677 1107 4718 Δ
1125 4671 1183 4732 187)
1200 4671 1212 4719 θ
1230 4672 1331 4736 ζωστὴρ
1349 4668 1480 4729 ἐπίκειται,
1498 4673 1528 4720 τὸ
1547 4672 1622 4736 ζῶμα

435 4756 619 4819 ὑποβέβληται.
644 4762 722 4821 Atque
741 4757 813 4806 Arist.
831 4756 857 4804 iu
874 4754 948 4805 schol.
966 4761 985 4803 A
1004 4755 1033 4802 ed
1050 4754 1127 4806 11177
1145 4754 1313 4804 animadvertit
1331 4752 1429 4804 δοκοῦσι
1446 4753 1540 4805 ταθπδν
1558 4752 1621 4804 εἶναι

436 4840 515 4905 (w
533 4837 575 4888 nai
592 4837 701 4904 ζωστήρ,
718 4835 763 4887 αιἰιι
779 4833 837 4886 ’θππι
855 4834 883 4886 δι’
