4525 5950
1071 689 1192 738 ursus.
1666 670 1727 735 159

532 854 619 918 unde
646 854 706 918 hoo
728 856 762 916 in
787 853 982 918 Buermauni
1006 875 1075 919 rem
1098 854 1231 920 fortasse
1255 856 1416 938 quispiam
1440 853 1654 932 contenderit,
1679 875 1730 939 ap·

532 980 646 1046 parere
669 960 744 1024 hinc
767 959 851 1044 quod
874 962 973 1024 etiam
993 961 1077 1025 inter
1097 965 1222 1024 veteres
1240 960 1371 1024 suerunt
1390 962 1445 1044 qui
1465 981 1576 1025 vocem
1588 961 1729 1025 Atticam

533 1086 603 1129 esse
634 1085 800 1150 perperam
832 1070 995 1152 negarent.
1028 1064 1074 1130 De
1105 1067 1211 1130 verbis
1242 1065 1363 1144 οίνιοιοίς
1395 1073 1427 1129 et
1451 1067 1556 1136 σκοιίς
1580 1066 1730 1131 istudne

533 1170 700 1257 praetendi
730 1171 861 1255 quidem
893 1177 1008 1256 potest.
1041 1172 1169 1236 Etenim
1202 1173 1228 1234 si
1259 1172 1318 1236 hae
1349 1192 1441 1236 voces
1465 1186 1522 1236 aut
1544 1175 1729 1256 aequiorum

533 1283 664 1340 tentum
684 1283 759 1340 sunt
778 1283 835 1341 aut
854 1283 1038 1361 poetarum,
1060 1277 1099 1341 ad
1122 1278 1239 1341 horum
1260 1276 1379 1342 alteros
1398 1284 1487 1342 utros
1501 1277 1730 1343 Demosthenes

533 1403 662 1467 quoque
693 1390 789 1466 atque
819 1385 887 1467 ipse
920 1381 1035 1469 Lysias
1065 1385 1245 1467 pertineant
1275 1403 1399 1447 necesse
1422 1389 1479 1448 est.
1503 1382 1580 1462 Quis
1604 1386 1731 1469 ignorat

532 1487 784 1552 Demosthenioa
806 1487 879 1553 illa:
906 1486 983 1552 οὕτω
1008 1489 1113 1558 czaris
1138 1484 1169 1552 εί
1190 1490 1240 1553 καί
1267 1490 1467 1566 οὶνοοίσίντος,
1494 1490 1638 1570 Αἰσχίνη.
1662 1488 1729 1564 (Or.

534 1592 647 1658 XVIII
670 1593 780 1678 §120)
800 1601 849 1658 et:
869 1594 918 1666 τίς
938 1593 1000 1671 sep
1022 1595 1103 1659 ἐστιν
1121 1596 1282 1667 Ἑλλήνων
1302 1595 1319 1669 ἢ
1339 1593 1506 1673 βαρβάρων
1528 1593 1604 1659 οὕτω
1625 1595 1730 1665 σκοοιὸς

534 1700 589 1762 nai
623 1702 748 1773 ἀνήκοος
778 1713 846 1764 ντλ.
879 1698 946 1778 (Or.
970 1698 1051 1763 XIX
1074 1697 1206 1784 §312)l
1238 1699 1281 1764 Et
1312 1701 1450 1778 οίνιοιρίς,
1481 1722 1521 1764 ne
1545 1699 1728 1777 Platonem,

532 1805 798 1890 Xenophontem,
828 1805 1076 1871 Demosthenem
1103 1808 1258 1883 excitem,
1280 1827 1343 1870 non
1363 1812 1489 1871 tantum
1509 1809 1543 1870 in
1563 1806 1730 1888 Epitaphio

531 1913 566 1996 (ς
582 1909 638 1990 73)
660 1919 693 1976 et
716 1914 750 1975 in
775 1911 979 1976 Pteomneetsc
1002 1913 1033 1996 (ᾗ
1047 1911 1104 1990 28)
1128 1910 1261 1997 legitur,
1285 1933 1364 1997 quos
1387 1918 1484 1977 testes
1508 1912 1729 1977 Buermannus

532 2018 713 2094 recusabit,
737 2017 792 2081 sed
816 2020 913 2082 etiam
939 2015 992 2081 Or.
1016 2016 1109 2081 XXV
1133 2017 1219 2101 §20,
1243 2021 1336 2082 cuius
1359 2019 1522 2095 νννσιίτνς
1546 2039 1728 2103 nunquam,

532 2123 621 2208 quod
651 2124 769 2200 sciam,
803 2125 838 2186 in
871 2122 1007 2187 dubium
1039 2130 1152 2187 vocata
1182 2130 1240 2186 est.
1272 2123 1360 2187 Idem
1393 2123 1478 2188 valet
1509 2124 1547 2189 de
1571 2124 1728 2188 adiectivo

531 2229 719 2307 πολύφιλος.
743 2228 866 2312 Nempe
889 2226 1030 2314 legimus
1054 2228 1139 2313 apud
1159 2227 1326 2294 Pollucem
1346 2228 1407 2308 (Ill
1427 2227 1531 2313 §63):
1554 2235 1727 2306 προσφιλῶς

533 2334 567 2398 δὲ
600 2341 737 2408 Ξενοφῶν
767 2334 883 2413 ripere,
901 2373 931 2382 —
944 2373 978 2382 —
992 2335 1184 2410 πολυφιλίαν
1209 2334 1239 2398 δὲ
1263 2335 1314 2397 κπί
1340 2335 1539 2412 ίλινοφιλίοιν
1564 2337 1727 2412 Ἀντιφῶν,

534 2440 589 2504 nal
626 2442 811 2519 πολυφίλοις
848 2441 1044 2520 Ὑπερείδης,
1080 2442 1147 2503 κοί
1186 2445 1520 2518 πολυφιλώτερος
1557 2441 1726 2509 Λυσίας.

532 2545 647 2610 Restat
671 2550 898 2624 πλουτοῦντος,
923 2547 1008 2632 quod
1032 2566 1071 2612 er
1094 2546 1295 2631 pedestribus
1317 2567 1411 2611 nemo
1435 2566 1603 2630 usurpasse
1626 2547 1728 2630 perhi-

534 2653 633 2717 betur
662 2659 699 2716 ut
730 2654 773 2716 sit
804 2673 862 2738 pro
894 2653 1066 2723 πλουσίους.
1097 2652 1135 2716 In
1154 2660 1261 2717 nostra
1284 2655 1429 2717 oratione
1452 2651 1540 2716 adest
1562 2650 1631 2736 §71
1657 2651 1725 2715 οὔτε

531 2759 639 2835 γὰο-
651 2757 822 2834 --ἒώρων-
836 2759 957 2832 -ὑμῖις
976 2759 1032 2832 μὲν
1051 2762 1261 2827 πλουτοῦντος
1270 2806 1278 2835 ,
1295 2760 1349 2832 ἐμὲ
1363 2760 1394 2822 δὲ
1407 2757 1579 2833 πενόμενον.
1601 2756 1727 2822 DIxeria

532 2886 596 2928 non
617 2862 701 2928 male
721 2862 864 2948 copulari
884 2866 1091 2949 participium
1111 2884 1186 2929 cum
1206 2865 1391 2948 participio,
1412 2871 1444 2928 et
1456 2862 1726 2948 quemadmodum

531 2979 620 3036 recte
644 2971 705 3035 sibi
728 2977 933 3055 opponuntur
953 2971 1080 3044 πένητες
1101 2978 1134 3035 et
1154 2970 1311 3048 πλούσιοι,
1338 2974 1384 3035 ita
1403 2971 1559 3046 πενόμενοι
1584 2977 1616 3035 et
1637 2986 1727 3035 πλου-

533 3082 668 3146 τοῦντες.
690 3076 752 3140 Sed
772 3076 849 3161 quid
869 3098 964 3141 verus
983 3074 1118 3163 Lysias?
1139 3077 1186 3141 Ne
1206 3078 1258 3141 hic
1274 3076 1403 3161 quidem
1416 3077 1726 3142 dubitaritscribere

532 3181 602 3261 (Or.
626 3180 708 3244 XXI
731 3183 748 3265 ᾗ
772 3181 842 3261 Ιὸ);
877 3182 928 3245 καί
962 3183 1117 3255 πένητος
1150 3181 1370 3260 γενόμενον
1404 3184 1529 3256 ἐλεῆσαι
1561 3183 1724 3256 μᾶλλονῆ

531 3292 781 3352 πλουτοῦντι
806 3292 965 3367 φθονῆσαι.

580 3392 668 3458 Haec
698 3396 803 3478 igitur
833 3397 968 3458 crimina
997 3394 1093 3458 nihili
1124 3401 1209 3458 sunt.
1241 3392 1417 3478 Aliquanto
1442 3393 1514 3478 plus
1540 3396 1607 3458 veri
1631 3400 1725 3477 atque

529 3497 680 3584 ponderis
711 3505 759 3562 est
788 3501 820 3562 in
853 3501 894 3563 iis
917 3521 999 3584 quae
1019 3499 1108 3564 affert
1132 3500 1171 3565 de
1195 3498 1425 3564 vocabulorum
1450 3498 1649 3584 quorundam
1673 3498 1726 3562 vel

529 3603 766 3689 significatione
797 3604 849 3669 vel
879 3609 1116 3671 constructione
1148 3612 1337 3670 austerum
1361 3627 1423 3669 usu
1447 3607 1552 3690 magis
1576 3607 1724 3668 minusve

529 3710 739 3786 abhorrente,
772 3732 970 3795 quamquam
1001 3714 1034 3775 in
1059 3712 1109 3775 his
1134 3731 1260 3796 quoque
1284 3709 1336 3774 vel
1359 3710 1437 3775 locis
1461 3710 1499 3775 de
1523 3713 1724 3794 corruptione

529 3818 687 3899 suspectis
715 3815 860 3880 abutitur
891 3816 942 3880 rel
971 3823 1148 3902 potestates
1172 3817 1343 3880 verborum
1366 3818 1464 3880 ulmis
1488 3818 1566 3880 artis
1590 3818 1724 3879 circum-

530 3920 644 3985 scribit
678 3919 796 3984 finibus
835 3921 888 3986 rel
925 3944 982 4008 pro
1017 3924 1152 4007 imperio
1183 3921 1321 3987 affirmat
1356 3942 1437 4006 quae
1473 3920 1561 3985 nullo
1596 3924 1724 4006 negotio

531 4023 769 4090 convelluntur.
794 4023 908 4103 Velut,
932 4064 974 4075 -
995 4030 1103 4112 paucis
1127 4026 1294 4112 defungar,
1316 4064 1357 4075 -
1379 4027 1507 4091 scribit:
1534 4023 1628 4103 ,ὅσον
1646 4028 1676 4110 (ξ
1689 4025 1724 4103 2)

529 4132 590 4206 ist,
611 4130 666 4193 wie
685 4130 731 4193 bei
751 4131 936 4208 Aristoteles,
955 4170 987 4179 -
1001 4169 1031 4180 -
1051 4154 1108 4196 zur
1126 4130 1384 4215 (lausalpartikel
1404 4130 1607 4216 geworden.”
1635 4130 1724 4195 Itane

531 4233 628 4300 vero?
656 4235 719 4300 Sed
742 4238 886 4320 primum
909 4237 1145 4302 consideremus
1169 4236 1246 4320 quid
1271 4239 1406 4321 scriptor
1430 4236 1561 4300 dederit.
1587 4238 1723 4311 ’λνισρὸν

530 4342 586 4415 μὲν
611 4337 659 4404 οὖν
685 4340 920 4422 π’νπγκοίζεσίοιι
945 4342 1048 4418 λέγειν
1071 4341 1138 4420 περί
1163 4341 1286 4418 τούτων,
1311 4340 1460 4405 attonsos
1485 4341 1515 4403 δὲ
1540 4342 1584 4415 μίν
1608 4339 1722 4417 λέγειν,

531 4440 629 4509 ὅταν
662 4446 796 4509 ε’νοοντίον
828 4455 883 4519 τῆς
916 4448 1036 4517 ἐλπίδος
1061 4454 1192 4519 κοινῶς
1218 4450 1364 4527 ποίσχω
1390 4448 1439 4509 καί
1465 4447 1533 4515 τοὺς
1560 4447 1722 4516 δοκοῦντος

529 4547 606 4615 είνοιι
641 4552 754 4630 φίλους
791 4551 971 4624 ἀδικοῦντος
1009 4554 1187 4631 εὑρίσκω.
1232 4552 1344 4617 Nonne
1383 4553 1460 4616 haec
1495 4551 1533 4615 ad
1566 4553 1723 4615 amussim

530 4657 725 4742 respondent
747 4659 798 4722 his
820 4657 1018 4746 Thucydidis
1042 4659 1081 4739 (I,
1110 4658 1172 4723 141
1197 4658 1280 4743 §6):
1302 4659 1393 4740 urim
1414 4659 1469 4732 μὲν
1488 4658 1551 4734 γὰρ
1572 4664 1629 4738 μιᾷ
1652 4658 1722 4734 πρὸς

529 4761 676 4832 ἅπαντας
707 4763 866 4837 Ἕλληνος
894 4764 1013 4829 levaret
1038 4766 1270 4839 Πελοποννήσιοι
1289 4800 1319 4811 -
1334 4800 1365 4811 -
1384 4765 1554 4841 ἀντισχεῖν,
1576 4770 1723 4836 πολεμεῖν
