4525 5950
699 1313 1117 1404 PARALIPOMENA
1147 1315 1419 1404 LYSIAOA..

984 1550 1109 1592 scelesta·

886 1735 928 1800 Η.
959 1733 989 1800 J.
1022 1733 1202 1800 POLAK.

706 1901 980 1980 (Continuantarc
1007 1901 1073 1966 Vol.
1097 1899 1190 1965 XXX
1206 1924 1277 1983 pop.
1302 1900 1391 1979 386).

492 2463 650 2549 Sequitur
684 2465 786 2528 oratio
821 2468 950 2540 octava,
987 2465 1166 2539 Κατηγορία
1201 2465 1275 2542 πρὸς
1310 2463 1381 2535 τοὺς
1416 2467 1640 2535 συνουσιαστὰς

445 2575 649 2646 κακολογιῶν,
681 2588 762 2653 quae
791 2589 892 2652 neque
917 2589 991 2632 vera
1013 2571 1115 2633 oratio
1139 2575 1203 2644 est,
1231 2606 1272 2616 -
1297 2575 1345 2633 est
1368 2572 1472 2646 enim,
1496 2569 1549 2634 vel
1573 2590 1640 2633 esse

442 2677 593 2763 tingitur,
619 2674 769 2739 allocutio
792 2674 940 2752 (διάλεξιν
963 2676 1123 2758 aequiores
1147 2675 1288 2739 rhetores
1311 2675 1463 2753 dixerint)
1486 2695 1549 2759 qua
1569 2678 1640 2760 quis

443 2803 463 2846 a
494 2779 658 2845 sodalibus
689 2777 920 2844 contumeliose
951 2779 1081 2843 habitus
1111 2800 1219 2844 coram
1250 2800 1363 2844 corona
1385 2779 1639 2844 familiaritatem

442 2889 486 2950 iis
511 2887 674 2950 renuntiat
689 2882 725 2964 ¹),
750 2922 790 2933 -
816 2905 918 2968 neque
942 2883 1086 2970 Lysiaca.
1107 2885 1196 2949 Haec
1216 2886 1298 2949 mihi
1317 2906 1392 2949 cum
1412 2886 1641 2950 recentioribus

444 2994 570 3058 criticis
600 2991 765 3067 omnibus,
798 2998 835 3055 ut
866 2992 988 3074 opinor,
1020 2998 1105 3056 certa
1137 2991 1300 3055 ridentur.
1326 2991 1372 3056 De
1395 2995 1507 3056 ceteris
1532 2995 1640 3056 omnia

442 3100 618 3162 incertiora
647 3104 740 3173 sunt,
772 3117 847 3161 cum
877 3098 1008 3181 scriptio
1039 3106 1071 3161 et
1102 3095 1314 3160 multifariam
1338 3105 1489 3181 corrupta
1512 3100 1571 3172 sit,
1597 3134 1639 3145 -

442 3223 548 3287 neque
583 3208 691 3265 tamen
726 3207 775 3265 eet
808 3222 865 3265 cur
898 3223 974 3266 cum
1008 3201 1156 3266 Scheibio
1193 3206 1395 3279 „orationum
1430 3201 1639 3288 Lysiacarnm

443 3312 594 3374 omnium
625 3307 887 3392 corruptissima”
920 3308 1046 3384 audiat,
1072 3344 1113 3355 -
1138 3315 1170 3372 et
1201 3310 1427 3373 obscurissima
1449 3319 1482 3372 et
1504 3311 1640 3392 pessime

442 3417 632 3499 composita.
653 3414 750 3478 Recte
768 3413 985 3478 Franckenius
1006 3410 1189 3490 „Gordiano
1209 3414 1290 3478 nodo
1310 3414 1640 3479 intricatiora'’inesse

443 3520 612 3586 contendit
634 3516 682 3598 (G.
709 3519 744 3583 h.
768 3541 800 3604 p.
827 3519 892 3600 60),
917 3522 978 3584 etsi
1003 3518 1094 3604 plura
1113 3520 1152 3583 ad
1172 3540 1301 3584 causam
1322 3523 1512 3603 pertinentia
1533 3517 1640 3604 paullo

443 3624 638 3690 dilucidiora
670 3625 754 3689 facta
777 3631 852 3688 sunt
877 3624 969 3689 docta
991 3628 1261 3690 commentatione
1284 3645 1381 3710 quam
1404 3626 1480 3689 huic
1504 3628 1640 3689 orationi

442 3729 607 3814 impendit
631 3730 673 3794 H.
694 3729 877 3795 Buermann
897 3732 931 3793 in
950 3728 1090 3794 Hermae
1113 3730 1179 3794 Vol.
1201 3730 1231 3794 X
1252 3728 1369 3809 (1875)
1382 3753 1433 3815 pp.
1449 3729 1637 3795 347-374.

442 3837 557 3902 Unum
590 3842 638 3900 est
668 3835 752 3919 quod
776 3837 846 3899 viro
870 3835 995 3901 erudito
1017 3838 1206 3920 neutiquam
1230 3840 1438 3901 concesserim
1461 3836 1557 3920 idque
1580 3840 1641 3921 pri-

443 3945 606 4018 marium,
637 3940 676 4006 de
707 3947 853 4027 tempore
876 3963 939 4025 quo
963 3943 1094 4024 scriptio
1117 3944 1293 4025 composita
1316 3962 1383 4006 esse
1405 3941 1575 4006 iudicanda
1598 3945 1641 4005 sit

443 4047 483 4111 de
518 4049 649 4129 eiusque
679 4067 755 4111 rere
784 4053 899 4111 natura
930 4053 1025 4130 atque
1055 4066 1183 4131 genere.
1207 4046 1383 4110 Existimat
1406 4067 1520 4130 nempe
1544 4046 1640 4110 Buer-

442 4171 585 4216 mannus
609 4160 716 4215 tenere
738 4171 794 4216 nos
819 4151 1025 4236 sophisticam
1045 4150 1179 4225 μελέτην
1201 4153 1436 4215 exercitationis
1455 4171 1550 4215 causa
1569 4172 1640 4215 con·

440 4258 563 4322 tectam
587 4276 721 4360 eamque
744 4258 956 4320 recentissimi
980 4257 1149 4341 temporis:
1176 4258 1249 4330 „ein
1273 4255 1456 4319 Machwerk
1481 4277 1538 4319 aus
1558 4276 1639 4341 ganz

479 4531 507 4589 l)
531 4528 566 4576 Ut
589 4527 695 4585 Blaesio,
717 4527 751 4576 sic
774 4527 834 4576 mihi
857 4526 947 4593 optime
971 4527 1029 4577 olim
1051 4528 1102 4577 eins
1126 4531 1238 4576 naturam
1261 4526 1381 4591 aperuisse
1406 4527 1500 4576 ridetur
1519 4527 1638 4576 Reiskius.

443 4609 551 4660 ‚make
568 4610 656 4659 nimmt
672 4625 717 4668 an,
734 4609 840 4659 dessein
858 4609 1012 4674 Abaagsbrief
1027 4625 1057 4658 an
1075 4609 1199 4658 wirkliche
1218 4609 1314 4659 trihere
1329 4609 1436 4658 Freundc
1451 4610 1570 4672 vorlicgc;
1585 4628 1639 4658 man

438 4692 526 4742 scsirde
542 4706 613 4754 capes
630 4695 719 4740 uttam
736 4690 774 4739 cin
791 4692 817 4739 in
830 4691 870 4740 die
889 4694 955 4740 Foras
972 4691 1037 4740 σίσισν
1051 4691 1114 4739 Rode
1125 4691 1270 4753 qeklcideter
1288 4690 1461 4753 Adrayedrief”
1485 4692 1566 4753 (tttssr
1583 4694 1638 4740 Art.

441 4774 558 4823 enoda}
580 4772 631 4834 lp.
650 4772 719 4832 644.)

1459 4870 1489 4917 ll
