<?xml version="1.0" encoding="UTF-8"?>
<!DOCTYPE html PUBLIC "-//W3C//DTD XHTML 1.0 Transitional//EN"
    "http://www.w3.org/TR/xhtml1/DTD/xhtml1-transitional.dtd">
<html xmlns="http://www.w3.org/1999/xhtml" xml:lang="en" lang="en">
 <head>
  <title>
</title>
<meta http-equiv="Content-Type" content="text/html;charset=utf-8" />
  <meta name='ocr-system' content='tesseract 3.04.00' />
  <meta name='ocr-capabilities' content='ocr_page ocr_carea ocr_par ocr_line ocrx_word'/>
</head>
<body>
  <div class='ocr_page' id='page_1' title='image "./mnemosyne07verdgoog_0655.png"; bbox 0 0 4525 5950; ppageno 0'>
   <div class='ocr_carea' id='block_1_1' title="bbox 790 642 1636 732">
    <p class='ocr_par' dir='ltr' id='par_1_1' title="bbox 790 642 1636 732">
     <span class='ocr_line' id='line_1_1' title="bbox 790 642 1636 732; baseline -0.007 -1"><span class='ocrx_word' id='word_1_1' title='bbox 790 682 834 732; x_wconf 84' lang='lat' dir='ltr'>ar</span> <span class='ocrx_word' id='word_1_2' title='bbox 855 680 1003 730; x_wconf 77' lang='lat' dir='ltr'>neesson</span> <span class='ocrx_word' id='word_1_3' title='bbox 1026 681 1108 731; x_wconf 79' lang='lat' dir='ltr'>arno</span> <span class='ocrx_word' id='word_1_4' title='bbox 1130 680 1297 731; x_wconf 77' lang='lat' dir='ltr'>renueras.</span> <span class='ocrx_word' id='word_1_5' title='bbox 1572 642 1636 726; x_wconf 79' lang='lat'><strong>1‘79</strong></span> 
     </span>
    </p>
   </div>
   <div class='ocr_carea' id='block_1_2' title="bbox 450 842 1742 930">
    <p class='ocr_par' dir='ltr' id='par_1_2' title="bbox 450 842 1742 930">
     <span class='ocr_line' id='line_1_2' title="bbox 450 842 1742 930; baseline -0.005 -18"><span class='ocrx_word' id='word_1_6' title='bbox 450 853 561 912; x_wconf 82' lang='lat' dir='ltr'>cutem</span> <span class='ocrx_word' id='word_1_7' title='bbox 593 853 731 927; x_wconf 72' lang='grc' dir='ltr'>χιτῶνα,</span> <span class='ocrx_word' id='word_1_8' title='bbox 763 867 859 930; x_wconf 94' lang='lat' dir='ltr'>quem</span> <span class='ocrx_word' id='word_1_9' title='bbox 889 844 997 909; x_wconf 89' lang='lat' dir='ltr'>induit</span> <span class='ocrx_word' id='word_1_10' title='bbox 1022 843 1171 908; x_wconf 83' lang='lat' dir='ltr'>Minerva</span> <span class='ocrx_word' id='word_1_11' title='bbox 1193 852 1218 907; x_wconf 87' lang='lat' dir='ltr'>E</span> <span class='ocrx_word' id='word_1_12' title='bbox 1241 842 1317 919; x_wconf 82' lang='grc'><strong>736,</strong></span> <span class='ocrx_word' id='word_1_13' title='bbox 1343 852 1369 906; x_wconf 87' lang='grc' dir='ltr'>Θ</span> <span class='ocrx_word' id='word_1_14' title='bbox 1391 842 1466 920; x_wconf 84' lang='grc'><strong>390,</strong></span> <span class='ocrx_word' id='word_1_15' title='bbox 1491 863 1641 908; x_wconf 89' lang='lat' dir='ltr'>veremur</span> <span class='ocrx_word' id='word_1_16' title='bbox 1736 866 1742 875; x_wconf 94' lang='lat'><strong>·</strong></span> 
     </span>
    </p>
   </div>
   <div class='ocr_carea' id='block_1_3' title="bbox 451 948 1681 4335">
    <p class='ocr_par' dir='ltr' id='par_1_3' title="bbox 451 948 1681 4014">
     <span class='ocr_line' id='line_1_3' title="bbox 451 948 1640 1037; baseline -0.002 -21"><span class='ocrx_word' id='word_1_17' title='bbox 451 974 511 1037; x_wconf 91' lang='lat' dir='ltr'>pro</span> <span class='ocrx_word' id='word_1_18' title='bbox 551 952 678 1017; x_wconf 82' lang='lat' dir='ltr'><strong>thorace</strong></span> <span class='ocrx_word' id='word_1_19' title='bbox 721 957 816 1017; x_wconf 78' lang='lat' dir='ltr'>atneo</span> <span class='ocrx_word' id='word_1_20' title='bbox 852 951 985 1027; x_wconf 88' lang='lat' dir='ltr'>habere,</span> <span class='ocrx_word' id='word_1_21' title='bbox 1023 952 1051 1013; x_wconf 91' lang='lat' dir='ltr'>si</span> <span class='ocrx_word' id='word_1_22' title='bbox 1089 949 1218 1033; x_wconf 89' lang='lat' dir='ltr'>quidem</span> <span class='ocrx_word' id='word_1_23' title='bbox 1257 948 1365 1014; x_wconf 91' lang='lat' dir='ltr'>nullus</span> <span class='ocrx_word' id='word_1_24' title='bbox 1404 970 1442 1014; x_wconf 82' lang='lat' dir='ltr'>er</span> <span class='ocrx_word' id='word_1_25' title='bbox 1481 949 1562 1025; x_wconf 83' lang='lat' dir='ltr'>deis,</span> <span class='ocrx_word' id='word_1_26' title='bbox 1601 969 1640 1014; x_wconf 89' lang='lat' dir='ltr'>ne</span> 
     </span>
     <span class='ocr_line' id='line_1_4' title="bbox 451 1054 1644 1144; baseline -0.003 -21"><span class='ocrx_word' id='word_1_27' title='bbox 451 1057 650 1144; x_wconf 81' lang='lat' dir='ltr'>Bellipotens</span> <span class='ocrx_word' id='word_1_28' title='bbox 686 1057 832 1143; x_wconf 89' lang='lat' dir='ltr'>quidem,</span> <span class='ocrx_word' id='word_1_29' title='bbox 870 1076 1006 1142; x_wconf 90' lang='lat' dir='ltr'>usquam</span> <span class='ocrx_word' id='word_1_30' title='bbox 1042 1054 1126 1140; x_wconf 90' lang='lat' dir='ltr'>apud</span> <span class='ocrx_word' id='word_1_31' title='bbox 1160 1054 1339 1120; x_wconf 83' lang='lat' dir='ltr'><strong>Homerum</strong></span> <span class='ocrx_word' id='word_1_32' title='bbox 1374 1055 1555 1120; x_wconf 90' lang='lat' dir='ltr'>thoracatns</span> <span class='ocrx_word' id='word_1_33' title='bbox 1590 1055 1644 1119; x_wconf 91' lang='lat' dir='ltr'>ob·</span> 
     </span>
     <span class='ocr_line' id='line_1_5' title="bbox 452 1156 1641 1249; baseline -0.003 -21"><span class='ocrx_word' id='word_1_34' title='bbox 452 1167 529 1229; x_wconf 81' lang='lat' dir='ltr'>vius</span> <span class='ocrx_word' id='word_1_35' title='bbox 560 1164 607 1228; x_wconf 84' lang='lat' dir='ltr'>fit.</span> <span class='ocrx_word' id='word_1_36' title='bbox 640 1165 745 1249; x_wconf 84' lang='lat' dir='ltr'><strong>Atque</strong></span> <span class='ocrx_word' id='word_1_37' title='bbox 776 1162 904 1228; x_wconf 89' lang='lat' dir='ltr'>Oileum</span> <span class='ocrx_word' id='word_1_38' title='bbox 928 1174 957 1227; x_wconf 84' lang='lat' dir='ltr'>A</span> <span class='ocrx_word' id='word_1_39' title='bbox 978 1160 1021 1226; x_wconf 88' lang='grc'>96</span> <span class='ocrx_word' id='word_1_40' title='bbox 1044 1159 1137 1246; x_wconf 79' lang='lat' dir='ltr'>galea</span> <span class='ocrx_word' id='word_1_41' title='bbox 1160 1168 1280 1226; x_wconf 90' lang='lat' dir='ltr'>scortea</span> <span class='ocrx_word' id='word_1_42' title='bbox 1305 1168 1425 1227; x_wconf 89' lang='lat' dir='ltr'>tectum</span> <span class='ocrx_word' id='word_1_43' title='bbox 1449 1161 1590 1226; x_wconf 83' lang='lat' dir='ltr'>vidimus</span> <span class='ocrx_word' id='word_1_44' title='bbox 1607 1156 1641 1238; x_wconf 90' lang='lat'>¹),</span> 
     </span>
     <span class='ocr_line' id='line_1_6' title="bbox 453 1267 1644 1355; baseline -0.005 -20"><span class='ocrx_word' id='word_1_45' title='bbox 453 1270 495 1335; x_wconf 91' lang='lat' dir='ltr'>ed</span> <span class='ocrx_word' id='word_1_46' title='bbox 537 1291 633 1355; x_wconf 90' lang='lat' dir='ltr'>quam</span> <span class='ocrx_word' id='word_1_47' title='bbox 678 1270 793 1335; x_wconf 82' lang='lat' dir='ltr'>thorax</span> <span class='ocrx_word' id='word_1_48' title='bbox 835 1274 949 1333; x_wconf 70' lang='lat' dir='ltr'>aeneus</span> <span class='ocrx_word' id='word_1_49' title='bbox 990 1288 1105 1354; x_wconf 91' lang='lat' dir='ltr'>parum</span> <span class='ocrx_word' id='word_1_50' title='bbox 1148 1271 1313 1350; x_wconf 83' lang='lat' dir='ltr'>couvenit;</span> <span class='ocrx_word' id='word_1_51' title='bbox 1357 1288 1458 1353; x_wconf 92' lang='lat' dir='ltr'>neque</span> <span class='ocrx_word' id='word_1_52' title='bbox 1500 1267 1644 1332; x_wconf 85' lang='lat' dir='ltr'><strong>Bianoris</strong></span> 
     </span>
     <span class='ocr_line' id='line_1_7' title="bbox 454 1373 1645 1461; baseline -0.005 -20"><span class='ocrx_word' id='word_1_53' title='bbox 454 1397 583 1442; x_wconf 88' lang='lat' dir='ltr'>caueam</span> <span class='ocrx_word' id='word_1_54' title='bbox 617 1376 657 1441; x_wconf 92' lang='lat' dir='ltr'>ab</span> <span class='ocrx_word' id='word_1_55' title='bbox 688 1397 724 1441; x_wconf 89' lang='lat' dir='ltr'>eo</span> <span class='ocrx_word' id='word_1_56' title='bbox 756 1378 893 1461; x_wconf 91' lang='lat' dir='ltr'>separari</span> <span class='ocrx_word' id='word_1_57' title='bbox 924 1395 1031 1460; x_wconf 90' lang='lat' dir='ltr'>posse,</span> <span class='ocrx_word' id='word_1_58' title='bbox 1064 1373 1155 1440; x_wconf 90' lang='lat' dir='ltr'>docet</span> <span class='ocrx_word' id='word_1_59' title='bbox 1184 1377 1252 1459; x_wconf 92' lang='lat' dir='ltr'>ipse</span> <span class='ocrx_word' id='word_1_60' title='bbox 1284 1395 1329 1438; x_wconf 84' lang='lat' dir='ltr'>vs.</span> <span class='ocrx_word' id='word_1_61' title='bbox 1357 1374 1431 1439; x_wconf 91' lang='grc'><strong>100.</strong></span> <span class='ocrx_word' id='word_1_62' title='bbox 1462 1373 1533 1438; x_wconf 90' lang='lat' dir='ltr'>Nisi</span> <span class='ocrx_word' id='word_1_63' title='bbox 1564 1373 1645 1437; x_wconf 83' lang='lat' dir='ltr'>forte</span> 
     </span>
     <span class='ocr_line' id='line_1_8' title="bbox 455 1480 1646 1568; baseline -0.003 -22"><span class='ocrx_word' id='word_1_64' title='bbox 455 1505 503 1548; x_wconf 85' lang='lat' dir='ltr'>vs.</span> <span class='ocrx_word' id='word_1_65' title='bbox 537 1482 579 1548; x_wconf 82' lang='lat'>99</span> <span class='ocrx_word' id='word_1_66' title='bbox 601 1504 667 1568; x_wconf 92' lang='lat' dir='ltr'>sqq.</span> <span class='ocrx_word' id='word_1_67' title='bbox 705 1482 761 1547; x_wconf 90' lang='lat' dir='ltr'>alii</span> <span class='ocrx_word' id='word_1_68' title='bbox 796 1489 906 1568; x_wconf 91' lang='lat' dir='ltr'>poetae</span> <span class='ocrx_word' id='word_1_69' title='bbox 937 1482 1092 1546; x_wconf 83' lang='lat' dir='ltr'>debentur</span> <span class='ocrx_word' id='word_1_70' title='bbox 1120 1489 1216 1565; x_wconf 82' lang='lat' dir='ltr'>atque</span> <span class='ocrx_word' id='word_1_71' title='bbox 1246 1484 1424 1565; x_wconf 89' lang='lat' dir='ltr'>superiora,</span> <span class='ocrx_word' id='word_1_72' title='bbox 1461 1480 1544 1566; x_wconf 93' lang='lat' dir='ltr'>quod</span> <span class='ocrx_word' id='word_1_73' title='bbox 1575 1481 1646 1544; x_wconf 84' lang='lat' dir='ltr'>veri</span> 
     </span>
     <span class='ocr_line' id='line_1_9' title="bbox 455 1587 1645 1675; baseline -0.003 -21"><span class='ocrx_word' id='word_1_74' title='bbox 455 1589 564 1654; x_wconf 90' lang='lat' dir='ltr'>simile</span> <span class='ocrx_word' id='word_1_75' title='bbox 596 1589 725 1675; x_wconf 89' lang='lat' dir='ltr'>quidem</span> <span class='ocrx_word' id='word_1_76' title='bbox 758 1610 820 1653; x_wconf 90' lang='lat' dir='ltr'>non</span> <span class='ocrx_word' id='word_1_77' title='bbox 853 1587 991 1663; x_wconf 84' lang='lat' dir='ltr'>videtur,</span> <span class='ocrx_word' id='word_1_78' title='bbox 1023 1608 1123 1672; x_wconf 91' lang='lat' dir='ltr'>neque</span> <span class='ocrx_word' id='word_1_79' title='bbox 1147 1593 1253 1651; x_wconf 89' lang='lat' dir='ltr'>tamen</span> <span class='ocrx_word' id='word_1_80' title='bbox 1277 1595 1388 1652; x_wconf 90' lang='lat' dir='ltr'>utrum</span> <span class='ocrx_word' id='word_1_81' title='bbox 1412 1590 1459 1652; x_wconf 90' lang='lat' dir='ltr'>ita</span> <span class='ocrx_word' id='word_1_82' title='bbox 1483 1589 1526 1651; x_wconf 90' lang='lat' dir='ltr'>sit</span> <span class='ocrx_word' id='word_1_83' title='bbox 1549 1605 1645 1651; x_wconf 89' lang='lat' dir='ltr'>necue</span> 
     </span>
     <span class='ocr_line' id='line_1_10' title="bbox 456 1692 1646 1781; baseline -0.003 -22"><span class='ocrx_word' id='word_1_84' title='bbox 456 1717 515 1781; x_wconf 91' lang='lat' dir='ltr'>pro</span> <span class='ocrx_word' id='word_1_85' title='bbox 538 1702 624 1760; x_wconf 88' lang='lat' dir='ltr'>certo</span> <span class='ocrx_word' id='word_1_86' title='bbox 648 1697 722 1760; x_wconf 88' lang='lat' dir='ltr'>sciri</span> <span class='ocrx_word' id='word_1_87' title='bbox 746 1701 862 1780; x_wconf 87' lang='lat' dir='ltr'>potest.</span> <span class='ocrx_word' id='word_1_88' title='bbox 892 1695 933 1758; x_wconf 78' lang='lat' dir='ltr'>hc</span> <span class='ocrx_word' id='word_1_89' title='bbox 954 1695 1005 1758; x_wconf 90' lang='lat' dir='ltr'>hic</span> <span class='ocrx_word' id='word_1_90' title='bbox 1025 1692 1138 1758; x_wconf 91' lang='lat' dir='ltr'>saltem</span> <span class='ocrx_word' id='word_1_91' title='bbox 1160 1700 1253 1779; x_wconf 89' lang='lat' dir='ltr'>poete</span> <span class='ocrx_word' id='word_1_92' title='bbox 1272 1699 1425 1758; x_wconf 89' lang='lat' dir='ltr'>nentrum</span> <span class='ocrx_word' id='word_1_93' title='bbox 1444 1694 1646 1758; x_wconf 90' lang='lat' dir='ltr'>thoracatum</span> 
     </span>
     <span class='ocr_line' id='line_1_11' title="bbox 456 1799 1650 1886; baseline -0.003 -20"><span class='ocrx_word' id='word_1_94' title='bbox 456 1801 570 1867; x_wconf 87' lang='lat' dir='ltr'>voluit.</span> <span class='ocrx_word' id='word_1_95' title='bbox 592 1801 703 1866; x_wconf 81' lang='lat' dir='ltr'>Restat</span> <span class='ocrx_word' id='word_1_96' title='bbox 725 1801 814 1866; x_wconf 95' lang='lat' dir='ltr'>locus</span> <span class='ocrx_word' id='word_1_97' title='bbox 832 1799 927 1877; x_wconf 62' lang='lat'>5481</span> <span class='ocrx_word' id='word_1_98' title='bbox 942 1822 1008 1886; x_wconf 90' lang='lat' dir='ltr'>sqq.</span> <span class='ocrx_word' id='word_1_99' title='bbox 1029 1799 1092 1864; x_wconf 90' lang='lat' dir='ltr'>Hic</span> <span class='ocrx_word' id='word_1_100' title='bbox 1104 1799 1248 1885; x_wconf 90' lang='lat' dir='ltr'>plerique</span> <span class='ocrx_word' id='word_1_101' title='bbox 1258 1803 1446 1886; x_wconf 86' lang='lat' dir='ltr'>interpretes</span> <span class='ocrx_word' id='word_1_102' title='bbox 1458 1804 1650 1866; x_wconf 89' lang='lat' dir='ltr'>censuerunt</span> 
     </span>
     <span class='ocr_line' id='line_1_12' title="bbox 456 1905 1648 1993; baseline -0.002 -22"><span class='ocrx_word' id='word_1_103' title='bbox 456 1907 545 1988; x_wconf 75' lang='grc' dir='ltr'>ζῶμα</span> <span class='ocrx_word' id='word_1_104' title='bbox 578 1909 705 1985; x_wconf 60' lang='lat' dir='ltr'>massada</span> <span class='ocrx_word' id='word_1_105' title='bbox 736 1928 782 1971; x_wconf 84' lang='lat' dir='ltr'>vs.</span> <span class='ocrx_word' id='word_1_106' title='bbox 808 1906 873 1970; x_wconf 82' lang='lat'>482</span> <span class='ocrx_word' id='word_1_107' title='bbox 897 1910 1004 1992; x_wconf 91' lang='lat' dir='ltr'>ipsum</span> <span class='ocrx_word' id='word_1_108' title='bbox 1029 1914 1146 1986; x_wconf 67' lang='grc' dir='ltr'><strong><em>χιτῶνα</em></strong></span> <span class='ocrx_word' id='word_1_109' title='bbox 1171 1905 1421 1993; x_wconf 78' lang='lat' dir='ltr'>intellegendum</span> <span class='ocrx_word' id='word_1_110' title='bbox 1447 1928 1532 1984; x_wconf 87' lang='lat' dir='ltr'>esse,</span> <span class='ocrx_word' id='word_1_111' title='bbox 1556 1909 1648 1973; x_wconf 90' lang='lat' dir='ltr'>cuius</span> 
     </span>
     <span class='ocr_line' id='line_1_13' title="bbox 456 2012 1647 2099; baseline -0.003 -19"><span class='ocrx_word' id='word_1_112' title='bbox 456 2017 580 2080; x_wconf 89' lang='lat' dir='ltr'>mentio</span> <span class='ocrx_word' id='word_1_113' title='bbox 613 2014 650 2079; x_wconf 87' lang='lat' dir='ltr'>fit</span> <span class='ocrx_word' id='word_1_114' title='bbox 680 2012 756 2092; x_wconf 85' lang='grc'>489,</span> <span class='ocrx_word' id='word_1_115' title='bbox 787 2013 884 2099; x_wconf 93' lang='lat' dir='ltr'>idque</span> <span class='ocrx_word' id='word_1_116' title='bbox 910 2017 974 2089; x_wconf 89' lang='lat' dir='ltr'>ita,</span> <span class='ocrx_word' id='word_1_117' title='bbox 1000 2018 1036 2077; x_wconf 94' lang='lat' dir='ltr'>ut</span> <span class='ocrx_word' id='word_1_118' title='bbox 1060 2020 1195 2099; x_wconf 90' lang='lat' dir='ltr'>utroque</span> <span class='ocrx_word' id='word_1_119' title='bbox 1218 2012 1286 2079; x_wconf 91' lang='lat' dir='ltr'>loco</span> <span class='ocrx_word' id='word_1_120' title='bbox 1310 2013 1507 2098; x_wconf 77' lang='lat' dir='ltr'>significetur</span> <span class='ocrx_word' id='word_1_121' title='bbox 1530 2016 1647 2078; x_wconf 91' lang='lat' dir='ltr'>tunica.</span> 
     </span>
     <span class='ocr_line' id='line_1_14' title="bbox 457 2119 1650 2206; baseline -0.003 -21"><span class='ocrx_word' id='word_1_122' title='bbox 457 2121 583 2200; x_wconf 79' lang='lat' dir='ltr'>Quibus</span> <span class='ocrx_word' id='word_1_123' title='bbox 622 2119 759 2184; x_wconf 88' lang='lat' dir='ltr'>libenter</span> <span class='ocrx_word' id='word_1_124' title='bbox 797 2123 973 2203; x_wconf 83' lang='lat' dir='ltr'>assentirer,</span> <span class='ocrx_word' id='word_1_125' title='bbox 1010 2140 1084 2183; x_wconf 89' lang='lat' dir='ltr'>cnm</span> <span class='ocrx_word' id='word_1_126' title='bbox 1119 2122 1307 2204; x_wconf 89' lang='lat' dir='ltr'>praesertim</span> <span class='ocrx_word' id='word_1_127' title='bbox 1341 2120 1427 2206; x_wconf 90' lang='lat' dir='ltr'>apud</span> <span class='ocrx_word' id='word_1_128' title='bbox 1461 2121 1650 2185; x_wconf 84' lang='lat' dir='ltr'>recentiores</span> 
     </span>
     <span class='ocr_line' id='line_1_15' title="bbox 456 2223 1649 2313; baseline -0.001 -22"><span class='ocrx_word' id='word_1_129' title='bbox 456 2247 585 2313; x_wconf 89' lang='lat' dir='ltr'>qnoque</span> <span class='ocrx_word' id='word_1_130' title='bbox 627 2224 823 2292; x_wconf 83' lang='lat' dir='ltr'>Graecorum</span> <span class='ocrx_word' id='word_1_131' title='bbox 865 2228 1035 2311; x_wconf 77' lang='lat' dir='ltr'>scriptores</span> <span class='ocrx_word' id='word_1_132' title='bbox 1076 2223 1166 2304; x_wconf 71' lang='grc' dir='ltr'>ζῶμα</span> <span class='ocrx_word' id='word_1_133' title='bbox 1208 2228 1252 2290; x_wconf 92' lang='lat' dir='ltr'>sit</span> <span class='ocrx_word' id='word_1_134' title='bbox 1295 2229 1402 2292; x_wconf 90' lang='lat' dir='ltr'>tunica</span> <span class='ocrx_word' id='word_1_135' title='bbox 1421 2225 1463 2306; x_wconf 82' lang='lat'>²),</span> <span class='ocrx_word' id='word_1_136' title='bbox 1502 2228 1563 2290; x_wconf 86' lang='lat' dir='ltr'>nisi</span> <span class='ocrx_word' id='word_1_137' title='bbox 1597 2226 1649 2292; x_wconf 92' lang='lat' dir='ltr'>ob-</span> 
     </span>
     <span class='ocr_line' id='line_1_16' title="bbox 458 2332 1650 2419; baseline -0.003 -21"><span class='ocrx_word' id='word_1_138' title='bbox 458 2340 560 2398; x_wconf 80' lang='lat' dir='ltr'>staret</span> <span class='ocrx_word' id='word_1_139' title='bbox 594 2353 657 2398; x_wconf 84' lang='lat' dir='ltr'>vor</span> <span class='ocrx_word' id='word_1_140' title='bbox 692 2332 817 2411; x_wconf 71' lang='grc' dir='ltr'>φαεινόν</span> <span class='ocrx_word' id='word_1_141' title='bbox 852 2332 892 2396; x_wconf 91' lang='lat' dir='ltr'>ad</span> <span class='ocrx_word' id='word_1_142' title='bbox 932 2334 1076 2396; x_wconf 89' lang='lat' dir='ltr'>tunicam</span> <span class='ocrx_word' id='word_1_143' title='bbox 1116 2352 1230 2417; x_wconf 92' lang='lat' dir='ltr'>parnm</span> <span class='ocrx_word' id='word_1_144' title='bbox 1268 2339 1352 2419; x_wconf 89' lang='lat' dir='ltr'>apta.</span> <span class='ocrx_word' id='word_1_145' title='bbox 1394 2333 1505 2418; x_wconf 89' lang='lat' dir='ltr'>ltaque</span> <span class='ocrx_word' id='word_1_146' title='bbox 1542 2333 1650 2417; x_wconf 88' lang='lat' dir='ltr'>potius</span> 
     </span>
     <span class='ocr_line' id='line_1_17' title="bbox 458 2436 1650 2524; baseline 0.001 -20"><span class='ocrx_word' id='word_1_147' title='bbox 458 2439 605 2517; x_wconf 89' lang='lat' dir='ltr'>credam,</span> <span class='ocrx_word' id='word_1_148' title='bbox 630 2438 662 2502; x_wconf 92' lang='lat' dir='ltr'>id</span> <span class='ocrx_word' id='word_1_149' title='bbox 687 2439 771 2524; x_wconf 95' lang='lat' dir='ltr'>qnod</span> <span class='ocrx_word' id='word_1_150' title='bbox 792 2441 895 2503; x_wconf 88' lang='lat' dir='ltr'>inesse</span> <span class='ocrx_word' id='word_1_151' title='bbox 919 2438 1047 2503; x_wconf 83' lang='lat' dir='ltr'>videtur</span> <span class='ocrx_word' id='word_1_152' title='bbox 1070 2437 1189 2504; x_wconf 88' lang='lat' dir='ltr'>scholio</span> <span class='ocrx_word' id='word_1_153' title='bbox 1208 2440 1237 2503; x_wconf 76' lang='lat' dir='ltr'>A</span> <span class='ocrx_word' id='word_1_154' title='bbox 1255 2439 1294 2504; x_wconf 89' lang='lat' dir='ltr'>ad</span> <span class='ocrx_word' id='word_1_155' title='bbox 1315 2451 1341 2503; x_wconf 93' lang='grc' dir='ltr'>Δ</span> <span class='ocrx_word' id='word_1_156' title='bbox 1359 2436 1421 2505; x_wconf 82' lang='grc'><strong>187</strong></span> <span class='ocrx_word' id='word_1_157' title='bbox 1436 2436 1471 2520; x_wconf 81' lang='lat'>³),</span> <span class='ocrx_word' id='word_1_158' title='bbox 1492 2436 1580 2518; x_wconf 75' lang='grc' dir='ltr'>ζῶμα</span> <span class='ocrx_word' id='word_1_159' title='bbox 1599 2441 1650 2505; x_wconf 90' lang='lat' dir='ltr'>hic</span> 
     </span>
     <span class='ocr_line' id='line_1_18' title="bbox 460 2543 1651 2631; baseline -0.001 -20"><span class='ocrx_word' id='word_1_160' title='bbox 460 2567 531 2612; x_wconf 90' lang='lat' dir='ltr'>esse</span> <span class='ocrx_word' id='word_1_161' title='bbox 562 2544 803 2631; x_wconf 82' lang='lat' dir='ltr'>subligaculum</span> <span class='ocrx_word' id='word_1_162' title='bbox 835 2543 932 2609; x_wconf 90' lang='lat' dir='ltr'>simul</span> <span class='ocrx_word' id='word_1_163' title='bbox 965 2553 997 2609; x_wconf 92' lang='lat' dir='ltr'>et</span> <span class='ocrx_word' id='word_1_164' title='bbox 1019 2547 1170 2623; x_wconf 84' lang='lat' dir='ltr'>mitram,</span> <span class='ocrx_word' id='word_1_165' title='bbox 1195 2547 1247 2610; x_wconf 91' lang='lat' dir='ltr'>cni</span> <span class='ocrx_word' id='word_1_166' title='bbox 1269 2544 1350 2609; x_wconf 92' lang='lat' dir='ltr'>illud</span> <span class='ocrx_word' id='word_1_167' title='bbox 1375 2545 1506 2611; x_wconf 86' lang='lat' dir='ltr'>affixum</span> <span class='ocrx_word' id='word_1_168' title='bbox 1529 2552 1594 2624; x_wconf 84' lang='lat' dir='ltr'>est,</span> <span class='ocrx_word' id='word_1_169' title='bbox 1618 2552 1651 2610; x_wconf 91' lang='lat' dir='ltr'>et</span> 
     </span>
     <span class='ocr_line' id='line_1_19' title="bbox 459 2650 1649 2738; baseline 0 -21"><span class='ocrx_word' id='word_1_170' title='bbox 459 2675 511 2718; x_wconf 82' lang='lat' dir='ltr'>vs.</span> <span class='ocrx_word' id='word_1_171' title='bbox 536 2650 602 2716; x_wconf 82' lang='lat'>482</span> <span class='ocrx_word' id='word_1_172' title='bbox 632 2651 719 2716; x_wconf 88' lang='lat' dir='ltr'>sileri</span> <span class='ocrx_word' id='word_1_173' title='bbox 742 2653 883 2738; x_wconf 91' lang='lat' dir='ltr'>potuisse</span> <span class='ocrx_word' id='word_1_174' title='bbox 907 2651 945 2716; x_wconf 89' lang='lat' dir='ltr'>de</span> <span class='ocrx_word' id='word_1_175' title='bbox 969 2653 1095 2726; x_wconf 92' lang='lat' dir='ltr'>tunica,</span> <span class='ocrx_word' id='word_1_176' title='bbox 1119 2672 1166 2715; x_wconf 89' lang='lat' dir='ltr'>ve.</span> <span class='ocrx_word' id='word_1_177' title='bbox 1192 2650 1257 2715; x_wconf 90' lang='grc'>489</span> <span class='ocrx_word' id='word_1_178' title='bbox 1281 2651 1319 2715; x_wconf 91' lang='lat' dir='ltr'>de</span> <span class='ocrx_word' id='word_1_179' title='bbox 1343 2657 1432 2717; x_wconf 92' lang='lat' dir='ltr'>scuto</span> <span class='ocrx_word' id='word_1_180' title='bbox 1456 2660 1488 2718; x_wconf 90' lang='lat' dir='ltr'>et</span> <span class='ocrx_word' id='word_1_181' title='bbox 1510 2657 1649 2730; x_wconf 81' lang='lat' dir='ltr'>comate,</span> 
     </span>
     <span class='ocr_line' id='line_1_20' title="bbox 458 2757 1652 2843; baseline -0.002 -19"><span class='ocrx_word' id='word_1_182' title='bbox 458 2780 537 2824; x_wconf 92' lang='lat' dir='ltr'>cum</span> <span class='ocrx_word' id='word_1_183' title='bbox 571 2765 708 2843; x_wconf 91' lang='lat' dir='ltr'>utroque</span> <span class='ocrx_word' id='word_1_184' title='bbox 741 2757 809 2823; x_wconf 90' lang='lat' dir='ltr'>loco</span> <span class='ocrx_word' id='word_1_185' title='bbox 845 2757 905 2822; x_wconf 94' lang='lat' dir='ltr'>hoc</span> <span class='ocrx_word' id='word_1_186' title='bbox 940 2763 1067 2821; x_wconf 93' lang='lat' dir='ltr'>tantum</span> <span class='ocrx_word' id='word_1_187' title='bbox 1100 2757 1232 2822; x_wconf 85' lang='lat' dir='ltr'>referret</span> <span class='ocrx_word' id='word_1_188' title='bbox 1267 2760 1450 2838; x_wconf 82' lang='lat' dir='ltr'>enuntiare,</span> <span class='ocrx_word' id='word_1_189' title='bbox 1482 2759 1652 2824; x_wconf 88' lang='lat' dir='ltr'>desiderari</span> 
     </span>
     <span class='ocr_line' id='line_1_21' title="bbox 458 2862 1651 2951; baseline 0.002 -23"><span class='ocrx_word' id='word_1_190' title='bbox 458 2863 609 2951; x_wconf 91' lang='lat' dir='ltr'>pallium.</span> <span class='ocrx_word' id='word_1_191' title='bbox 634 2863 697 2929; x_wconf 82' lang='lat' dir='ltr'>Sed</span> <span class='ocrx_word' id='word_1_192' title='bbox 720 2863 942 2950; x_wconf 90' lang='lat' dir='ltr'>quoquomodo</span> <span class='ocrx_word' id='word_1_193' title='bbox 964 2862 1049 2928; x_wconf 90' lang='lat' dir='ltr'>illud</span> <span class='ocrx_word' id='word_1_194' title='bbox 1073 2885 1106 2928; x_wconf 90' lang='lat' dir='ltr'>se</span> <span class='ocrx_word' id='word_1_195' title='bbox 1129 2862 1242 2940; x_wconf 89' lang='lat' dir='ltr'>habet,</span> <span class='ocrx_word' id='word_1_196' title='bbox 1265 2864 1303 2929; x_wconf 89' lang='lat' dir='ltr'>de</span> <span class='ocrx_word' id='word_1_197' title='bbox 1326 2865 1454 2930; x_wconf 81' lang='lat' dir='ltr'>thorace</span> <span class='ocrx_word' id='word_1_198' title='bbox 1476 2872 1573 2932; x_wconf 73' lang='lat' dir='ltr'>aliuco</span> <span class='ocrx_word' id='word_1_199' title='bbox 1599 2866 1651 2930; x_wconf 92' lang='lat' dir='ltr'>hic</span> 
     </span>
     <span class='ocr_line' id='line_1_22' title="bbox 459 2956 1681 3057; baseline 0.002 -21"><span class='ocrx_word' id='word_1_200' title='bbox 459 2993 525 3036; x_wconf 93' lang='lat' dir='ltr'>nou</span> <span class='ocrx_word' id='word_1_201' title='bbox 556 2974 692 3057; x_wconf 80' lang='lat' dir='ltr'>cogitari</span> <span class='ocrx_word' id='word_1_202' title='bbox 722 2977 843 3055; x_wconf 86' lang='lat' dir='ltr'>potest,</span> <span class='ocrx_word' id='word_1_203' title='bbox 876 2972 937 3036; x_wconf 87' lang='lat' dir='ltr'>nisi</span> <span class='ocrx_word' id='word_1_204' title='bbox 968 2972 1000 3035; x_wconf 79' lang='lat' dir='ltr'>et</span> <span class='ocrx_word' id='word_1_205' title='bbox 1030 2970 1126 3049; x_wconf 79' lang='grc' dir='ltr'><strong><em>χιτών</em></strong></span> <span class='ocrx_word' id='word_1_206' title='bbox 1158 2977 1190 3035; x_wconf 89' lang='grc' dir='ltr'>ε1</span> <span class='ocrx_word' id='word_1_207' title='bbox 1222 2968 1312 3051; x_wconf 74' lang='grc' dir='ltr'>ζῶμα</span> <span class='ocrx_word' id='word_1_208' title='bbox 1343 2970 1395 3035; x_wconf 95' lang='lat' dir='ltr'>hic</span> <span class='ocrx_word' id='word_1_209' title='bbox 1418 2971 1504 3037; x_wconf 91' lang='lat' dir='ltr'>idem</span> <span class='ocrx_word' id='word_1_210' title='bbox 1528 2979 1594 3050; x_wconf 90' lang='lat' dir='ltr'>est,</span> <span class='ocrx_word' id='word_1_211' title='bbox 1619 2956 1681 3038; x_wconf 53' lang='lat' dir='ltr'>et&#39;</span> 
     </span>
     <span class='ocr_line' id='line_1_23' title="bbox 458 3076 1650 3165; baseline 0.001 -22"><span class='ocrx_word' id='word_1_212' title='bbox 458 3086 640 3164; x_wconf 87' lang='lat' dir='ltr'>utroque</span> <span class='ocrx_word' id='word_1_213' title='bbox 661 3080 791 3142; x_wconf 88' lang='lat' dir='ltr'>nomine</span> <span class='ocrx_word' id='word_1_214' title='bbox 812 3077 998 3164; x_wconf 79' lang='lat' dir='ltr'>designatur</span> <span class='ocrx_word' id='word_1_215' title='bbox 1019 3078 1131 3143; x_wconf 79' lang='lat' dir='ltr'>thorax</span> <span class='ocrx_word' id='word_1_216' title='bbox 1151 3082 1275 3142; x_wconf 73' lang='lat' dir='ltr'>ainans.</span> <span class='ocrx_word' id='word_1_217' title='bbox 1296 3079 1340 3141; x_wconf 88' lang='lat' dir='ltr'>At</span> <span class='ocrx_word' id='word_1_218' title='bbox 1352 3085 1550 3165; x_wconf 91' lang='lat' dir='ltr'>praepostere</span> <span class='ocrx_word' id='word_1_219' title='bbox 1562 3076 1650 3157; x_wconf 82' lang='grc' dir='ltr'><strong><em>ζῶμα</em></strong></span> 
     </span>
     <span class='ocr_line' id='line_1_24' title="bbox 459 3183 1649 3271; baseline 0.003 -24"><span class='ocrx_word' id='word_1_220' title='bbox 459 3205 520 3271; x_wconf 90' lang='lat' dir='ltr'>pro</span> <span class='ocrx_word' id='word_1_221' title='bbox 540 3191 629 3269; x_wconf 88' lang='lat' dir='ltr'>parte</span> <span class='ocrx_word' id='word_1_222' title='bbox 649 3184 789 3249; x_wconf 86' lang='lat' dir='ltr'>thoracis</span> <span class='ocrx_word' id='word_1_223' title='bbox 808 3183 933 3260; x_wconf 88' lang='lat' dir='ltr'>haberi,</span> <span class='ocrx_word' id='word_1_224' title='bbox 954 3185 1071 3249; x_wconf 90' lang='lat' dir='ltr'>nedum</span> <span class='ocrx_word' id='word_1_225' title='bbox 1092 3183 1129 3248; x_wconf 93' lang='lat' dir='ltr'>de</span> <span class='ocrx_word' id='word_1_226' title='bbox 1154 3189 1223 3250; x_wconf 92' lang='lat' dir='ltr'>toto</span> <span class='ocrx_word' id='word_1_227' title='bbox 1241 3184 1368 3249; x_wconf 88' lang='lat' dir='ltr'>thorace</span> <span class='ocrx_word' id='word_1_228' title='bbox 1387 3190 1482 3250; x_wconf 72' lang='lat' dir='ltr'>aeneo</span> <span class='ocrx_word' id='word_1_229' title='bbox 1502 3188 1545 3250; x_wconf 90' lang='lat' dir='ltr'>sit</span> <span class='ocrx_word' id='word_1_230' title='bbox 1563 3185 1649 3251; x_wconf 88' lang='lat' dir='ltr'>iutel-</span> 
     </span>
     <span class='ocr_line' id='line_1_25' title="bbox 457 3290 1652 3378; baseline 0.002 -22"><span class='ocrx_word' id='word_1_231' title='bbox 457 3290 651 3376; x_wconf 84' lang='lat' dir='ltr'>legendum,</span> <span class='ocrx_word' id='word_1_232' title='bbox 671 3291 869 3356; x_wconf 88' lang='lat' dir='ltr'>ostendimus</span> <span class='ocrx_word' id='word_1_233' title='bbox 888 3294 919 3355; x_wconf 90' lang='lat' dir='ltr'>iu</span> <span class='ocrx_word' id='word_1_234' title='bbox 939 3290 1158 3376; x_wconf 89' lang='lat' dir='ltr'>pertractando</span> <span class='ocrx_word' id='word_1_235' title='bbox 1177 3290 1246 3355; x_wconf 91' lang='lat' dir='ltr'>loco</span> <span class='ocrx_word' id='word_1_236' title='bbox 1268 3290 1374 3356; x_wconf 78' lang='lat' dir='ltr'>u132</span> <span class='ocrx_word' id='word_1_237' title='bbox 1394 3314 1460 3378; x_wconf 94' lang='lat' dir='ltr'>sqq.</span> <span class='ocrx_word' id='word_1_238' title='bbox 1481 3292 1533 3371; x_wconf 89' lang='lat' dir='ltr'>(cf.</span> <span class='ocrx_word' id='word_1_239' title='bbox 1554 3314 1652 3377; x_wconf 87' lang='lat' dir='ltr'>supra</span> 
     </span>
     <span class='ocr_line' id='line_1_26' title="bbox 457 3395 1651 3483; baseline 0.003 -24"><span class='ocrx_word' id='word_1_240' title='bbox 457 3420 494 3483; x_wconf 87' lang='lat' dir='ltr'>p.</span> <span class='ocrx_word' id='word_1_241' title='bbox 524 3396 589 3461; x_wconf 92' lang='grc'>114</span> <span class='ocrx_word' id='word_1_242' title='bbox 610 3402 680 3481; x_wconf 83' lang='lat' dir='ltr'>sq).</span> <span class='ocrx_word' id='word_1_243' title='bbox 711 3396 877 3462; x_wconf 90' lang='lat' dir='ltr'>Postremo</span> <span class='ocrx_word' id='word_1_244' title='bbox 897 3398 960 3462; x_wconf 90' lang='lat' dir='ltr'>huc</span> <span class='ocrx_word' id='word_1_245' title='bbox 980 3396 1153 3461; x_wconf 87' lang='lat' dir='ltr'>trahendus</span> <span class='ocrx_word' id='word_1_246' title='bbox 1170 3403 1219 3462; x_wconf 89' lang='lat' dir='ltr'>est</span> <span class='ocrx_word' id='word_1_247' title='bbox 1238 3406 1265 3461; x_wconf 86' lang='grc' dir='ltr'>Π</span> <span class='ocrx_word' id='word_1_248' title='bbox 1286 3395 1361 3462; x_wconf 85' lang='grc'><strong>419.</strong></span> <span class='ocrx_word' id='word_1_249' title='bbox 1392 3398 1442 3462; x_wconf 94' lang='lat' dir='ltr'>lbi</span> <span class='ocrx_word' id='word_1_250' title='bbox 1462 3397 1651 3483; x_wconf 82' lang='lat' dir='ltr'>Sarpedonis</span> 
     </span>
     <span class='ocr_line' id='line_1_27' title="bbox 458 3500 1651 3588; baseline 0 -19"><span class='ocrx_word' id='word_1_251' title='bbox 458 3500 585 3569; x_wconf 85' lang='lat' dir='ltr'>sodales</span> <span class='ocrx_word' id='word_1_252' title='bbox 616 3502 766 3568; x_wconf 87' lang='lat' dir='ltr'>dicuntur</span> <span class='ocrx_word' id='word_1_253' title='bbox 795 3505 1055 3582; x_wconf 74' lang='grc' dir='ltr'>ὶμιτροχίτωνες,</span> <span class='ocrx_word' id='word_1_254' title='bbox 1089 3524 1164 3568; x_wconf 92' lang='lat' dir='ltr'>eum</span> <span class='ocrx_word' id='word_1_255' title='bbox 1191 3508 1300 3568; x_wconf 90' lang='lat' dir='ltr'>autem</span> <span class='ocrx_word' id='word_1_256' title='bbox 1325 3506 1381 3588; x_wconf 93' lang='lat' dir='ltr'>qni</span> <span class='ocrx_word' id='word_1_257' title='bbox 1401 3504 1583 3570; x_wconf 86' lang='lat' dir='ltr'>thorecatus</span> <span class='ocrx_word' id='word_1_258' title='bbox 1602 3511 1651 3570; x_wconf 94' lang='lat' dir='ltr'>est</span> 
     </span>
     <span class='ocr_line' id='line_1_28' title="bbox 458 3608 1651 3696; baseline 0.002 -23"><span class='ocrx_word' id='word_1_259' title='bbox 458 3630 520 3695; x_wconf 90' lang='lat' dir='ltr'>per</span> <span class='ocrx_word' id='word_1_260' title='bbox 550 3630 583 3673; x_wconf 90' lang='lat' dir='ltr'>se</span> <span class='ocrx_word' id='word_1_261' title='bbox 611 3616 699 3694; x_wconf 90' lang='lat' dir='ltr'>patet</span> <span class='ocrx_word' id='word_1_262' title='bbox 722 3612 819 3675; x_wconf 90' lang='lat' dir='ltr'>mitra</span> <span class='ocrx_word' id='word_1_263' title='bbox 842 3631 905 3675; x_wconf 93' lang='lat' dir='ltr'>uon</span> <span class='ocrx_word' id='word_1_264' title='bbox 928 3613 979 3674; x_wconf 90' lang='lat' dir='ltr'>uti</span> <span class='ocrx_word' id='word_1_265' title='bbox 1002 3610 1054 3689; x_wconf 85' lang='lat' dir='ltr'>(cf.</span> <span class='ocrx_word' id='word_1_266' title='bbox 1079 3630 1176 3695; x_wconf 90' lang='lat' dir='ltr'>supra</span> <span class='ocrx_word' id='word_1_267' title='bbox 1200 3632 1230 3695; x_wconf 90' lang='lat' dir='ltr'>p.</span> <span class='ocrx_word' id='word_1_268' title='bbox 1256 3608 1320 3674; x_wconf 95' lang='grc'>118</span> <span class='ocrx_word' id='word_1_269' title='bbox 1340 3616 1411 3695; x_wconf 84' lang='lat' dir='ltr'>sq),</span> <span class='ocrx_word' id='word_1_270' title='bbox 1434 3612 1544 3696; x_wconf 91' lang='lat' dir='ltr'>itaque</span> <span class='ocrx_word' id='word_1_271' title='bbox 1567 3611 1651 3696; x_wconf 94' lang='lat' dir='ltr'>quod</span> 
     </span>
     <span class='ocr_line' id='line_1_29' title="bbox 459 3715 1651 3803; baseline 0.001 -22"><span class='ocrx_word' id='word_1_272' title='bbox 459 3721 645 3781; x_wconf 90' lang='lat' dir='ltr'>memoratu</span> <span class='ocrx_word' id='word_1_273' title='bbox 665 3716 801 3802; x_wconf 79' lang='lat' dir='ltr'>dignum</span> <span class='ocrx_word' id='word_1_274' title='bbox 824 3723 918 3802; x_wconf 92' lang='lat' dir='ltr'>putat</span> <span class='ocrx_word' id='word_1_275' title='bbox 939 3721 1032 3802; x_wconf 70' lang='lat' dir='ltr'>poeta</span> <span class='ocrx_word' id='word_1_276' title='bbox 1052 3717 1298 3794; x_wconf 69' lang='grc' dir='ltr'>ἀμιτροχίτωνας</span> <span class='ocrx_word' id='word_1_277' title='bbox 1319 3737 1371 3781; x_wconf 89' lang='grc' dir='ltr'>εοε</span> <span class='ocrx_word' id='word_1_278' title='bbox 1391 3715 1507 3795; x_wconf 86' lang='lat' dir='ltr'>dicere,</span> <span class='ocrx_word' id='word_1_279' title='bbox 1521 3723 1651 3803; x_wconf 91' lang='lat' dir='ltr'>apparet</span> 
     </span>
     <span class='ocr_line' id='line_1_30' title="bbox 460 3822 1650 3909; baseline 0.001 -22"><span class='ocrx_word' id='word_1_280' title='bbox 460 3842 540 3887; x_wconf 90' lang='lat' dir='ltr'>eum</span> <span class='ocrx_word' id='word_1_281' title='bbox 571 3842 635 3886; x_wconf 92' lang='lat' dir='ltr'>non</span> <span class='ocrx_word' id='word_1_282' title='bbox 666 3823 845 3888; x_wconf 88' lang='lat' dir='ltr'>thoracatos</span> <span class='ocrx_word' id='word_1_283' title='bbox 868 3823 988 3909; x_wconf 80' lang='lat' dir='ltr'>fingere</span> <span class='ocrx_word' id='word_1_284' title='bbox 1011 3822 1066 3889; x_wconf 92' lang='lat' dir='ltr'>sed</span> <span class='ocrx_word' id='word_1_285' title='bbox 1089 3825 1250 3888; x_wconf 84' lang='lat' dir='ltr'>tunicatos</span> <span class='ocrx_word' id='word_1_286' title='bbox 1272 3822 1368 3908; x_wconf 87' lang='lat' dir='ltr'>idque</span> <span class='ocrx_word' id='word_1_287' title='bbox 1390 3825 1437 3888; x_wconf 90' lang='lat' dir='ltr'>ita</span> <span class='ocrx_word' id='word_1_288' title='bbox 1458 3830 1496 3888; x_wconf 90' lang='lat' dir='ltr'>ut</span> <span class='ocrx_word' id='word_1_289' title='bbox 1519 3825 1650 3888; x_wconf 87' lang='lat' dir='ltr'>mitram</span> 
     </span>
     <span class='ocr_line' id='line_1_31' title="bbox 461 3928 1452 4014; baseline -0.001 -20"><span class='ocrx_word' id='word_1_290' title='bbox 461 3928 707 4014; x_wconf 74' lang='lat' dir='ltr'>abnegaverint,</span> <span class='ocrx_word' id='word_1_291' title='bbox 732 3950 829 4013; x_wconf 87' lang='lat' dir='ltr'>quam</span> <span class='ocrx_word' id='word_1_292' title='bbox 851 3928 907 3994; x_wconf 90' lang='lat' dir='ltr'>alii</span> <span class='ocrx_word' id='word_1_293' title='bbox 930 3928 1027 3994; x_wconf 90' lang='lat' dir='ltr'>multi</span> <span class='ocrx_word' id='word_1_294' title='bbox 1052 3930 1110 3994; x_wconf 91' lang='lat' dir='ltr'>sub</span> <span class='ocrx_word' id='word_1_295' title='bbox 1135 3932 1241 3994; x_wconf 91' lang='lat' dir='ltr'>tunica</span> <span class='ocrx_word' id='word_1_296' title='bbox 1265 3930 1452 3994; x_wconf 89' lang='lat' dir='ltr'>retinebant.</span> 
     </span>
    </p>

    <p class='ocr_par' dir='ltr' id='par_1_4' title="bbox 463 4034 1651 4335">
     <span class='ocr_line' id='line_1_32' title="bbox 512 4034 1651 4122; baseline 0.002 -22"><span class='ocrx_word' id='word_1_297' title='bbox 512 4034 641 4120; x_wconf 88' lang='lat' dir='ltr'>Reliqui</span> <span class='ocrx_word' id='word_1_298' title='bbox 670 4034 733 4100; x_wconf 90' lang='lat' dir='ltr'>loci</span> <span class='ocrx_word' id='word_1_299' title='bbox 765 4036 804 4101; x_wconf 92' lang='lat' dir='ltr'>ad</span> <span class='ocrx_word' id='word_1_300' title='bbox 836 4058 885 4102; x_wconf 91' lang='lat' dir='ltr'>res</span> <span class='ocrx_word' id='word_1_301' title='bbox 916 4036 1045 4101; x_wconf 89' lang='lat' dir='ltr'>bellicas</span> <span class='ocrx_word' id='word_1_302' title='bbox 1073 4038 1286 4122; x_wconf 88' lang='lat' dir='ltr'>pertinentes,</span> <span class='ocrx_word' id='word_1_303' title='bbox 1316 4037 1373 4101; x_wconf 93' lang='lat' dir='ltr'>nbi</span> <span class='ocrx_word' id='word_1_304' title='bbox 1397 4036 1511 4100; x_wconf 83' lang='lat' dir='ltr'>thorax</span> <span class='ocrx_word' id='word_1_305' title='bbox 1534 4057 1651 4103; x_wconf 89' lang='lat' dir='ltr'>aeneus</span> 
     </span>
     <span class='ocr_line' id='line_1_33' title="bbox 463 4143 1651 4228; baseline 0.001 -21"><span class='ocrx_word' id='word_1_306' title='bbox 463 4163 569 4227; x_wconf 90' lang='lat' dir='ltr'>neque</span> <span class='ocrx_word' id='word_1_307' title='bbox 604 4149 874 4208; x_wconf 89' lang='lat' dir='ltr'>commemoratur</span> <span class='ocrx_word' id='word_1_308' title='bbox 907 4164 1009 4228; x_wconf 91' lang='lat' dir='ltr'>neque</span> <span class='ocrx_word' id='word_1_309' title='bbox 1044 4145 1113 4209; x_wconf 87' lang='lat' dir='ltr'>cius</span> <span class='ocrx_word' id='word_1_310' title='bbox 1147 4145 1268 4210; x_wconf 89' lang='lat' dir='ltr'>mentio</span> <span class='ocrx_word' id='word_1_311' title='bbox 1302 4145 1329 4207; x_wconf 89' lang='lat' dir='ltr'>ei</span> <span class='ocrx_word' id='word_1_312' title='bbox 1364 4143 1401 4208; x_wconf 94' lang='lat' dir='ltr'>de</span> <span class='ocrx_word' id='word_1_313' title='bbox 1435 4164 1472 4209; x_wconf 92' lang='lat' dir='ltr'>eo</span> <span class='ocrx_word' id='word_1_314' title='bbox 1507 4149 1651 4210; x_wconf 89' lang='lat' dir='ltr'>auctores</span> 
     </span>
     <span class='ocr_line' id='line_1_34' title="bbox 465 4248 1649 4335; baseline 0.001 -21"><span class='ocrx_word' id='word_1_315' title='bbox 465 4250 663 4334; x_wconf 78' lang='lat' dir='ltr'>cogitassent</span> <span class='ocrx_word' id='word_1_316' title='bbox 693 4251 801 4314; x_wconf 87' lang='lat' dir='ltr'>omitti</span> <span class='ocrx_word' id='word_1_317' title='bbox 831 4251 953 4335; x_wconf 86' lang='lat' dir='ltr'>potuit,</span> <span class='ocrx_word' id='word_1_318' title='bbox 986 4271 1048 4315; x_wconf 91' lang='lat' dir='ltr'>uon</span> <span class='ocrx_word' id='word_1_319' title='bbox 1078 4249 1176 4315; x_wconf 90' lang='lat' dir='ltr'>multi</span> <span class='ocrx_word' id='word_1_320' title='bbox 1205 4255 1289 4314; x_wconf 92' lang='lat' dir='ltr'>sunt.</span> <span class='ocrx_word' id='word_1_321' title='bbox 1324 4248 1422 4334; x_wconf 91' lang='lat' dir='ltr'>Inque</span> <span class='ocrx_word' id='word_1_322' title='bbox 1446 4252 1492 4315; x_wconf 90' lang='lat' dir='ltr'>eis</span> <span class='ocrx_word' id='word_1_323' title='bbox 1515 4252 1649 4316; x_wconf 91' lang='lat' dir='ltr'>minoris</span> 
     </span>
    </p>
   </div>
   <div class='ocr_carea' id='block_1_4' title="bbox 466 4438 663 4449">
    <p class='ocr_par' dir='ltr' id='par_1_5' title="bbox 466 4438 663 4449">
     <span class='ocr_line' id='line_1_35' title="bbox 466 4438 663 4449; baseline 0 -1"><span class='ocrx_word' id='word_1_324' title='bbox 466 4438 663 4449; x_wconf 49' lang='grc' dir='ltr'>...α-α·-</span> 
     </span>
    </p>
   </div>
   <div class='ocr_carea' id='block_1_5' title="bbox 462 4562 1647 4877">
    <p class='ocr_par' dir='ltr' id='par_1_6' title="bbox 501 4562 643 4626">
     <span class='ocr_line' id='line_1_36' title="bbox 501 4562 643 4626; baseline 0.014 -16"><span class='ocrx_word' id='word_1_325' title='bbox 501 4562 643 4626; x_wconf 78' lang='lat' dir='ltr'>1)1›.1as.</span> 
     </span>
    </p>

    <p class='ocr_par' dir='ltr' id='par_1_7' title="bbox 499 4643 933 4710">
     <span class='ocr_line' id='line_1_37' title="bbox 499 4643 933 4710; baseline 0.007 -18"><span class='ocrx_word' id='word_1_326' title='bbox 499 4644 528 4708; x_wconf 76' lang='lat'>2)</span> <span class='ocrx_word' id='word_1_327' title='bbox 545 4644 582 4695; x_wconf 74' lang='lat' dir='ltr'>Cf.</span> <span class='ocrx_word' id='word_1_328' title='bbox 599 4660 670 4710; x_wconf 77' lang='lat' dir='ltr'>supra</span> <span class='ocrx_word' id='word_1_329' title='bbox 685 4661 707 4710; x_wconf 91' lang='lat' dir='ltr'>p.</span> <span class='ocrx_word' id='word_1_330' title='bbox 729 4643 774 4697; x_wconf 80' lang='lat'>117</span> <span class='ocrx_word' id='word_1_331' title='bbox 792 4646 818 4695; x_wconf 88' lang='lat' dir='ltr'>lu</span> <span class='ocrx_word' id='word_1_332' title='bbox 836 4662 891 4696; x_wconf 74' lang='lat' dir='ltr'>nnn.</span> <span class='ocrx_word' id='word_1_333' title='bbox 908 4647 933 4697; x_wconf 78' lang='lat'>2.</span> 
     </span>
    </p>

    <p class='ocr_par' dir='ltr' id='par_1_8' title="bbox 462 4722 1647 4877">
     <span class='ocr_line' id='line_1_38' title="bbox 503 4722 1647 4795; baseline 0.003 -20"><span class='ocrx_word' id='word_1_334' title='bbox 503 4728 530 4791; x_wconf 83' lang='grc'>3)</span> <span class='ocrx_word' id='word_1_335' title='bbox 550 4732 608 4776; x_wconf 68' lang='grc' dir='ltr'>,καὶ</span> <span class='ocrx_word' id='word_1_336' title='bbox 629 4727 704 4793; x_wconf 74' lang='grc' dir='ltr'>ζῶμα</span> <span class='ocrx_word' id='word_1_337' title='bbox 725 4729 839 4791; x_wconf 73' lang='grc' dir='ltr'>Φαεινόν”</span> <span class='ocrx_word' id='word_1_338' title='bbox 860 4732 884 4795; x_wconf 81' lang='grc' dir='ltr'>(ξ</span> <span class='ocrx_word' id='word_1_339' title='bbox 898 4731 957 4791; x_wconf 77' lang='grc'><strong>489)</strong></span> <span class='ocrx_word' id='word_1_340' title='bbox 983 4726 1038 4777; x_wconf 63' lang='grc' dir='ltr'>’διὰ</span> <span class='ocrx_word' id='word_1_341' title='bbox 1061 4729 1104 4777; x_wconf 73' lang='grc' dir='ltr'>τὸν</span> <span class='ocrx_word' id='word_1_342' title='bbox 1127 4730 1236 4792; x_wconf 71' lang='grc' dir='ltr'><strong><em>χαλκόν·</em></strong></span> <span class='ocrx_word' id='word_1_343' title='bbox 1260 4726 1369 4790; x_wconf 62' lang='lat' dir='ltr'>apina</span> <span class='ocrx_word' id='word_1_344' title='bbox 1387 4722 1428 4778; x_wconf 76' lang='lat' dir='ltr'>aba</span> <span class='ocrx_word' id='word_1_345' title='bbox 1444 4726 1532 4779; x_wconf 66' lang='lat' dir='ltr'>leudes</span> <span class='ocrx_word' id='word_1_346' title='bbox 1549 4724 1647 4791; x_wconf 70' lang='grc' dir='ltr'>ἶριάδης</span> 
     </span>
     <span class='ocr_line' id='line_1_39' title="bbox 462 4805 1527 4877; baseline 0.005 -20"><span class='ocrx_word' id='word_1_347' title='bbox 462 4805 524 4857; x_wconf 68' lang='grc' dir='ltr'>ἐστὶ</span> <span class='ocrx_word' id='word_1_348' title='bbox 541 4809 595 4871; x_wconf 73' lang='grc' dir='ltr'>περὶ</span> <span class='ocrx_word' id='word_1_349' title='bbox 612 4810 657 4866; x_wconf 71' lang='grc' dir='ltr'>τὴν</span> <span class='ocrx_word' id='word_1_350' title='bbox 674 4806 818 4873; x_wconf 67' lang='grc' dir='ltr'>ἐπιφάνειαν</span> <span class='ocrx_word' id='word_1_351' title='bbox 834 4813 923 4873; x_wconf 59' lang='grc' dir='ltr'><strong><em>χαλκῆ</em></strong></span> <span class='ocrx_word' id='word_1_352' title='bbox 941 4808 1108 4874; x_wconf 71' lang='grc' dir='ltr'>ὑπάρχονσα”</span> <span class='ocrx_word' id='word_1_353' title='bbox 1125 4812 1165 4874; x_wconf 84' lang='lat' dir='ltr'>(ci.</span> <span class='ocrx_word' id='word_1_354' title='bbox 1182 4827 1254 4877; x_wconf 78' lang='lat' dir='ltr'>supra</span> <span class='ocrx_word' id='word_1_355' title='bbox 1271 4828 1295 4877; x_wconf 84' lang='lat' dir='ltr'>p.</span> <span class='ocrx_word' id='word_1_356' title='bbox 1313 4812 1362 4862; x_wconf 78' lang='lat' dir='ltr'>llo</span> <span class='ocrx_word' id='word_1_357' title='bbox 1378 4812 1403 4861; x_wconf 88' lang='lat' dir='ltr'>iu</span> <span class='ocrx_word' id='word_1_358' title='bbox 1421 4827 1476 4862; x_wconf 79' lang='lat' dir='ltr'>auu.</span> <span class='ocrx_word' id='word_1_359' title='bbox 1495 4813 1527 4875; x_wconf 87' lang='lat' dir='ltr'>l).</span> 
     </span>
    </p>
   </div>
   <div class='ocr_carea' id='block_1_6' title="bbox 0 0 2288 5940">
    <p class='ocr_par' dir='ltr' id='par_1_9' title="bbox 0 0 2288 5940">
     <span class='ocr_line' id='line_1_40' title="bbox 0 0 2288 5940; baseline 0 0"><span class='ocrx_word' id='word_1_360' title='bbox 0 0 2288 5940; x_wconf 95' lang='lat' dir='ltr'> </span> 
     </span>
    </p>
   </div>
  </div>
 </body>
</html>
