4525 5950
813 736 858 783 ιιι
880 736 1112 786 smerorsams
1134 737 1272 785 anorum
1592 722 1635 788 99

493 899 528 978 1)
559 899 658 976 βλάξ.
685 899 853 974 βλακεύειν
869 899 903 983 ¹),
928 900 1139 978 βλακεύεσύαι
1165 903 1217 965 καὶ
1243 902 1364 980 βλάιιες
1391 903 1442 965 να)
1466 903 1636 978 βλακικῶς.

441 1005 583 1071 Πλάτων
618 1007 749 1088 Γοργίᾳ,
784 1007 798 1069 d
831 1008 922 1079 αὐτὸς
956 1007 1140 1088 Εὐθυδήμῳ,
1173 1007 1398 1087 Ἀριστοφάνης
1431 1010 1568 1089 Πλούτῳ.
1594 1048 1636 1059 -

442 1111 550 1177 Bekk.
575 1112 692 1177 Anecd.
716 1134 748 1197 p.
773 1111 828 1176 84.

489 1219 644 1283 Videmus
667 1221 898 1305 grammaticos
921 1240 938 1284 e
960 1221 1138 1284 notissimis
1162 1219 1307 1284 Platonis
1331 1218 1468 1304 dialogis
1495 1257 1536 1267 —
1562 1241 1636 1286 nam

442 1324 594 1410 pluribus
623 1324 702 1390 locis
732 1324 815 1409 apud
846 1345 921 1389 eum
953 1326 1029 1389 haec
1052 1327 1151 1410 stirps
1173 1327 1338 1390 invenitur
1361 1362 1403 1374 -
1427 1331 1460 1389 et
1483 1346 1500 1390 e
1523 1329 1638 1391 comici

441 1430 555 1495 fabula
583 1433 730 1494 omnium
761 1428 941 1515 plurimum
964 1430 1109 1495 lectitata
1132 1434 1284 1515 petivisse
1307 1430 1455 1516 exempla
1479 1434 1567 1497 vocis
1590 1453 1637 1497 ra·

439 1538 549 1600 rioris.
574 1536 720 1622 Impense
744 1542 854 1601 autem
877 1539 977 1600 miror
995 1539 1121 1601 criticos
1141 1537 1310 1601 hodiernos
1329 1538 1409 1602 hanc
1426 1536 1572 1603 notulam
1592 1541 1638 1603 ita

441 1644 675 1728 coniungentes
705 1663 781 1707 oum
810 1640 1029 1728 Etymologici
1053 1642 1100 1706 M.
1130 1642 1387 1720 1111111,,βλάξ,
1413 1644 1427 1706 i
1452 1644 1559 1718 adsitne
1584 1645 1636 1707 nai

443 1749 563 1826 „spots
597 1749 648 1810 καὶ
681 1749 817 1819 άνύντος.
851 1747 1073 1826 ’λριοτοφάννρς
1098 1745 1221 1823 βλάιιες
1245 1749 1433 1826 φνγεργοι”’,
1457 1754 1495 1813 ut
1520 1751 1638 1815 Aristo·

440 1854 581 1939 phanem
614 1853 647 1916 ι’νι
680 1853 769 1917 Pluto
796 1854 900 1935 priore
928 1853 1034 1918 verbis
1068 1851 1212 1930 ,,βλάιιες
1243 1854 1420 1931 Φυγεργοι’”
1447 1876 1543 1919 nsum
1568 1877 1636 1920 esse

438 1965 595 2024 statuant.
631 1958 714 2023 Nam
737 1958 820 2023 nihil
843 1958 999 2023 eiusmodi
1023 1959 1107 2044 apud
1131 1963 1295 2024 utrumvis
1315 1964 1569 2047 grammaticum
1594 1961 1637 2026 le-

437 2069 542 2151 gitur,
574 2067 662 2150 prior
692 2072 801 2130 autem
832 2063 921 2129 locus
952 2067 1019 2130 sine
1049 2064 1116 2130 ulla
1148 2064 1302 2130 violentia
1333 2071 1439 2152 potest
1462 2068 1573 2132 referri
1596 2067 1636 2132 ad

438 2172 539 2235 nostri
561 2171 652 2236 Pluti
675 2191 805 2236 versum
830 2169 913 2236 325:

645 2278 696 2342 καὶ
722 2278 951 2352 συντεταμένως
976 2278 1028 2341 κού
1053 2277 1353 2354 κατεβλακευμένως
1368 2279 1407 2358 ²),

437 2386 599 2469 posterior
627 2404 703 2449 vero
734 2386 802 2449 sive
833 2391 917 2449 recte
948 2404 967 2448 a
997 2404 1049 2448 me
1073 2386 1118 2448 sic
1142 2383 1310 2448 scribitur:
1338 2382 1463 2466 ,,βλάξ]
1487 2385 1501 2448 ὃ
1526 2384 1634 2457 editae

439 2493 492 2553 αοιί
513 2489 608 2567 ripple
630 2490 682 2554 καὶ
707 2489 844 2564 άνύιρτοι.
869 2491 1105 2568 Ἀριστοφάνης.
1131 2527 1173 2538 -
1198 2489 1335 2571 βλάκες]
1359 2491 1546 2567 ΦυγερροΙ”,
1566 2493 1634 2554 sive
1715 2572 1717 2577 Ι

436 2596 533 2660 aliter
565 2597 660 2661 verba
690 2602 766 2660 sunt
794 2595 974 2681 iungenda,
1007 2616 1025 2660 a
1056 2598 1256 2680 quaestione,
1280 2597 1315 2658 in
1338 2616 1400 2678 qua
1423 2616 1507 2658 nunc
1530 2616 1635 2659 versa·

436 2724 524 2779 mur,
549 2704 678 2766 omnino
702 2708 751 2767 est
773 2701 914 2778 alienus,
938 2703 1087 2786 quoniam
1108 2701 1196 2764 Plute'
1215 2699 1340 2765 fabulae
1359 2699 1429 2764 illic
1449 2720 1487 2764 ne
1507 2703 1630 2764 mentio

437 2807 571 2892 quidem
595 2807 642 2872 fit.

483 3057 519 3137 2)
554 3055 668 3137 ἔχομεν
702 3060 756 3132 τὴν
790 3066 900 3138 χρῆσιν
935 3062 987 3122 τοῦ
1024 3055 1079 3136 »ἦν
1116 3060 1197 3143 {yffi
1233 3059 1320 3138 τοιριὶ
1351 3059 1568 3136 Ἀριστοφάνει
1600 3061 1630 3122 ἰν

436 3165 566 3241 Πλούτῳ
671 3166 722 3228 καὶ
747 3168 834 3244 παρά
859 3164 1021 3244 Μενάνδρῳ
1046 3166 1075 3227 ἕν
1100 3167 1141 3245 τῷ
1167 3168 1310 3244 Γεωρρῳ·
1338 3163 1392 3242 „dv
1415 3164 1486 3228 t'oo
1507 3165 1629 3241 τοννρὸς

434 3270 496 3336 ott·
522 3271 673 3336 ἐδόκουν”.
700 3308 739 3320 -
765 3269 1001 3337 Choeroboscus
1023 3274 1056 3336 in
1081 3270 1183 3334 Bekk.
1208 3259 1326 3335 Anecd.
1351 3293 1382 3355 p.
1409 3269 1506 3334 1380.

479 3376 568 3441 Haec
603 3377 702 3441 verba
735 3385 907 3462 postquam
939 3380 1001 3441 viri
1032 3377 1118 3441 docti
1149 3398 1252 3442 errore
1282 3379 1404 3462 insigni
1436 3379 1629 3441 coniunxere

433 3505 510 3548 cum
542 3483 660 3548 Suidae
693 3483 831 3568 quadam
862 3481 973 3548 notula
1004 3481 1042 3547 de
1072 3482 1233 3547 locutione
1266 3477 1320 3559 „do
1351 3484 1376 3545 δ’
1400 3482 1461 3558 ἐγώ
1485 3482 1627 3566 inquom''

433 3588 563 3654 Platoni
578 3586 602 3668 ³)
636 3596 667 3653 11
699 3589 903 3674 Aristophani
934 3591 1070 3665 usitata,
1101 3609 1139 3653 eo
1169 3589 1368 3653 devenerunt
1392 3595 1428 3652 ut
1452 3591 1629 3652 statuerent

434 3692 490 3771 „clv
515 3694 541 3758 δ’
566 3694 626 3770 tyci
649 3694 791 3779 inquam'’
816 3693 937 3759 lectum
961 3715 1028 3759 esse
1051 3694 1085 3757 in
1111 3694 1201 3757 Pluto
1219 3694 1335 3777 priore.
1362 3696 1404 3758 At
1428 3699 1507 3778 quot
1529 3695 1627 3758 verba

433 3807 482 3865 tot
504 3798 642 3864 erroresl
667 3799 750 3864 Nam
773 3802 806 3863 in
829 3797 1040 3866 (lhoerobosci
1060 3800 1166 3863 vorbis
1184 3799 1267 3863 illud
1289 3796 1343 3877 „iv
1363 3799 1447 3874 ε’γώ”
1468 3798 1628 3883 significat

432 3929 512 3968 ετονι
542 3903 649 3986 epo⁴);
682 3905 829 3970 observat
855 3908 940 3980 enim
964 3907 1198 3990 grammaticus
1221 3908 1254 3968 in
1279 3905 1377 3969 Pluto
1402 3904 1627 3989 Aristophanis

431 4011 610 4075 adhibitam
642 4032 709 4075 esse
739 4010 918 4095 imperfecti
950 4010 1039 4074 verbi
1071 4005 1148 4074 εἶναι
1181 4011 1316 4074 formam
1348 4010 1557 4073 recentiorem
1582 4006 1625 4082 ἦν,

431 4137 489 4199 pro
522 4137 585 4200 qua
613 4124 645 4181 et
677 4116 733 4182 alii
760 4123 792 4182 et
814 4119 883 4201 ipse
906 4117 1136 4200 Aristophanes
1160 4115 1239 4180 olim
1264 4116 1420 4180 dixissent
1443 4110 1624 4195 ύ-τύ(ο)ο.

429 4222 518 4301 Quae
549 4226 583 4286 in
616 4222 746 4287 scholiis
777 4222 1018 4308 Aristophaneis
1050 4225 1177 4307 saepius
1208 4221 1291 4287 redit
1322 4223 1501 4286 observatio
1515 4220 1550 4301 5).
1582 4220 1626 4284 Et

464 4515 490 4573 1)
509 4512 675 4576 Legendumne
693 4510 820 4571 βλακιίοιΡ

460 4598 487 4655 2)
509 4595 597 4643 Veram
614 4594 686 4643 etiam
705 4593 806 4656 Blaydes
822 4593 891 4642 vidit.

460 4678 487 4736 3)
507 4675 556 4723 Ριο
574 4675 684 4723 Platonis
701 4674 837 4740 philosophi
854 4674 950 4723 nomine
968 4673 1019 4722 illic
1035 4673 1124 4737 legitur
1142 4674 1303 4733 Plutarchum
1321 4690 1382 4723 corr.
1400 4673 1566 4723 Rohnlrcoius.

458 4760 490 4821 4)
510 4757 590 4806 Etiam
610 4756 709 4821 Bluydcs
727 4757 772 4805 hoo
789 4755 933 4805 observavit.

459 4842 487 4903 5)
509 4839 563 4888 Vid.
581 4838 610 4887 ad
628 4854 660 4887 vs.
680 4837 720 4897 77,
738 4837 801 4888 alibi.
1251 4836 1402 4940 :35:31
1409 4845 1520 4950 ‘pt-(58
