4525 5950
651 693 717 761 146
1174 715 1314 766 usuros.

649 882 755 945 cinam
784 879 824 944 ad
854 879 996 945 cohortes
1027 879 1223 966 fratremque
1253 881 1451 967 perfugeret3
1484 880 1558 946 dein
1587 881 1781 949 mobilitate
1799 885 1843 947 in·

536 991 540 999 ’
648 989 754 1073 genii,
775 991 906 1071 atquae
926 993 1038 1051 natura
1058 990 1182 1072 pavoris
1195 995 1259 1066 est,
1280 1009 1354 1052 cum
1367 991 1473 1052 omnia
1484 991 1648 1054 metuenti
1659 992 1844 1076 praesentia

649 1096 789 1158 maxime
813 1092 1031 1178 displicerent,
1060 1095 1093 1157 in
1116 1093 1281 1159 Palatium
1304 1094 1484 1180 regreditur
1507 1102 1640 1161 vastum
1665 1095 1846 1162 desertum·

648 1221 726 1285 que,
759 1197 890 1284 dilapsis
921 1201 1018 1263 etiam
1049 1197 1168 1264 infimis
1192 1203 1397 1266 servitiorum
1420 1206 1477 1265 aut
1499 1223 1670 1267 occursum
1697 1203 1845 1268 eiusde

648 1306 849 1372 elinantibus.
885 1304 994 1371 Terret
1025 1305 1165 1372 solitudo
1193 1314 1226 1372 et
1257 1313 1397 1373 tacentes
1426 1306 1504 1388 loci;
1536 1316 1678 1395 temptat
1714 1310 1844 1388 clausa,

647 1413 837 1478 inhorrescit
859 1411 1004 1477 vacuis.’'

692 1518 922 1584 Leviusculum
946 1518 1079 1583 fortasse
1102 1518 1266 1583 videbitur
1283 1518 1368 1604 quod
1387 1519 1507 1599 dicam;
1530 1541 1713 1608 proponam
1736 1528 1845 1588 tamen

647 1625 917 1702 emendationem,
954 1631 992 1688 ut
1025 1646 1085 1710 ego
1116 1645 1242 1701 censeo,
1273 1624 1366 1711 plane
1397 1630 1617 1692 necessariam.
1651 1629 1721 1694 Pro
1756 1635 1845 1692 terret

645 1732 819 1820 legendum
844 1739 893 1796 est
914 1738 1041 1795 terrent:
1066 1734 1186 1795 etenim
1209 1734 1319 1796 statim
1342 1732 1542 1798 audientium
1565 1737 1845 1820 recitantiumque

646 1860 739 1907 aures
768 1841 884 1904 sentire
916 1837 1030 1903 debent
1061 1837 1149 1902 aliud
1180 1859 1247 1903 esse
1276 1840 1450 1921 temptandi,
1474 1838 1562 1904 aliud
1586 1843 1732 1905 terrem'
1758 1843 1845 1908 verbi

646 1947 836 2011 subiectum.
868 1943 921 2009 Sic
944 1947 1087 2029 primum
1111 1955 1184 2008 aute
1207 1953 1348 2010 mentem
1373 1949 1477 2032 surgit
1499 1945 1647 2012 locorum
1669 1951 1792 2036 imago
1816 1955 1844 2015 et

646 2055 796 2118 continuo
820 2058 891 2137 post
914 2053 982 2136 ipse
1004 2053 1151 2135 princeps
1174 2053 1383 2116 miserrimus.

691 2264 733 2328 H.
764 2262 817 2340 IV,
846 2263 895 2328 12.
929 2262 1124 2328 Batavorum
1155 2263 1294 2328 conditio
1326 2266 1461 2329 minime
1489 2263 1604 2329 infelix
1635 2265 1842 2335 describitur.

648 2369 789 2448 „Erant”
814 2372 860 2434 ait
884 2368 1034 2434 Tacitus:
1694 2445 1701 2463 ι

693 2497 769 2554 ,nec
788 2476 902 2560 opibus
921 2475 1072 2540 Romanis
1089 2477 1240 2540 societate
1260 2474 1453 2542 validiorum
1473 2478 1576 2541 attriti
1595 2481 1690 2543 viros
1713 2486 1842 2547 tantum

645 2603 796 2667 armaque
830 2583 964 2666 imperio
1000 2584 1199 2658 ministrant,
1235 2581 1291 2646 diu
1327 2580 1526 2648 Germanicis
1556 2582 1655 2649 bellis
1688 2591 1841 2664 exerciti,

646 2710 722 2754 mox
747 2694 840 2752 aucta
858 2708 914 2772 per
937 2687 1137 2752 Britanniam
1160 2686 1297 2774 gloria.''

690 2795 752 2861 Pro
782 2795 955 2857 ministrant
979 2793 1146 2858 Wurmius
1174 2801 1257 2859 recte
1280 2794 1369 2859 dedit
1390 2795 1609 2860 micretroboct.
1635 2796 1732 2877 Quae
1757 2820 1841 2886 prae
1879 2862 1882 2893 Ι

644 2901 761 2967 cedunt
779 2900 919 2966 nondum
937 2903 983 2964 ita
1003 2906 1078 2965 sunt
1097 2907 1236 2966 correcta
1255 2906 1293 2964 ut
1312 2904 1433 2966 sincera
1451 2901 1546 2967 lectio
1565 2906 1728 2970 restituta
1743 2908 1840 2974 videri
1880 2944 1882 3016 p

644 3011 755 3094 possit.
781 3007 930 3095 Agricola
950 3010 1019 3072 voci
1039 3028 1068 3092 q.
1085 3028 1110 3073 e.
1132 3009 1271 3071 nocente
1290 3008 1405 3073 adiecit
1423 3009 1616 3094 particulam
1637 3034 1683 3090 oc,
1700 3013 1839 3080 Vlietius
1881 3045 1882 3050 ¹

645 3115 789 3179 Romame
816 3113 963 3191 inclusit,
997 3134 1133 3199 quorum
1161 3121 1312 3179 neutrum
1336 3115 1461 3180 sufficit.
1486 3114 1563 3195 Quis
1586 3120 1679 3181 enim
1707 3123 1775 3185 iste
1797 3126 1840 3186 est
1881 3157 1882 3196 ,

642 3224 880 3287 enuntiatorum
909 3220 1002 3301 ordo,
1033 3242 1095 3305 quo
1120 3220 1233 3285 Batavi
1257 3225 1346 3306 prius
1370 3221 1515 3287 dicantur
1539 3224 1678 3308 „opibus
1705 3249 1777 3293 non
1801 3234 1840 3293 at·
1881 3212 1882 3278 3

642 3332 713 3393 triti
736 3328 823 3394 esse''
849 3327 960 3392 deinde
986 3330 1093 3403 „viros
1116 3332 1243 3392 tantum
1267 3348 1417 3413 armaque
1441 3331 1575 3413 imperio
1594 3333 1838 3409 ministrassc”‚

642 3440 806 3518 tamquam
838 3435 866 3496 si
895 3431 951 3496 illa
974 3453 1023 3497 res
1047 3436 1267 3517 praecesserit,
1291 3435 1368 3498 haec
1393 3437 1435 3498 sit
1459 3442 1582 3511 secuta,
1609 3442 1643 3499 et
1666 3460 1741 3503 non
1765 3442 1838 3505 haec

642 3538 732 3604 illius
766 3540 862 3604 luerit
897 3534 1011 3604 causa?
1046 3537 1166 3603 'lamen
1195 3546 1266 3624 post
1298 3538 1483 3604 Wurmium
1514 3539 1748 3628 Vlietiumque
1779 3566 1837 3611 non

642 3645 786 3710 multum
810 3645 969 3731 agendum
994 3650 1107 3708 restat:
1132 3643 1265 3709 illorum
1288 3648 1375 3709 enim
1399 3648 1533 3731 receptis
1552 3648 1838 3717 emendationibus

643 3752 738 3817 verba
770 3753 878 3828 „viros
908 3758 1035 3815 tantum
1066 3771 1215 3836 armaque
1245 3754 1380 3837 imperio
1410 3752 1657 3817 ministrabant’
1694 3780 1785 3843 pono
1808 3761 1838 3821 in

641 3857 837 3943 parenthesi,
851 3862 887 3920 ut
900 3859 1004 3934 aiunt,
1017 3863 1055 3920 ut
1066 3877 1123 3921 sua
1135 3859 1202 3941 ipse
1215 3858 1311 3922 verba
1322 3856 1484 3922 illustrans
1497 3857 1626 3923 Tacitus
1639 3862 1836 3930 inducatur:

688 3985 765 4040 „nec
785 3964 897 4048 opibus
917 3965 1066 4028 societate
1085 3961 1280 4032 validiorum
1301 3967 1406 4028 attriti
1425 3965 1523 4044 (viros
1535 3970 1664 4030 tautum
1679 3989 1837 4056 armaque

641 4072 777 4154 imperio
801 4069 1038 4149 ministrabant)
1062 4068 1118 4132 diu
1142 4066 1340 4135 Germanicis
1364 4068 1457 4135 bellis
1480 4073 1612 4135 exerciti
1636 4094 1664 4137 e.
1680 4097 1714 4160 q.
1730 4078 1781 4143 s.''
1880 4068 1882 4140 l

687 4176 770 4240 Nam
794 4175 877 4260 quod
903 4176 1005 4257 opibus
1029 4182 1076 4239 est
1096 4174 1256 4240 ablativus
1277 4198 1306 4262 q.
1321 4176 1350 4241 d.
1372 4178 1486 4261 partis,
1507 4178 1650 4242 societate
1669 4181 1838 4248 ablativus
1880 4174 1882 4284 1

642 4302 753 4346 causae
783 4284 815 4344 in
844 4280 955 4344 Tacito
979 4280 1109 4345 fortasse
1134 4281 1209 4345 ferri
1233 4281 1327 4347 debet
1349 4289 1526 4368 potestque.
1554 4284 1603 4346 An
1626 4286 1741 4366 opibus
1764 4309 1838 4374 quo

643 4408 704 4472 que
728 4384 920 4451 delendum?
944 4384 1057 4452 Carere
1081 4395 1165 4451 certe
1190 4408 1226 4451 eo
1251 4388 1406 4453 vocabulo
1429 4410 1610 4474 possumus.

687 4493 734 4558 De
759 4492 888 4557 Batavis
912 4492 1023 4557 eodem
1049 4496 1151 4576 capite
1174 4499 1207 4557 et
1229 4494 1306 4558 haec
1328 4493 1501 4579 leguntur:

690 4599 809 4677 „Erant
832 4605 865 4663 et
888 4598 974 4663 domi
994 4597 1136 4663 delectus
1156 4619 1267 4684 eques,
1289 4603 1456 4685 praecipuo
1477 4600 1573 4665 nandi
1592 4602 1728 4683 studio,
1751 4628 1838 4673 arma

642 4727 800 4791 equosque
823 4707 962 4769 retinens
984 4707 1119 4789 integris
1144 4708 1260 4769 turmis
1283 4705 1431 4771 Rhenum
1452 4708 1698 4792 perrumpere.”

687 4812 749 4876 Pro
781 4818 866 4875 maest
898 4815 982 4876 recte
1013 4810 1203 4896 plerumque
1231 4810 1338 4876 editur
1361 4821 1442 4890 crat,
1467 4811 1579 4879 deinde
1603 4816 1639 4878 in
1662 4814 1731 4884 fine
1755 4818 1836 4897 loci,
