4525 5950
635 691 700 755 110
972 709 1014 755 nu
1036 709 1182 757 monson
1206 710 1289 757 suun
1312 709 1481 757 noussen.

636 871 738 938 balteo
769 872 914 950 efficitur,
950 893 969 937 a
1000 876 1135 958 posteris
1166 895 1269 958 neque
1300 894 1362 938 non
1393 872 1477 958 apud
1496 872 1679 936 Homerum
1704 876 1756 950 (ut
1774 870 1818 936 ll.

633 977 759 1056 1470)
794 977 906 1050 κύλαοο
938 979 1126 1065 appellatus.
1160 979 1338 1065 Sagittam,
1378 982 1504 1043 tunicae
1536 981 1608 1042 sinu
1642 977 1820 1063 perforato,

634 1083 825 1148 transfixisse
858 1085 1030 1149 humerum
1061 1094 1093 1150 et
1124 1106 1142 1150 a
1172 1093 1264 1172 tergo
1288 1088 1460 1149 eminuisse
1484 1087 1561 1149 satis
1585 1084 1743 1149 credibile
1767 1090 1822 1148 est.

633 1190 790 1256 'Punicam
822 1199 931 1257 autem
963 1213 1079 1257 exuere
1102 1191 1250 1257 Diomedi
1273 1213 1334 1256 non
1355 1213 1435 1277 opus
1455 1199 1521 1256 erat
1541 1210 1604 1276 quo
1624 1191 1826 1276 abstergeret

632 1300 842 1384 sanguinem,
877 1306 989 1382 utpote
1020 1319 1100 1382 quas
1130 1298 1211 1363 nihil
1241 1298 1364 1363 afferret
1391 1298 1615 1382 impedimenti
1648 1318 1771 1362 manus
1799 1299 1826 1361 ei

631 1404 823 1468 inserendae.
856 1405 961 1490 Atque
992 1426 1048 1489 per
1078 1425 1167 1480 eam,
1199 1425 1274 1469 cum
1304 1407 1445 1489 primum
1477 1402 1596 1468 vulnus
1620 1403 1828 1490 infligeretur

633 1511 816 1576 transfixam
849 1517 882 1575 et
904 1514 1058 1597 sanguine
1082 1510 1259 1596 pollutam,
1285 1510 1396 1575 deinde
1420 1513 1539 1597 sagitta
1561 1518 1732 1594 protracta
1755 1512 1830 1575 emi·

633 1619 736 1682 cuisse
760 1620 966 1703 sanguinem,
989 1620 1087 1682 etiam
1112 1619 1180 1682 sine
1203 1617 1309 1681 verbis
1331 1615 1536 1701 intelligitur.

679 1720 725 1787 De
748 1724 854 1787 verbis
878 1727 1002 1799 ύύρκκος
1027 1727 1146 1799 γύαλον
1170 1743 1271 1808 pauca
1294 1722 1419 1787 addam.
1451 1722 1627 1786 Pausanias
1652 1724 1691 1785 in
1716 1721 1834 1787 descri-

634 1828 744 1893 bendis
776 1827 894 1893 tabulis
919 1832 1012 1913 pictis
1036 1828 1230 1915 Polygnoti,
1255 1849 1332 1913 quas
1357 1826 1489 1912 Delphis
1512 1826 1615 1904 vidit,
1640 1830 1734 1893 iuter
1758 1827 1835 1893 alias

634 1934 776 2020 aliquam
815 1944 1065 2011 commemorat,
1100 1937 1132 1999 X
1164 1935 1218 2000 26.
1238 1936 1269 2012 5,
1305 1938 1339 1998 iu
1374 1954 1435 2019 qua
1470 1954 1523 1998 ara
1557 1935 1834 2018 conspiciebatur,
1877 1922 1878 1962 ³

633 2048 762 2126 proptor
793 2062 888 2127 quam
920 2042 1032 2108 thorax
1059 2043 1182 2108 iacebat
1207 2041 1383 2120 „mirifica”
1408 2048 1445 2105 ut
1468 2043 1513 2104 ait
1538 2040 1705 2118 ,sabrica,
1731 2040 1835 2126 qualis

633 2149 804 2235 gerebatur
832 2152 964 2243 antiquo
989 2156 1149 2233 tempore,
1174 2149 1335 2213 confectus
1359 2168 1397 2212 ex
1421 2146 1543 2210 duabus
1566 2147 1743 2230 partibus,
1770 2149 1837 2232 qui·

633 2256 692 2320 bus
715 2257 824 2329 γύαλα
849 2277 982 2332 nomen,
1006 2277 1143 2340 quarum
1168 2253 1269 2319 altera
1287 2259 1397 2339 pectus
1416 2259 1448 2317 et
1468 2258 1616 2328 uterum,
1638 2251 1751 2318 altera
1771 2253 1837 2319 dor·

634 2381 706 2425 sum
731 2367 870 2447 tegeret,
893 2361 1001 2426 fibulis
1024 2365 1108 2426 inter
1131 2382 1163 2425 so
1183 2359 1335 2425 innotis.''
1360 2356 1510 2424 Conferre
1528 2358 1620 2423 iubet
1641 2357 1836 2445 Calliphon-

635 2471 676 2532 tis
700 2467 842 2533 tabulam
862 2472 981 2554 pictam
1002 2490 1083 2554 quae
1106 2467 1225 2554 Ephesi
1245 2473 1346 2544 esset,
1366 2469 1401 2530 in
1420 2487 1481 2551 qua
1502 2463 1652 2530 Patroclo
1675 2467 1836 2533 mulieres

545 2657 546 2661 Ἰ
634 2579 780 2659 aptarent
811 2575 949 2640 thoracis
980 2577 1106 2653 γύαλα;
1140 2574 1228 2639 addit
1258 2580 1385 2650 autem,
1419 2575 1474 2657 qui
1505 2572 1671 2636 eiusmodi
1705 2575 1836 2640 thorace

633 2679 766 2744 indutus
797 2688 896 2758 esset,
928 2689 1057 2745 scutum
1082 2702 1144 2745 non
1168 2683 1344 2764 requirere,
1369 2677 1547 2743 Homerum
1569 2679 1662 2741 enim
1691 2679 1836 2766 Phorcy-

634 2808 708 2851 nem
740 2789 807 2850 sine
838 2794 928 2851 scuto
960 2787 1079 2873 fingere
1112 2793 1308 2872 pugnantem
1336 2784 1400 2861 „i'rr
1425 2786 1507 2861 αύτῷ
1531 2785 1746 2861 γυαλοθώραξ
1772 2783 1836 2858 ἦθ’,

634 2891 724 2971 Quod
736 2890 808 2957 levo
820 2914 909 2970 sane,
929 2913 1004 2958 nam
1016 2897 1049 2957 in
1062 2893 1241 2980 Phorcynis
1254 2892 1361 2968 caede,
1376 2911 1456 2976 quae
1468 2895 1616 2954 narratur
1630 2899 1653 2952 Ρ
1671 2891 1744 2956 312
1758 2913 1837 2979 sqq,

634 3020 828 3085 quamquam
858 3003 942 3064 scuti
973 3003 1093 3065 mentio
1123 3022 1185 3064 uon
1218 3000 1272 3073 tit,
1296 3001 1430 3062 minime
1453 3004 1600 3082 apparet,
1626 3004 1771 3081 poetam
1796 3003 1838 3064 in·

635 3106 738 3169 dicare
770 3104 911 3170 voluisse
935 3106 1137 3193 Phorcynem
1163 3128 1225 3170 non
1249 3106 1396 3170 habuisse
1418 3110 1555 3168 scutum.
1580 3102 1645 3167 Sed
1675 3109 1761 3171 satis
1787 3128 1838 3191 ap

634 3217 724 3297 paret
747 3211 922 3277 Pausaniae
942 3214 1020 3297 quid
1039 3222 1122 3277 esset
1142 3215 1272 3289 γύαλον,
1293 3212 1377 3296 quod
1398 3211 1436 3275 ad
1457 3209 1620 3273 thoracem
1642 3217 1837 3295 pertineret,

634 3316 759 3381 nullam
791 3319 889 3383 fuisse
920 3323 1101 3396 notionem,
1134 3322 1195 3383 nisi
1225 3339 1321 3404 quam
1345 3324 1468 3403 praeter
1491 3314 1616 3379 tabulas
1642 3321 1776 3401 piot-as,
1801 3340 1837 3384 ex

634 3423 775 3488 Homero
796 3424 992 3511 collegisset,
1015 3447 1110 3510 quem
1123 3428 1304 3510 ceteroquin
1317 3445 1378 3487 non
1390 3426 1522 3487 unicum
1535 3429 1652 3487 testem
1668 3426 1837 3491 adhibuis

635 3536 692 3595 set.
726 3529 858 3597 Collatia
888 3540 997 3595 autem
1028 3531 1158 3597 scholiis
1185 3531 1224 3596 ad
1248 3530 1382 3595 Iliadem
1406 3529 1553 3593 ridemus
1576 3526 1710 3594 nullam
1737 3532 1779 3597 de
1803 3552 1838 3596 ea

634 3659 668 3702 re
709 3640 890 3721 opinionem
924 3659 1127 3703 communem
1164 3638 1297 3702 Homeri
1333 3638 1430 3700 aetati
1465 3636 1677 3721 superstitem
1724 3638 1836 3702 fuisse.

634 3743 718 3807 Nam
754 3746 957 3810 Aristarchus
991 3748 1023 3809 iu
1060 3745 1190 3810 scholiis
1223 3749 1268 3821 A,
1306 3745 1486 3828 ubieunque
1519 3741 1557 3805 de
1592 3763 1675 3807 voce
1714 3749 1836 3820 γύαλα

636 3852 706 3935 agit
735 3854 874 3934 praecise
904 3858 1001 3937 negat
1032 3852 1065 3916 id
1097 3851 1180 3937 quod
1213 3850 1358 3935 perhibet
1388 3849 1579 3922 Pausanias,
1617 3856 1750 3914 certam
1784 3850 1837 3915 ali·

637 3976 731 4039 quam
758 3957 895 4021 thoracis
919 3966 1043 4040 partem
1067 3958 1212 4022 indicari.
1246 3958 1289 4021 Ut
1319 3955 1358 4020 ad
1389 3964 1415 4017 0
1438 3953 1502 4017 529
1521 3974 1566 4038 sq.
1596 3955 1836 4022 animadvertit

636 4063 681 4127 ὅτι
714 4066 754 4126 τοὶ
788 4067 862 4135 κύτη
889 4065 1213 4138 celebrantem
1241 4068 1292 4125 τοῦ
1318 4064 1446 4140 θώρακος
1470 4061 1577 4135 γύαλα
1604 4062 1704 4138 οὐχὶ
1730 4066 1835 4141 ὡροσ-

638 4170 756 4245 μένος
788 4170 910 4240 τύπος
940 4171 993 4250 (ad
1025 4170 1114 4235 aaa
1244 4172 1276 4232 ού
1309 4169 1398 4245 μέρος
1420 4167 1591 4243 ὡρισμένον)
1609 4166 1644 4244 ¹).
1672 4167 1834 4234 Scholss

638 4282 749 4341 contra
779 4284 811 4340 eb
844 4274 1034 4340 Plusbabhius
1065 4276 1106 4340 ad
1128 4286 1152 4339 Ε
1173 4274 1215 4340 99
1242 4276 1380 4352 „pieros
1406 4272 1436 4335 dl
1461 4271 1494 4334 τύ
1519 4273 1608 4347 περὶ
1634 4274 1705 4335 τὸν
1732 4271 1833 4350 ὦμον

672 4514 698 4573 l)
723 4512 800 4560 Etiam
826 4510 910 4559 Pollux
933 4511 957 4558 in
977 4509 1130 4561 Onomastico
1149 4510 1161 4558 Ι
1178 4511 1225 4558 134
1243 4505 1317 4572 θώρηξ
1334 4505 1377 4555 καὶ
1392 4508 1427 4554 τα
1444 4503 1503 4565 μέρνρ
1520 4506 1565 4552 τοῦ
1583 4502 1691 4562 θώρακος
1709 4507 1832 4570 πτέρυγος

639 4592 682 4642 καὶ
705 4595 734 4641 τὸ
758 4592 833 4653 μέσον
857 4590 936 4641 αὐτοῦ
958 4591 1061 4655 γύαλον.
1091 4594 1164 4649 Haec,
1187 4607 1330 4655 quemquam
1352 4589 1447 4651 γύαλον
1469 4589 1508 4636 hic
1529 4587 1618 4635 dicitur
1633 4604 1696 4651 pare
1713 4592 1831 4640 thoracis·

640 4679 752 4741 qnoniam
775 4677 795 4723 ei
819 4680 972 4740 opponuntur
990 4674 1114 4736 πτέρυγες
1133 4676 1149 4723 i.
1168 4692 1186 4722 ο,
1207 4674 1314 4737 virgulae
1332 4678 1416 4721 ninere
1434 4672 1462 4719 ab
1479 4671 1527 4719 imo
1543 4668 1642 4717 thorace
1659 4671 1833 4736 dependenter,

640 4761 669 4807 cl.
687 4759 817 4822 Xenophon
835 4760 863 4806 de
881 4774 906 4805 rc
924 4758 1034 4821 Equestri
1054 4758 1127 4816 lae,
1148 4772 1206 4821 quas
1225 4757 1345 4804 Homerus
1361 4770 1408 4803 nou
1425 4752 1546 4816 cognovit,
1561 4766 1610 4800 nou
1627 4752 1748 4803 differunt
1766 4755 1794 4803 ab
1807 4771 1832 4802 ro

636 4842 705 4904 quod
723 4839 792 4888 habet
810 4839 887 4887 Sobel.
907 4839 969 4887 lad
986 4844 1007 4887 0
1019 4839 1074 4888 ⁶29.
