4525 5950
960 710 1114 760 asserus.
1569 694 1632 759 251

491 876 706 963 Philosophus
731 877 834 943 denuo
857 898 896 942 er
919 898 983 943 uno
1004 878 1099 943 verbo
1119 879 1378 944 innocentissimo
1397 851 1513 943 multa⁸
1531 877 1636 944 elicit:

445 988 494 1049 ita
527 987 607 1049 mira
636 984 892 1050 dissimulatione
917 985 1062 1050 additum
1088 986 1239 1063 „homo’',
1262 993 1300 1051 ut
1323 985 1471 1051 videatur
1495 984 1577 1051 nihil
1601 986 1639 1052 de

445 1093 625 1177 praesentia
648 1091 770 1157 domini
794 1094 959 1177 cogitasse.

495 1243 548 1310 75.
606 1243 690 1309 'Puos
713 1252 761 1309 est
785 1244 954 1310 damnatus
977 1251 1113 1331 gnatus,
1138 1265 1199 1308 non
1224 1250 1277 1323 tn;
1303 1264 1377 1309 nam
1400 1249 1457 1308 tna

607 1351 817 1416 Praeterisrat
840 1355 906 1417 ism
930 1351 1170 1416 adducendum
1196 1357 1282 1416 setas

495 1457 594 1522 Ludit
629 1456 782 1522 Phormio
810 1479 884 1522 cnm
916 1457 994 1523 dicit
1027 1479 1112 1534 „non
1144 1456 1214 1535 tu’',
1246 1478 1320 1522 nam
1343 1459 1553 1542 praeterierat
1575 1460 1640 1522 iam

445 1563 585 1628 ducendi
607 1571 703 1628 aetas.
767 1563 855 1629 Haec
879 1584 953 1629 vera
976 1569 1051 1629 sunt
1074 1570 1106 1628 et
1129 1561 1285 1649 leguntur
1307 1565 1431 1648 inipso
1453 1568 1555 1629 textu.
1579 1561 1642 1628 Sed

446 1669 527 1735 falso
550 1672 698 1736 acumine
722 1670 825 1735 denuo
849 1668 994 1735 laborant
1018 1689 1097 1754 quae
1120 1684 1317 1754 sequuntur:

494 1775 535 1839 nt
558 1775 881 1862 contemptibiliorem
904 1778 938 1839 in
961 1775 1020 1840 hac
1043 1795 1137 1840 eausa
1161 1770 1222 1839 slbi
1241 1795 1349 1839 senem
1370 1794 1465 1859 qnam
1487 1773 1643 1858 Antipho·

447 1902 524 1946 nem
547 1882 645 1947 fuisse
668 1884 714 1947 ait
737 1879 898 1967 simulque
922 1887 1060 1946 aetatem
1083 1883 1117 1944 in
1141 1879 1197 1945 illo
1221 1901 1289 1946 esse
1313 1879 1504 1965 despectam.

498 2031 548 2099 79.
574 2033 656 2098 Tute
679 2033 765 2099 idem
788 2032 907 2099 melius
930 2032 1051 2098 feceris.

495 2139 631 2220 Quidam
654 2143 698 2205 sic
720 2138 910 2225 intelligunt
935 2145 1026 2216 „tute
1048 2142 1070 2203 i.
1095 2161 1139 2204 m.
1165 2138 1222 2216 f.”,
1247 2146 1285 2205 ut
1307 2161 1404 2206 senex
1422 2143 1528 2228 potius
1548 2144 1640 2206 exest

447 2268 545 2332 quam
581 2249 676 2311 eiciat
709 2245 831 2324 filium3
866 2246 1034 2311 artificiose
1070 2251 1178 2311 autem
1215 2245 1359 2332 loquitur
1394 2245 1565 2324 Phormio,
1601 2254 1638 2311 nt

447 2354 570 2420 adimat
601 2354 815 2439 suspicionem
839 2355 907 2418 seni
930 2354 1144 2419 consensionis
1167 2357 1200 2418 et
1223 2355 1423 2420 coniventine
1447 2357 1530 2420 inter
1554 2373 1642 2440 para·

448 2463 553 2526 situm
577 2465 610 2525 et
633 2458 748 2523 filium.

496 2566 565 2631 Non
601 2564 787 2650 „quidam”‚
819 2564 873 2629 sed
896 2585 1005 2630 omnes
1029 2567 1183 2629 nimirum
1208 2567 1254 2630 sic
1277 2563 1514 2631 intellexerunt.
1539 2563 1642 2630 Verba

450 2673 547 2759 plana
577 2678 654 2736 sunt
677 2678 710 2737 et
733 2673 801 2736 sine
824 2671 975 2746 artificio,
1000 2691 1057 2736 nec
1079 2670 1267 2736 Phormioni
1291 2671 1390 2736 adimi
1413 2677 1518 2757 potest
1541 2673 1643 2757 suspi-

448 2783 515 2856 cio,
547 2800 609 2865 qua
638 2791 724 2844 caret
755 2780 854 2844 etiam
885 2780 919 2842 in
950 2776 997 2842 III
1031 2777 1135 2843 1.10:
1169 2776 1357 2863 „Numquid
1381 2785 1471 2864 pater
1494 2774 1641 2863 subolet?

448 2890 530 2952 Ans.
555 2883 610 2950 Nil
633 2884 764 2951 etiam’'.
789 2882 940 2951 Continet
960 2883 1100 2950 scholion
1120 2883 1235 2949 falsam
1254 2885 1435 2971 philosophi
1454 2885 1640 2950 doctrinam.

498 2991 648 3058 Scholion
679 2992 719 3058 ad
749 2993 781 3058 h.
805 2991 826 3057 1.
857 2995 974 3057 inser.
1001 3012 1037 3055 a:
1064 2990 1175 3068 „locus
1199 2999 1247 3057 est
1271 2993 1341 3069 hic,
1365 3001 1402 3058 ut
1426 2995 1471 3058 sic
1495 2992 1642 3058 ostendat

448 3100 603 3165 Phormio
635 3099 673 3164 de
704 3105 867 3183 compacto
900 3099 1003 3184 egisse
1034 3119 1107 3163 cum
1141 3099 1345 3184 Antiphone’'
1377 3120 1434 3164 nco
1456 3100 1559 3165 forma
1582 3119 1639 3164 nec

449 3208 608 3272 sententia
630 3206 713 3270 mihi
735 3204 846 3290 liquet.

496 3312 569 3378 Non
601 3311 649 3378 lac
680 3311 772 3377 lactis
803 3308 943 3375 similius
974 3316 1039 3388 est,
1071 3331 1169 3396 quam
1193 3310 1269 3377 haec
1292 3312 1496 3377 Phormionis
1520 3312 1641 3378 scholia

449 3424 490 3486 iis
515 3425 600 3497 sunt,
620 3439 702 3505 qnae
724 3439 763 3483 ex
784 3417 922 3483 Andriae
941 3424 1123 3483 commento
1143 3417 1340 3504 Philosopho
1360 3418 1555 3506 adsignanda
1574 3440 1642 3485 esse

452 3526 604 3592 vidimus.

869 3844 1042 3893 VERBOBUM
1065 3845 1223 3895 MONS'PRA.

453 3978 457 3983 ’
499 3982 631 4047 Duobus
658 3985 751 4047 novis
775 3981 880 4047 verbis
904 3982 1191 4066 portentosissimis
1217 3982 1397 4046 αὖτολίπειν
1421 3988 1453 4048 et
1478 3982 1644 4058 αὐτοφαεί-

451 4098 510 4138 um
542 4081 673 4139 auctum
704 4079 753 4138 est
782 4073 905 4139 lexicon
937 4070 1111 4150 Graecum,
1138 4075 1165 4136 si
1190 4071 1266 4139 fides
1284 4073 1433 4138 habenda
1457 4076 1525 4138 viro
1549 4073 1642 4139 docto

451 4168 507 4252 qui
532 4164 618 4231 BOH
645 4164 727 4228 1901
755 4186 785 4248 p.
812 4164 854 4229 21
880 4171 912 4229 et
936 4163 978 4227 25
1003 4163 1082 4229 duas
1105 4162 1205 4229 edidit
1229 4165 1401 4251 Bithyniae
1420 4167 1641 4250 inscriptiones

451 4257 600 4322 funebres
623 4259 787 4332 metricas,
810 4258 845 4320 in
865 4276 1001 4340 quarum
1022 4258 1126 4340 priore
1146 4256 1197 4336 (n⁰
1212 4257 1289 4337 154)
1309 4257 1347 4323 de
1366 4254 1491 4322 Iuliano
1503 4256 1641 4341 quodam

452 4349 603 4413 defuncto
622 4345 738 4433 legisse
758 4348 819 4412 sibi
840 4346 967 4412 videtur
986 4347 1096 4411 verba:
1117 4350 1273 4425 τέσσαρας
1292 4350 1524 4413 sicambe
1546 4349 1643 4425 υἱούς,

451 4444 485 4503 in
510 4441 683 4523 posteriore
706 4437 755 4515 (n⁰
770 4435 848 4516 157)
873 4437 910 4501 de
935 4458 1042 4502 recens
1066 4443 1168 4522 nupta
1191 4444 1223 4503 et
1246 4442 1358 4504 statim
1382 4439 1494 4505 deinde
1518 4446 1645 4505 mortua

451 4529 604 4595 muliere:
635 4529 752 4603 deluso
772 4531 835 4607 γὰρ
856 4528 974 4600 ἀπηνὴς
995 4528 1001 4610 Ι
1023 4529 1410 4605 ebrodonnensium
1432 4530 1542 4607 ἔσβεσε
1564 4530 1645 4610 δᾷδα

452 4624 575 4699 γάμων.
597 4620 699 4702 Quem
721 4619 838 4686 vellem
859 4623 926 4705 ipse
946 4618 1067 4704 lapides
1079 4621 1252 4704 inspicere,
1273 4628 1308 4686 ut
1321 4625 1549 4688 sciremannon
1563 4620 1645 4687 alter

451 4714 585 4781 habeat:
622 4708 711 4778 ater
732 4713 959 4792 (hieinterra)
981 4711 1116 4785 λιπὼν,
1137 4710 1218 4776 alter
1237 4711 1326 4792 ἄρτι
1347 4711 1644 4792 massenutinae!

1432 4805 1474 4870 H.
1502 4822 1531 4869 v.
1556 4804 1599 4872 Η.
