4525 5950
534 685 577 750 94
800 702 1122 751 ossravruunouum
1145 703 1187 750 nn
1209 703 1284 750 msa
1307 703 1447 752 nouato.

533 873 712 953 emptorem
735 869 893 945 inveniet,
919 872 951 933 et
974 888 1085 932 rursus
1109 870 1253 946 eveniet,
1276 875 1314 933 ut
1335 890 1451 935 nomen
1473 870 1591 935 babeat
1613 869 1724 948 fiscus,

459 977 464 989 '
532 996 633 1061 quum
653 977 753 1060 possit
770 975 887 1040 babere
904 979 1103 1059 praesentem
1122 977 1301 1061 pecuniam.
1322 975 1443 1041 Eadem
1456 974 1579 1042 scilicet
1591 981 1725 1054 ratione,

533 1084 589 1167 qui
610 1105 630 1145 a
648 1087 865 1166 peraequatore
888 1080 1049 1145 desertum
1066 1080 1232 1166 praedium
1251 1084 1322 1146 iure
1341 1081 1475 1146 dominii
1493 1082 1725 1167 possidendum

533 1189 705 1273 acceperit,
741 1189 769 1251 is
803 1187 922 1271 reliquo
955 1185 1046 1251 nulla
1077 1185 1171 1251 debet
1201 1188 1339 1269 temporit
1371 1195 1441 1252 uate
1471 1188 1531 1251 acri
1546 1187 1579 1266 ¹).
1612 1188 1726 1254 Solent

533 1296 658 1360 deserta
681 1315 699 1359 a
722 1294 955 1378 possessoribus
974 1293 1102 1378 praedia
1121 1299 1178 1359 aut
1197 1295 1293 1358 tustra
1311 1295 1434 1375 ratiti)
1449 1292 1475 1376 ²)
1495 1303 1551 1360 aut
1571 1297 1624 1359 sub
1645 1305 1726 1360 certo

532 1401 717 1465 inmunitate
730 1399 755 1481 ³)
785 1400 947 1487 adsignari
975 1408 1085 1464 eertum
1116 1423 1199 1486 quera
1229 1401 1406 1465 tributorum
1436 1424 1575 1466 camera
1598 1404 1726 1484 promit-

532 1509 636 1587 t(eati)
650 1507 688 1585 4),
717 1507 838 1571 metere
861 1509 972 1592 utique
995 1508 1174 1585 condicione,
1199 1528 1317 1592 quum,
1342 1507 1428 1592 quod
1450 1508 1650 1594 adsignetur,
1675 1534 1726 1574 rao-

532 1614 627 1678 ootem
649 1613 826 1692 aestimat
839 1613 1043 1700 fooctionenr,
1068 1614 1146 1678 baec
1169 1618 1256 1678 enim
1281 1622 1317 1678 ut
1340 1616 1468 1699 integra
1491 1623 1675 1700 praestetur
1688 1617 1725 1695 ⁵),

530 1723 639 1807 ipsum
671 1720 832 1785 tributum
861 1723 959 1785 etiam
989 1722 1095 1806 magis
1125 1721 1305 1801 relevato)
1319 1719 1354 1801 6).
1388 1719 1500 1786 Fiebat
1530 1729 1643 1787 autem
1675 1723 1727 1788 ad·

533 1829 671 1914 signatio
690 1826 797 1890 edictis
810 1826 1010 1909 pendentibua
1023 1827 1058 1907 ¹),
1077 1827 1194 1912 quibus
1213 1836 1337 1893 veteres
1357 1827 1478 1892 domini
1498 1829 1727 1906 avocabantur,

532 1940 570 1997 ut
592 1935 677 1997 intra
700 1938 823 1998 cenum
844 1940 972 2018 tempus
990 1937 1175 1998 etiamnunc
1194 1954 1251 1999 sua
1271 1936 1331 1998 sibi
1351 1936 1485 2018 quisque
1497 1936 1678 2020 reciperent
1690 1936 1727 2016 ⁸).

532 2038 589 2104 Sin
612 2039 672 2104 boc
695 2038 789 2104 modo
813 2038 930 2104 fundus
954 2039 1097 2105 desertus
1115 2040 1251 2104 introire
1273 2039 1451 2121 dominam)
1474 2063 1533 2104 eoa
1545 2044 1728 2123 potuerat),

532 2145 623 2210 iubet
648 2144 840 2210 Aurelianus
863 2147 1016 2209 ciuitatum
1039 2148 1160 2210 ordiner
1183 2193 1280 2212 .....
1305 2147 1431 2211 tritanii
1452 2148 1641 2212 immunitate
1658 2173 1729 2231 per·

533 2260 618 2335 cepto
648 2252 758 2333 deia⁹)
780 2252 956 2316 solenniter
976 2254 1156 2338 totiesooere
1171 2252 1220 2334 ¹⁰),
1245 2274 1341 2340 quem
1365 2261 1520 2332 terrorem)
1543 2252 1730 2320 Constanti·

532 2382 593 2426 nus
617 2365 742 2439 actast)
767 2360 826 2425 hoc
850 2360 974 2437 addito,
1000 2367 1050 2437 ut,
1073 2361 1102 2424 ti
1124 2361 1292 2424 constiterit
1314 2363 1356 2424 od
1377 2362 1585 2443 ermoipiendoe
1608 2365 1728 2426 eoadem

527 2467 729 2549 porrectiones
752 2466 847 2529 minos
870 2467 989 2530 idoneos
1013 2489 1091 2543 oeae,
1117 2469 1272 2530 eorundem
1296 2490 1434 2549 aprorum
1455 2491 1544 2532 caera
1561 2472 1729 2550 peremtio-

532 2572 619 2635 m'tua
648 2574 848 2657 privatorum
880 2579 909 2635 et
939 2572 1101 2636 territoriis
1131 2576 1303 2638 civitatum
1327 2575 1365 2654 ¹¹)
1399 2573 1594 2639 dividantur.
1634 2575 1728 2655 Quod

468 2730 471 2735 .
533 2678 682 2756 initiatio
706 2676 893 2763 exemplum
912 2680 943 2743 tt
965 2681 1222 2745 vetustissimum
1242 2687 1290 2744 est
1310 2682 1342 2746 et
1362 2679 1482 2758 solum,
1502 2681 1587 2766 quod
1609 2681 1729 2748 habeat

532 2788 771 2872 mitigationem
794 2807 851 2872 per
871 2788 1124 2854 immunitatem.

567 3060 592 3124 1)
616 3076 636 3110 c.
655 3059 686 3107 18
704 3059 731 3109 C.
749 3059 793 3108 Tb.
813 3059 892 3110 1811
915 3081 940 3101 =
961 3076 982 3111 c.
1001 3058 1015 3108 7
1033 3060 1059 3109 0.
1079 3062 1160 3109 1158
1178 3061 1243 3121 (51)(
1267 3078 1287 3109 c.
1306 3061 1470 3125 ll(Weuok:
1489 3062 1560 3122 4)(1.
1580 3063 1628 3113 Th.
1648 3067 1726 3122 5.15;

531 3159 551 3192 c.
570 3143 600 3191 11
619 3144 655 3204 (8
673 3144 699 3191 C.
719 3143 800 3191 1158
817 3143 877 3203 (58).

565 3228 592 3286 8)
609 3241 629 3275 c.
648 3226 662 3273 8
680 3225 792 3285 (Wancbr
813 3227 840 3286 8)
858 3224 885 3272 0.
903 3224 947 3273 uh.
966 3226 1042 3283 5.15;
1060 3225 1091 3274 oi.
1109 3241 1128 3273 e.
1148 3226 1163 3274 2
1181 3224 1208 3273 O.
1227 3225 1300 3274 Mb.

565 3307 592 3369 8)
610 3324 630 3357 c.
649 3309 663 3356 8
680 3305 707 3354 Ο.
726 3307 806 3356 11.58
824 3307 889 3370 (58).
909 3334 937 3343 -
960 3306 1064 3355 Prioaaii
1080 3307 1216 3356 ostenditur
1231 3307 1372 3356 immunitas
1388 3324 1410 3357 c.
1426 3310 1441 3357 8
1458 3308 1573 3369 (warch
1589 3310 1617 3366 8)
1636 3312 1664 3361 C.
1681 3312 1727 3362 Tb.

532 3392 555 3439 5.
567 3390 605 3447 15,
627 3387 670 3437 rub
687 3404 734 3453 qua
751 3390 778 3436 ut
795 3385 902 3448 ἔπιβολή
919 3388 943 3436 in
960 3387 1043 3436 edictis
1062 3387 1183 3436 Aureliani
1201 3392 1225 3436 et
1243 3388 1393 3438 (tutamini
1408 3393 1438 3450 (e.
1459 3390 1471 3437 1
1489 3390 1516 3439 O.
1536 3392 1575 3439 11.
1586 3392 1621 3438 58
1640 3408 1652 3441 a
1679 3397 1728 3452 58).

531 3473 716 3535 Nonnunquam
739 3470 809 3518 novis
833 3468 935 3518 dominia
956 3469 1027 3533 plena
1049 3469 1215 3534 praestabatur
1230 3471 1369 3520 immunitas
1385 3472 1493 3536 (Iuliam,
1512 3472 1647 3538 Misopog„
1665 3476 1682 3525 i.
1693 3477 1728 3538 t).

532 3554 635 3604 maxima
651 3553 692 3617 qni
709 3552 815 3601 veterani
833 3556 910 3600 essent
928 3555 956 3612 (c.
975 3554 998 3610 8,
1014 3568 1033 3600 c.
1052 3554 1067 3601 8
1087 3552 1113 3601 0.
1132 3553 1178 3601 Tb.
1197 3553 1282 3617 180).

564 3639 592 3699 t)
605 3652 625 3686 c.
638 3637 664 3684 11
680 3636 713 3697 §l
731 3635 759 3684 C.
776 3636 813 3683 ll.
825 3635 856 3682 58
870 3650 888 3683 a.
901 3636 939 3684 58.
954 3635 1000 3695 (Cf.
1014 3650 1035 3683 c.
1045 3651 1083 3683 un.
1094 3638 1105 3696 ς
1115 3637 1129 3684 8
1139 3637 1165 3684 C.
1175 3634 1219 3683 Tb.
1230 3636 1252 3686 1.
1266 3637 1309 3686 18ε
1321 3639 1386 3686 ralra
1394 3637 1533 3686 tritatoraaa
1539 3641 1725 3701 praestatione).

566 3723 592 3780 5)
619 3718 651 3767 ut
670 3718 751 3783 pratia
773 3732 823 3766 tora
845 3720 885 3777 (=
907 3717 1010 3781 iunctio)
1032 3718 1123 3766 navoth
1146 3718 1243 3783 (qnippe
1266 3734 1326 3780 quae
1343 3719 1436 3783 integra
1454 3721 1597 3784 praestanda
1616 3726 1664 3785 eat)
1680 3739 1729 3772 aru

532 3815 578 3850 raoa
595 3800 673 3863 ponit
692 3815 738 3862 pro
760 3814 789 3847 ea
807 3815 854 3864 qua
871 3799 984 3848 resederit
998 3799 1035 3862 (in
1053 3813 1082 3848 ao
1099 3800 1181 3860 fundo)
1195 3800 1355 3863 portiuncula.
1373 3801 1453 3850 tbdex
1471 3800 1623 3851 Iustinianna
1643 3804 1727 3853 babet:

532 3899 593 3948 quae
610 3882 727 3932 natm,

567 3967 595 4030 8)
611 3982 632 4015 c.
651 3967 681 4015 18
699 3966 727 4014 C.
744 3964 788 4012 Th.
808 3965 856 4015 88
878 3986 902 4007 =
923 3981 944 4013 o.
963 3965 993 4012 15
1012 3965 1037 4013 C.
1059 3965 1096 4014 11,
1106 3965 1139 4012 58
1155 3966 1215 4026 (58).

568 4049 595 4113 7)
611 4065 632 4098 c.
650 4050 681 4097 13
699 4048 728 4111 (i.
738 4048 767 4112 i.)
785 4047 813 4097 C.
832 4048 876 4096 tu.
895 4048 985 4097 1128.

566 4133 594 4192 8)
611 4148 630 4179 o.
651 4132 680 4179 11
705 4146 741 4195 pr.
761 4129 973 4190 Ο.11.58(58);
998 4131 1065 4178 ell
1085 4130 1441 4191 (utramontani.
1465 4130 1502 4179 ut
1518 4147 1540 4180 e.
1559 4131 1573 4183 ’1
1593 4133 1623 4182 O.
1645 4135 1727 4184 1158

532 4213 585 4275 (51)
604 4234 627 4255 --
649 4229 669 4261 c.
686 4214 718 4261 lt
737 4212 764 4260 C.
781 4212 825 4260 Tb.
845 4212 935 4261 1811.

567 4296 594 4359 8)
612 4296 646 4344 Ex
663 4295 800 4344 coniectura
818 4294 970 4343 Mommseni.
988 4294 1068 4343 Libri:
1086 4296 1121 4344 da.

567 4377 610 4441 lu)
634 4393 652 4425 o.
675 4378 686 4424 1
710 4376 736 4425 C.
757 4377 793 4425 11.
806 4378 837 4426 tt
855 4378 913 4438 (58).
937 4404 970 4414 -
994 4377 1055 4430 ana
1067 4392 1261 4439 praeceperamus
1278 4376 1389 4426 videntur
1405 4392 1453 4425 aare
1470 4376 1598 4426 Matura
1617 4380 1724 4438 ordiam

532 4460 612 4523 itaque
634 4459 728 4523 virgula
744 4461 852 4524 ponenda
869 4463 904 4508 ert
922 4464 1058 4525 anteparta,
1075 4461 1189 4509 demenda
1206 4465 1259 4525 port
1273 4477 1461 4524 praeceperamus
1477 4463 1518 4525 (=
1540 4464 1725 4527 praediximur).

566 4542 609 4603 11)
622 4542 660 4591 Ita
675 4542 849 4607 interpretatur
863 4543 1002 4601 Zachariae,
1017 4543 1099 4593 Garat.
1113 4543 1154 4593 dea
1164 4543 1365 4607 erectiore-ron.
1379 4544 1468 4593 Recita
1480 4544 1565 4605 (1888)
1581 4562 1607 4610 p.
1617 4548 1699 4597 229’·
1708 4551 1725 4591 ¹.

532 4640 560 4674 ar
578 4625 671 4674 disemo
689 4625 811 4684 Monuier,
829 4626 902 4675 Noua.
922 4643 968 4676 rer.
986 4626 1068 4674 tiator.
1084 4624 1142 4673 XVI
1155 4626 1240 4687 (1888)
1254 4642 1276 4690 p.
1292 4627 1354 4674 330¹
1372 4626 1430 4675 dnoa
1444 4626 1540 4675 Cniacio
1554 4632 1580 4676 et
1597 4630 1727 4680 territoriis

533 4709 618 4759 vertit:
637 4709 687 4758 eina
704 4708 830 4758 territorii.
847 4709 884 4759 Ct.
902 4709 1004 4773 deniquo
1023 4708 1132 4768 Mitteia,
1148 4727 1169 4759 a.
1189 4708 1269 4757 (itaet.
1287 4710 1330 4759 der
1346 4708 1462 4773 Ertpactt
1478 4709 1564 4769 (1801)
1581 4726 1606 4775 p,
1624 4712 1666 4764 84.
