<?xml version="1.0" encoding="UTF-8"?>
<!DOCTYPE html PUBLIC "-//W3C//DTD XHTML 1.0 Transitional//EN"
    "http://www.w3.org/TR/xhtml1/DTD/xhtml1-transitional.dtd">
<html xmlns="http://www.w3.org/1999/xhtml" xml:lang="en" lang="en">
 <head>
  <title>
</title>
<meta http-equiv="Content-Type" content="text/html;charset=utf-8" />
  <meta name='ocr-system' content='tesseract 3.04.00' />
  <meta name='ocr-capabilities' content='ocr_page ocr_carea ocr_par ocr_line ocrx_word'/>
</head>
<body>
  <div class='ocr_page' id='page_1' title='image "./mnemosyne07verdgoog_0749.png"; bbox 0 0 4525 5950; ppageno 0'>
   <div class='ocr_carea' id='block_1_1' title="bbox 639 715 1365 782">
    <p class='ocr_par' dir='ltr' id='par_1_1' title="bbox 639 715 1365 782">
     <span class='ocr_line' id='line_1_1' title="bbox 639 715 1365 782; baseline -0.007 -1"><span class='ocrx_word' id='word_1_1' title='bbox 639 715 706 782; x_wconf 82' lang='lat'><strong>274</strong></span> <span class='ocrx_word' id='word_1_2' title='bbox 1115 726 1365 777; x_wconf 72' lang='lat' dir='ltr'><strong>saumrnrrrs.</strong></span> 
     </span>
    </p>
   </div>
   <div class='ocr_carea' id='block_1_2' title="bbox 639 894 1845 1081">
    <p class='ocr_par' dir='ltr' id='par_1_2' title="bbox 639 894 1845 1081">
     <span class='ocr_line' id='line_1_2' title="bbox 639 894 1845 982; baseline -0.002 -18"><span class='ocrx_word' id='word_1_3' title='bbox 639 900 763 977; x_wconf 84' lang='lat' dir='ltr'><strong>fnisset,</strong></span> <span class='ocrx_word' id='word_1_4' title='bbox 785 895 871 962; x_wconf 88' lang='lat' dir='ltr'><strong>abire</strong></span> <span class='ocrx_word' id='word_1_5' title='bbox 891 901 1075 982; x_wconf 89' lang='lat' dir='ltr'><strong>potuerunt.</strong></span> <span class='ocrx_word' id='word_1_6' title='bbox 1098 895 1225 959; x_wconf 80' lang='lat' dir='ltr'><strong>Interea</strong></span> <span class='ocrx_word' id='word_1_7' title='bbox 1247 894 1319 958; x_wconf 82' lang='lat' dir='ltr'><strong>vide</strong></span> <span class='ocrx_word' id='word_1_8' title='bbox 1339 915 1442 959; x_wconf 86' lang='lat' dir='ltr'><strong>annon</strong></span> <span class='ocrx_word' id='word_1_9' title='bbox 1461 894 1601 960; x_wconf 85' lang='lat' dir='ltr'><strong>sufficiat</strong></span> <span class='ocrx_word' id='word_1_10' title='bbox 1622 897 1700 961; x_wconf 89' lang='lat' dir='ltr'><strong>sine</strong></span> <span class='ocrx_word' id='word_1_11' title='bbox 1713 895 1845 961; x_wconf 85' lang='lat' dir='ltr'><strong>articulo</strong></span> 
     </span>
     <span class='ocr_line' id='line_1_3' title="bbox 641 1000 1345 1081; baseline -0.006 -11"><span class='ocrx_word' id='word_1_12' title='bbox 641 1005 777 1070; x_wconf 85' lang='lat' dir='ltr'><strong>scribere</strong></span> <span class='ocrx_word' id='word_1_13' title='bbox 801 1001 976 1081; x_wconf 70' lang='grc' dir='ltr'><strong><em>ἐξέπεμψεν</em></strong></span> <span class='ocrx_word' id='word_1_14' title='bbox 1001 1000 1345 1080; x_wconf 69' lang='grc' dir='ltr'><strong><em>ἐγκεκρυμμένον.</em></strong></span> 
     </span>
    </p>
   </div>
   <div class='ocr_carea' id='block_1_3' title="bbox 638 1219 1846 2145">
    <p class='ocr_par' dir='ltr' id='par_1_3' title="bbox 638 1219 1846 2145">
     <span class='ocr_line' id='line_1_4' title="bbox 687 1219 1620 1298; baseline 0.002 -15"><span class='ocrx_word' id='word_1_15' title='bbox 687 1220 739 1285; x_wconf 85' lang='lat' dir='ltr'><strong>Vs.</strong></span> <span class='ocrx_word' id='word_1_16' title='bbox 765 1220 840 1287; x_wconf 82' lang='grc'><strong>574.</strong></span> <span class='ocrx_word' id='word_1_17' title='bbox 866 1223 959 1296; x_wconf 74' lang='grc' dir='ltr'><strong><em>Φῖλαι</em></strong></span> <span class='ocrx_word' id='word_1_18' title='bbox 982 1229 1146 1298; x_wconf 85' lang='grc' dir='ltr'><strong><em>γυναῖκες,</em></strong></span> <span class='ocrx_word' id='word_1_19' title='bbox 1169 1219 1333 1296; x_wconf 73' lang='grc' dir='ltr'><strong><em>ξυγγενεῖς</em></strong></span> <span class='ocrx_word' id='word_1_20' title='bbox 1359 1224 1471 1293; x_wconf 84' lang='grc' dir='ltr'><strong><em>τούμοῦ</em></strong></span> <span class='ocrx_word' id='word_1_21' title='bbox 1497 1220 1620 1296; x_wconf 70' lang='grc' dir='ltr'><strong><em>τρόπου.</em></strong></span> 
     </span>
     <span class='ocr_line' id='line_1_5' title="bbox 866 1322 1758 1410; baseline 0 -21"><span class='ocrx_word' id='word_1_22' title='bbox 866 1322 926 1408; x_wconf 73' lang='grc' dir='ltr'><strong><em>[ὅτι</em></strong></span> <span class='ocrx_word' id='word_1_23' title='bbox 950 1327 1006 1400; x_wconf 73' lang='grc' dir='ltr'><strong><em>μὲν</em></strong></span> <span class='ocrx_word' id='word_1_24' title='bbox 1029 1328 1121 1402; x_wconf 73' lang='grc' dir='ltr'><strong><em>Φίλος</em></strong></span> <span class='ocrx_word' id='word_1_25' title='bbox 1146 1327 1208 1401; x_wconf 73' lang='grc' dir='ltr'><strong><em>εἴμ’</em></strong></span> <span class='ocrx_word' id='word_1_26' title='bbox 1232 1327 1313 1402; x_wconf 81' lang='grc' dir='ltr'><strong><em>ὑμῖν,</em></strong></span> <span class='ocrx_word' id='word_1_27' title='bbox 1339 1325 1479 1400; x_wconf 71' lang='grc' dir='ltr'><strong><em>ἕτῖδηλος</em></strong></span> <span class='ocrx_word' id='word_1_28' title='bbox 1506 1335 1579 1397; x_wconf 90' lang='grc' dir='ltr'><strong><em>ταῖς</em></strong></span> <span class='ocrx_word' id='word_1_29' title='bbox 1603 1327 1758 1410; x_wconf 77' lang='grc' dir='ltr'><strong><em>γνάθοις]</em></strong></span> 
     </span>
     <span class='ocr_line' id='line_1_6' title="bbox 866 1432 1271 1510; baseline 0.005 -15"><span class='ocrx_word' id='word_1_30' title='bbox 866 1439 1081 1510; x_wconf 73' lang='grc' dir='ltr'><strong><em>γυναικομανῶ</em></strong></span> <span class='ocrx_word' id='word_1_31' title='bbox 1105 1432 1183 1509; x_wconf 78' lang='grc' dir='ltr'><strong>γάρ</strong></span> <span class='ocrx_word' id='word_1_32' title='bbox 1208 1433 1271 1497; x_wconf 82' lang='grc' dir='ltr'><strong>κτὲ.</strong></span> 
     </span>
     <span class='ocr_line' id='line_1_7' title="bbox 639 1535 1846 1614; baseline 0 -11"><span class='ocrx_word' id='word_1_33' title='bbox 639 1536 725 1603; x_wconf 82' lang='lat' dir='ltr'><strong>Scite</strong></span> <span class='ocrx_word' id='word_1_34' title='bbox 744 1537 921 1602; x_wconf 82' lang='lat' dir='ltr'><strong>vLeeuwen</strong></span> <span class='ocrx_word' id='word_1_35' title='bbox 943 1538 1103 1612; x_wconf 84' lang='lat' dir='ltr'><strong>observat,</strong></span> <span class='ocrx_word' id='word_1_36' title='bbox 1127 1539 1189 1600; x_wconf 91' lang='lat' dir='ltr'><strong>nisi</strong></span> <span class='ocrx_word' id='word_1_37' title='bbox 1212 1537 1265 1601; x_wconf 89' lang='lat' dir='ltr'><strong>hic</strong></span> <span class='ocrx_word' id='word_1_38' title='bbox 1290 1558 1336 1600; x_wconf 86' lang='lat' dir='ltr'><strong>vs.</strong></span> <span class='ocrx_word' id='word_1_39' title='bbox 1355 1547 1436 1601; x_wconf 70' lang='lat' dir='ltr'><strong>&#39;cum</strong></span> <span class='ocrx_word' id='word_1_40' title='bbox 1461 1535 1582 1603; x_wconf 86' lang='lat' dir='ltr'><strong>Oobeto</strong></span> <span class='ocrx_word' id='word_1_41' title='bbox 1606 1537 1777 1614; x_wconf 86' lang='lat' dir='ltr'><strong>deleatur,</strong></span> <span class='ocrx_word' id='word_1_42' title='bbox 1800 1560 1846 1603; x_wconf 83' lang='lat' dir='ltr'><strong>vo</strong></span> 
     </span>
     <span class='ocr_line' id='line_1_8' title="bbox 639 1642 1845 1729; baseline -0.001 -21"><span class='ocrx_word' id='word_1_43' title='bbox 639 1642 745 1708; x_wconf 84' lang='lat' dir='ltr'><strong>culam</strong></span> <span class='ocrx_word' id='word_1_44' title='bbox 776 1646 837 1721; x_wconf 83' lang='grc' dir='ltr'><strong>γάρ</strong></span> <span class='ocrx_word' id='word_1_45' title='bbox 863 1665 923 1708; x_wconf 91' lang='lat' dir='ltr'><strong>non</strong></span> <span class='ocrx_word' id='word_1_46' title='bbox 947 1644 1060 1708; x_wconf 88' lang='lat' dir='ltr'><strong>habere</strong></span> <span class='ocrx_word' id='word_1_47' title='bbox 1084 1665 1147 1729; x_wconf 90' lang='lat' dir='ltr'><strong>quo</strong></span> <span class='ocrx_word' id='word_1_48' title='bbox 1170 1643 1335 1708; x_wconf 85' lang='lat' dir='ltr'><strong>reseratur.</strong></span> <span class='ocrx_word' id='word_1_49' title='bbox 1362 1643 1469 1719; x_wconf 87' lang='lat' dir='ltr'>Addo,</span> <span class='ocrx_word' id='word_1_50' title='bbox 1494 1646 1521 1706; x_wconf 91' lang='lat' dir='ltr'><strong>si</strong></span> <span class='ocrx_word' id='word_1_51' title='bbox 1543 1647 1721 1728; x_wconf 79' lang='lat' dir='ltr'><strong>genuinus</strong></span> <span class='ocrx_word' id='word_1_52' title='bbox 1747 1655 1845 1720; x_wconf 85' lang='lat' dir='ltr'><strong>esset,</strong></span> 
     </span>
     <span class='ocr_line' id='line_1_9' title="bbox 638 1747 1845 1834; baseline 0 -21"><span class='ocrx_word' id='word_1_53' title='bbox 638 1757 765 1834; x_wconf 87' lang='lat' dir='ltr'><strong>poetam</strong></span> <span class='ocrx_word' id='word_1_54' title='bbox 788 1771 850 1814; x_wconf 91' lang='lat' dir='ltr'><strong>non</strong></span> <span class='ocrx_word' id='word_1_55' title='bbox 875 1751 984 1834; x_wconf 80' lang='lat' dir='ltr'>paucis</span> <span class='ocrx_word' id='word_1_56' title='bbox 1007 1758 1078 1834; x_wconf 89' lang='lat' dir='ltr'><strong>post</strong></span> <span class='ocrx_word' id='word_1_57' title='bbox 1103 1749 1248 1814; x_wconf 88' lang='lat' dir='ltr'><strong>versibus</strong></span> <span class='ocrx_word' id='word_1_58' title='bbox 1272 1747 1423 1813; x_wconf 87' lang='lat' dir='ltr'><strong>similiter</strong></span> <span class='ocrx_word' id='word_1_59' title='bbox 1447 1748 1515 1827; x_wconf 89' lang='lat' dir='ltr'><strong>(sed</strong></span> <span class='ocrx_word' id='word_1_60' title='bbox 1538 1757 1669 1833; x_wconf 86' lang='lat' dir='ltr'><strong>quanto</strong></span> <span class='ocrx_word' id='word_1_61' title='bbox 1696 1749 1845 1829; x_wconf 65' lang='lat' dir='ltr'><strong>meliusl)</strong></span> 
     </span>
     <span class='ocr_line' id='line_1_10' title="bbox 639 1854 959 1919; baseline 0.003 -2"><span class='ocrx_word' id='word_1_62' title='bbox 639 1856 820 1919; x_wconf 89' lang='lat' dir='ltr'><strong>iocaturum</strong></span> <span class='ocrx_word' id='word_1_63' title='bbox 843 1854 959 1919; x_wconf 86' lang='lat' dir='ltr'><strong>fnisse:</strong></span> 
     </span>
     <span class='ocr_line' id='line_1_11' title="bbox 865 1957 1743 2039; baseline 0.001 -17"><span class='ocrx_word' id='word_1_64' title='bbox 865 1963 896 2023; x_wconf 88' lang='grc' dir='ltr'><strong>τι’</strong></span> <span class='ocrx_word' id='word_1_65' title='bbox 919 1962 945 2022; x_wconf 84' lang='grc' dir='ltr'><strong>δ’</strong></span> <span class='ocrx_word' id='word_1_66' title='bbox 970 1958 1062 2037; x_wconf 78' lang='grc' dir='ltr'><strong><em>ἔστιν,</em></strong></span> <span class='ocrx_word' id='word_1_67' title='bbox 1088 1957 1108 2023; x_wconf 82' lang='grc' dir='ltr'><strong><em>ὦ</em></strong></span> <span class='ocrx_word' id='word_1_68' title='bbox 1134 1968 1209 2039; x_wconf 83' lang='grc' dir='ltr'><strong><em>ταῖ;</em></strong></span> <span class='ocrx_word' id='word_1_69' title='bbox 1236 1959 1336 2023; x_wconf 82' lang='grc' dir='ltr'><strong><em>παῖδα</em></strong></span> <span class='ocrx_word' id='word_1_70' title='bbox 1361 1962 1424 2035; x_wconf 86' lang='grc' dir='ltr'><strong>γάρ</strong></span> <span class='ocrx_word' id='word_1_71' title='bbox 1448 1961 1477 2022; x_wconf 80' lang='grc' dir='ltr'><strong>τ’</strong></span> <span class='ocrx_word' id='word_1_72' title='bbox 1502 1960 1580 2030; x_wconf 82' lang='grc' dir='ltr'><strong><em>εῖκὸς</em></strong></span> <span class='ocrx_word' id='word_1_73' title='bbox 1607 1969 1743 2037; x_wconf 88' lang='grc' dir='ltr'><strong><em>καλεῖν,</em></strong></span> 
     </span>
     <span class='ocr_line' id='line_1_12' title="bbox 864 2061 1571 2145; baseline 0.001 -18"><span class='ocrx_word' id='word_1_74' title='bbox 864 2063 917 2136; x_wconf 80' lang='grc' dir='ltr'><strong>ἕως</strong></span> <span class='ocrx_word' id='word_1_75' title='bbox 942 2064 980 2128; x_wconf 78' lang='grc' dir='ltr'><strong>ἂν</strong></span> <span class='ocrx_word' id='word_1_76' title='bbox 1004 2062 1096 2135; x_wconf 80' lang='grc' dir='ltr'><strong><em>οὕτως</em></strong></span> <span class='ocrx_word' id='word_1_77' title='bbox 1122 2067 1180 2136; x_wconf 78' lang='grc' dir='ltr'><strong><em>τοῖς</em></strong></span> <span class='ocrx_word' id='word_1_78' title='bbox 1206 2067 1334 2140; x_wconf 74' lang='grc' dir='ltr'><strong><em>γνάθους</em></strong></span> <span class='ocrx_word' id='word_1_79' title='bbox 1358 2064 1457 2145; x_wconf 79' lang='grc' dir='ltr'><strong><em>ψιλοῖς</em></strong></span> <span class='ocrx_word' id='word_1_80' title='bbox 1484 2061 1571 2144; x_wconf 63' lang='grc' dir='ltr'><strong><em>ἔχες.</em></strong></span> 
     </span>
    </p>
   </div>
   <div class='ocr_carea' id='block_1_4' title="bbox 637 2265 1838 2774">
    <p class='ocr_par' dir='ltr' id='par_1_4' title="bbox 637 2265 1838 2774">
     <span class='ocr_line' id='line_1_13' title="bbox 683 2265 1665 2350; baseline 0.003 -19"><span class='ocrx_word' id='word_1_81' title='bbox 683 2266 736 2332; x_wconf 84' lang='lat' dir='ltr'><strong>Vs.</strong></span> <span class='ocrx_word' id='word_1_82' title='bbox 764 2265 839 2333; x_wconf 85' lang='grc'><strong>616.</strong></span> <span class='ocrx_word' id='word_1_83' title='bbox 864 2275 1074 2346; x_wconf 74' lang='grc' dir='ltr'><strong><em>στραγγουριῶ</em></strong></span> <span class='ocrx_word' id='word_1_84' title='bbox 1099 2269 1180 2345; x_wconf 74' lang='grc' dir='ltr'><strong><em>γάρ’</em></strong></span> <span class='ocrx_word' id='word_1_85' title='bbox 1207 2270 1325 2350; x_wconf 73' lang='grc' dir='ltr'><strong><em>ἐχθὲς</em></strong></span> <span class='ocrx_word' id='word_1_86' title='bbox 1351 2268 1471 2347; x_wconf 78' lang='grc' dir='ltr'><strong><em>ἔφαγον</em></strong></span> <span class='ocrx_word' id='word_1_87' title='bbox 1496 2268 1665 2348; x_wconf 86' lang='grc' dir='ltr'><strong><em>κάρδαμα.</em></strong></span> 
     </span>
     <span class='ocr_line' id='line_1_14' title="bbox 639 2372 1838 2460; baseline 0.007 -24"><span class='ocrx_word' id='word_1_88' title='bbox 639 2372 765 2437; x_wconf 87' lang='lat' dir='ltr'><strong>Otiosae</strong></span> <span class='ocrx_word' id='word_1_89' title='bbox 794 2394 890 2459; x_wconf 90' lang='lat' dir='ltr'><strong>quam</strong></span> <span class='ocrx_word' id='word_1_90' title='bbox 923 2373 1026 2439; x_wconf 80' lang='lat' dir='ltr'>editor</span> <span class='ocrx_word' id='word_1_91' title='bbox 1056 2382 1286 2440; x_wconf 84' lang='lat' dir='ltr'><strong>commemorat</strong></span> <span class='ocrx_word' id='word_1_92' title='bbox 1311 2374 1478 2460; x_wconf 80' lang='lat' dir='ltr'><strong>Lentingii</strong></span> <span class='ocrx_word' id='word_1_93' title='bbox 1501 2377 1714 2441; x_wconf 86' lang='lat' dir='ltr'><strong>coniecturae</strong></span> <span class='ocrx_word' id='word_1_94' title='bbox 1748 2379 1838 2458; x_wconf 70' lang='grc' dir='ltr'><strong>χθὲς</strong></span> 
     </span>
     <span class='ocr_line' id='line_1_15' title="bbox 638 2478 1838 2565; baseline 0.003 -24"><span class='ocrx_word' id='word_1_95' title='bbox 638 2482 715 2556; x_wconf 79' lang='grc' dir='ltr'><strong>γὰρ</strong></span> <span class='ocrx_word' id='word_1_96' title='bbox 748 2478 799 2543; x_wconf 85' lang='lat' dir='ltr'><strong>vel</strong></span> <span class='ocrx_word' id='word_1_97' title='bbox 828 2480 887 2544; x_wconf 91' lang='lat' dir='ltr'><strong>hoc</strong></span> <span class='ocrx_word' id='word_1_98' title='bbox 911 2481 1033 2556; x_wconf 87' lang='lat' dir='ltr'><strong>obstat,</strong></span> <span class='ocrx_word' id='word_1_99' title='bbox 1058 2480 1160 2565; x_wconf 89' lang='lat' dir='ltr'><strong>quod,</strong></span> <span class='ocrx_word' id='word_1_100' title='bbox 1186 2488 1221 2544; x_wconf 89' lang='lat' dir='ltr'><strong>ut</strong></span> <span class='ocrx_word' id='word_1_101' title='bbox 1245 2479 1324 2545; x_wconf 91' lang='lat' dir='ltr'><strong>olim</strong></span> <span class='ocrx_word' id='word_1_102' title='bbox 1349 2480 1515 2556; x_wconf 84' lang='lat' dir='ltr'><strong>Meinelre,</strong></span> <span class='ocrx_word' id='word_1_103' title='bbox 1540 2483 1574 2544; x_wconf 92' lang='lat' dir='ltr'><strong>ni</strong></span> <span class='ocrx_word' id='word_1_104' title='bbox 1598 2481 1713 2558; x_wconf 86' lang='lat' dir='ltr'><strong>fallor,</strong></span> <span class='ocrx_word' id='word_1_105' title='bbox 1742 2484 1838 2546; x_wconf 87' lang='lat' dir='ltr'><strong>obser-</strong></span> 
     </span>
     <span class='ocr_line' id='line_1_16' title="bbox 638 2585 1837 2670; baseline 0.003 -23"><span class='ocrx_word' id='word_1_106' title='bbox 638 2587 746 2660; x_wconf 81' lang='lat' dir='ltr'><strong>varit,</strong></span> <span class='ocrx_word' id='word_1_107' title='bbox 772 2585 898 2650; x_wconf 85' lang='lat' dir='ltr'><strong>brevior</strong></span> <span class='ocrx_word' id='word_1_108' title='bbox 921 2586 1023 2649; x_wconf 85' lang='lat' dir='ltr'><strong>forma</strong></span> <span class='ocrx_word' id='word_1_109' title='bbox 1041 2588 1113 2663; x_wconf 74' lang='grc' dir='ltr'><strong>χῖές</strong></span> <span class='ocrx_word' id='word_1_110' title='bbox 1136 2607 1294 2670; x_wconf 83' lang='lat' dir='ltr'><strong>nusquam</strong></span> <span class='ocrx_word' id='word_1_111' title='bbox 1315 2586 1399 2670; x_wconf 88' lang='lat' dir='ltr'><strong>apud</strong></span> <span class='ocrx_word' id='word_1_112' title='bbox 1420 2587 1675 2670; x_wconf 81' lang='lat' dir='ltr'>Aristophanem</span> <span class='ocrx_word' id='word_1_113' title='bbox 1698 2591 1837 2652; x_wconf 85' lang='lat' dir='ltr'><strong>numeris</strong></span> 
     </span>
     <span class='ocr_line' id='line_1_17' title="bbox 637 2688 828 2774; baseline -0.005 -20"><span class='ocrx_word' id='word_1_114' title='bbox 637 2688 828 2774; x_wconf 87' lang='lat' dir='ltr'><strong>postulatur.</strong></span> 
     </span>
    </p>
   </div>
   <div class='ocr_carea' id='block_1_5' title="bbox 683 2907 840 2975">
    <p class='ocr_par' dir='ltr' id='par_1_5' title="bbox 683 2907 840 2975">
     <span class='ocr_line' id='line_1_18' title="bbox 683 2907 840 2975; baseline 0.019 -3"><span class='ocrx_word' id='word_1_115' title='bbox 683 2908 735 2975; x_wconf 85' lang='lat' dir='ltr'><strong>Vs.</strong></span> <span class='ocrx_word' id='word_1_116' title='bbox 763 2907 840 2975; x_wconf 81' lang='lat'><strong>655.</strong></span> 
     </span>
    </p>
   </div>
   <div class='ocr_carea' id='block_1_6' title="bbox 636 3017 1882 4267">
    <p class='ocr_par' dir='ltr' id='par_1_6' title="bbox 728 3017 1799 3104">
     <span class='ocr_line' id='line_1_19' title="bbox 728 3017 1799 3104; baseline 0.005 -24"><span class='ocrx_word' id='word_1_117' title='bbox 728 3019 812 3091; x_wconf 71' lang='grc' dir='ltr'><strong><em>ἡμᾶς</em></strong></span> <span class='ocrx_word' id='word_1_118' title='bbox 837 3019 933 3080; x_wconf 71' lang='grc' dir='ltr'><strong><em>τοίνυν</em></strong></span> <span class='ocrx_word' id='word_1_119' title='bbox 956 3017 1041 3093; x_wconf 80' lang='grc' dir='ltr'><strong><em>μετά</em></strong></span> <span class='ocrx_word' id='word_1_120' title='bbox 1065 3019 1148 3079; x_wconf 83' lang='grc' dir='ltr'><strong><em>τοῦτ’</em></strong></span> <span class='ocrx_word' id='word_1_121' title='bbox 1172 3019 1226 3092; x_wconf 72' lang='grc' dir='ltr'><strong>ἤδη</strong></span> <span class='ocrx_word' id='word_1_122' title='bbox 1251 3017 1308 3088; x_wconf 84' lang='grc' dir='ltr'><strong>τάς</strong></span> <span class='ocrx_word' id='word_1_123' title='bbox 1333 3018 1509 3091; x_wconf 72' lang='grc' dir='ltr'><strong>λαμπάδας</strong></span> <span class='ocrx_word' id='word_1_124' title='bbox 1532 3019 1713 3095; x_wconf 74' lang='grc' dir='ltr'><strong><em>ἁψαμένας</em></strong></span> <span class='ocrx_word' id='word_1_125' title='bbox 1737 3028 1799 3104; x_wconf 68' lang='grc' dir='ltr'><strong>χρὴ</strong></span> 
     </span>
    </p>

    <p class='ocr_par' dir='ltr' id='par_1_7' title="bbox 727 3120 1783 3202">
     <span class='ocr_line' id='line_1_20' title="bbox 727 3120 1783 3202; baseline 0.009 -17"><span class='ocrx_word' id='word_1_126' title='bbox 727 3120 946 3202; x_wconf 78' lang='grc' dir='ltr'><strong><em>ξυζωσαμένας</em></strong></span> <span class='ocrx_word' id='word_1_127' title='bbox 971 3120 1186 3200; x_wconf 78' lang='grc' dir='ltr'><strong><em>εὖκάνδρειίος</em></strong></span> <span class='ocrx_word' id='word_1_128' title='bbox 1212 3130 1284 3186; x_wconf 83' lang='grc' dir='ltr'><strong>τῶν</strong></span> <span class='ocrx_word' id='word_1_129' title='bbox 1309 3125 1332 3186; x_wconf 77' lang='grc' dir='ltr'><strong>θ’</strong></span> <span class='ocrx_word' id='word_1_130' title='bbox 1357 3124 1530 3199; x_wconf 84' lang='grc' dir='ltr'><strong><em>ῖματῖυν</em></strong></span> <span class='ocrx_word' id='word_1_131' title='bbox 1555 3127 1783 3201; x_wconf 84' lang='grc' dir='ltr'><strong><em>άττοδύσας</em></strong></span> 
     </span>
    </p>

    <p class='ocr_par' dir='ltr' id='par_1_8' title="bbox 636 3227 1882 4267">
     <span class='ocr_line' id='line_1_21' title="bbox 728 3227 1882 3322; baseline 0.003 -32"><span class='ocrx_word' id='word_1_132' title='bbox 728 3227 828 3308; x_wconf 76' lang='grc' dir='ltr'><strong><em>ζητεῖν</em></strong></span> <span class='ocrx_word' id='word_1_133' title='bbox 855 3227 883 3291; x_wconf 75' lang='lat' dir='ltr'><strong>ri</strong></span> <span class='ocrx_word' id='word_1_134' title='bbox 904 3253 961 3292; x_wconf 90' lang='grc' dir='ltr'><strong><em>τιου</em></strong></span> <span class='ocrx_word' id='word_1_135' title='bbox 985 3228 1101 3299; x_wconf 84' lang='grc' dir='ltr'><strong><em>κάλλος</em></strong></span> <span class='ocrx_word' id='word_1_136' title='bbox 1126 3253 1171 3296; x_wconf 84' lang='grc' dir='ltr'><strong>τις</strong></span> <span class='ocrx_word' id='word_1_137' title='bbox 1197 3232 1268 3305; x_wconf 74' lang='grc' dir='ltr'><strong><em>άνῖςρ</em></strong></span> <span class='ocrx_word' id='word_1_138' title='bbox 1295 3232 1473 3307; x_wconf 77' lang='grc' dir='ltr'><strong><em>άνελήλυῖε,</em></strong></span> <span class='ocrx_word' id='word_1_139' title='bbox 1498 3232 1562 3293; x_wconf 79' lang='grc' dir='ltr'><strong>κτὲ.</strong></span> <span class='ocrx_word' id='word_1_140' title='bbox 1881 3310 1882 3322; x_wconf 19' lang='lat'>¹</span> 
     </span>
     <span class='ocr_line' id='line_1_22' title="bbox 637 3333 1882 3425; baseline 0.004 -27"><span class='ocrx_word' id='word_1_141' title='bbox 637 3333 791 3413; x_wconf 82' lang='lat' dir='ltr'><strong>Quamvis</strong></span> <span class='ocrx_word' id='word_1_142' title='bbox 815 3338 892 3399; x_wconf 91' lang='lat' dir='ltr'><strong>satis</strong></span> <span class='ocrx_word' id='word_1_143' title='bbox 914 3334 996 3409; x_wconf 90' lang='lat' dir='ltr'><strong>leni,</strong></span> <span class='ocrx_word' id='word_1_144' title='bbox 1020 3334 1198 3419; x_wconf 89' lang='lat' dir='ltr'><strong>perinfelici</strong></span> <span class='ocrx_word' id='word_1_145' title='bbox 1221 3343 1328 3399; x_wconf 86' lang='lat' dir='ltr'><strong>tamen</strong></span> <span class='ocrx_word' id='word_1_146' title='bbox 1353 3338 1534 3400; x_wconf 87' lang='lat' dir='ltr'><strong>coniectura</strong></span> <span class='ocrx_word' id='word_1_147' title='bbox 1556 3336 1667 3402; x_wconf 81' lang='lat' dir='ltr'><strong>editor</strong></span> <span class='ocrx_word' id='word_1_148' title='bbox 1692 3362 1757 3425; x_wconf 89' lang='lat' dir='ltr'><strong>pro</strong></span> <span class='ocrx_word' id='word_1_149' title='bbox 1780 3363 1837 3406; x_wconf 82' lang='lat' dir='ltr'><strong>ver·</strong></span> <span class='ocrx_word' id='word_1_150' title='bbox 1881 3346 1882 3359; x_wconf 64' lang='lat'>¹</span> 
     </span>
     <span class='ocr_line' id='line_1_23' title="bbox 637 3440 1837 3525; baseline 0.003 -19"><span class='ocrx_word' id='word_1_151' title='bbox 637 3441 685 3506; x_wconf 91' lang='lat' dir='ltr'><strong>bis</strong></span> <span class='ocrx_word' id='word_1_152' title='bbox 716 3443 873 3525; x_wconf 83' lang='lat' dir='ltr'><strong>corruptis</strong></span> <span class='ocrx_word' id='word_1_153' title='bbox 895 3442 1098 3505; x_wconf 79' lang='lat' dir='ltr'><strong>substituisse</strong></span> <span class='ocrx_word' id='word_1_154' title='bbox 1122 3441 1204 3504; x_wconf 89' lang='lat' dir='ltr'><strong>mihi</strong></span> <span class='ocrx_word' id='word_1_155' title='bbox 1230 3440 1356 3505; x_wconf 86' lang='lat' dir='ltr'><strong>videtur</strong></span> <span class='ocrx_word' id='word_1_156' title='bbox 1379 3448 1436 3504; x_wconf 82' lang='grc' dir='ltr'><strong>τῶν</strong></span> <span class='ocrx_word' id='word_1_157' title='bbox 1460 3445 1483 3503; x_wconf 79' lang='grc' dir='ltr'><strong>θ’</strong></span> <span class='ocrx_word' id='word_1_158' title='bbox 1504 3443 1642 3513; x_wconf 80' lang='grc' dir='ltr'><strong><em>ἱματίων</em></strong></span> <span class='ocrx_word' id='word_1_159' title='bbox 1668 3449 1837 3521; x_wconf 68' lang='grc' dir='ltr'><strong><em>ἀμελοῖ</em></strong></span> 
     </span>
     <span class='ocr_line' id='line_1_24' title="bbox 637 3546 1836 3637; baseline 0.008 -29"><span class='ocrx_word' id='word_1_160' title='bbox 637 3570 729 3623; x_wconf 81' lang='grc' dir='ltr'><strong><em>τας,</em></strong></span> <span class='ocrx_word' id='word_1_161' title='bbox 762 3549 837 3630; x_wconf 86' lang='lat' dir='ltr'><strong>qnia</strong></span> <span class='ocrx_word' id='word_1_162' title='bbox 868 3571 896 3610; x_wconf 83' lang='grc' dir='ltr'><strong>τ.</strong></span> <span class='ocrx_word' id='word_1_163' title='bbox 923 3548 942 3609; x_wconf 82' lang='lat' dir='ltr'><strong>i.</strong></span> <span class='ocrx_word' id='word_1_164' title='bbox 968 3550 1098 3617; x_wconf 80' lang='grc' dir='ltr'><strong><em>άμελεῖν</em></strong></span> <span class='ocrx_word' id='word_1_165' title='bbox 1121 3555 1206 3610; x_wconf 87' lang='lat' dir='ltr'><strong>recte</strong></span> <span class='ocrx_word' id='word_1_166' title='bbox 1231 3547 1453 3611; x_wconf 89' lang='lat' dir='ltr'><strong>tantummodo</strong></span> <span class='ocrx_word' id='word_1_167' title='bbox 1479 3546 1635 3611; x_wconf 90' lang='lat' dir='ltr'><strong>dicuntur</strong></span> <span class='ocrx_word' id='word_1_168' title='bbox 1660 3556 1723 3635; x_wconf 89' lang='lat' dir='ltr'><strong>qui</strong></span> <span class='ocrx_word' id='word_1_169' title='bbox 1749 3553 1836 3637; x_wconf 77' lang='lat' dir='ltr'><strong>pallis</strong></span> 
     </span>
     <span class='ocr_line' id='line_1_25' title="bbox 637 3650 1837 3742; baseline 0.003 -26"><span class='ocrx_word' id='word_1_170' title='bbox 637 3659 733 3716; x_wconf 84' lang='lat' dir='ltr'><strong>eruta</strong></span> <span class='ocrx_word' id='word_1_171' title='bbox 757 3673 818 3716; x_wconf 89' lang='lat' dir='ltr'><strong>non</strong></span> <span class='ocrx_word' id='word_1_172' title='bbox 841 3652 998 3728; x_wconf 85' lang='lat' dir='ltr'><strong>induunt,</strong></span> <span class='ocrx_word' id='word_1_173' title='bbox 1022 3651 1153 3715; x_wconf 87' lang='lat' dir='ltr'><strong>sedhic</strong></span> <span class='ocrx_word' id='word_1_174' title='bbox 1177 3672 1280 3716; x_wconf 90' lang='lat' dir='ltr'><strong>sermo</strong></span> <span class='ocrx_word' id='word_1_175' title='bbox 1304 3658 1352 3715; x_wconf 85' lang='lat' dir='ltr'><strong>est</strong></span> <span class='ocrx_word' id='word_1_176' title='bbox 1376 3651 1413 3716; x_wconf 95' lang='lat' dir='ltr'><strong>de</strong></span> <span class='ocrx_word' id='word_1_177' title='bbox 1433 3650 1650 3730; x_wconf 85' lang='lat' dir='ltr'><strong>mulieribus,</strong></span> <span class='ocrx_word' id='word_1_178' title='bbox 1673 3678 1763 3740; x_wconf 84' lang='lat' dir='ltr'><strong>quae</strong></span> <span class='ocrx_word' id='word_1_179' title='bbox 1784 3677 1837 3742; x_wconf 91' lang='lat' dir='ltr'><strong>quo</strong></span> 
     </span>
     <span class='ocr_line' id='line_1_26' title="bbox 636 3756 1836 3842; baseline 0.002 -20"><span class='ocrx_word' id='word_1_180' title='bbox 636 3756 846 3841; x_wconf 86' lang='lat' dir='ltr'><strong>expeditiores</strong></span> <span class='ocrx_word' id='word_1_181' title='bbox 869 3757 956 3832; x_wconf 86' lang='lat' dir='ltr'><strong>fiant,</strong></span> <span class='ocrx_word' id='word_1_182' title='bbox 981 3756 1078 3841; x_wconf 89' lang='lat' dir='ltr'><strong>pallia</strong></span> <span class='ocrx_word' id='word_1_183' title='bbox 1102 3756 1278 3841; x_wconf 84' lang='lat' dir='ltr'><strong>deponant,</strong></span> <span class='ocrx_word' id='word_1_184' title='bbox 1302 3759 1412 3842; x_wconf 87' lang='lat' dir='ltr'><strong>itaque</strong></span> <span class='ocrx_word' id='word_1_185' title='bbox 1436 3756 1540 3821; x_wconf 90' lang='lat' dir='ltr'><strong>multo</strong></span> <span class='ocrx_word' id='word_1_186' title='bbox 1558 3760 1773 3841; x_wconf 83' lang='lat' dir='ltr'><strong>probabilius</strong></span> <span class='ocrx_word' id='word_1_187' title='bbox 1792 3782 1836 3825; x_wconf 90' lang='lat' dir='ltr'><strong>rne</strong></span> 
     </span>
     <span class='ocr_line' id='line_1_27' title="bbox 636 3860 1834 3948; baseline 0.005 -22"><span class='ocrx_word' id='word_1_188' title='bbox 636 3861 741 3927; x_wconf 87' lang='lat' dir='ltr'><strong>iudice</strong></span> <span class='ocrx_word' id='word_1_189' title='bbox 762 3860 899 3948; x_wconf 86' lang='lat' dir='ltr'><strong>Blaydes</strong></span> <span class='ocrx_word' id='word_1_190' title='bbox 919 3865 1086 3947; x_wconf 89' lang='lat' dir='ltr'><strong>proposuit</strong></span> <span class='ocrx_word' id='word_1_191' title='bbox 1106 3863 1175 3924; x_wconf 80' lang='grc' dir='ltr'><strong><em>καὶ</em></strong></span> <span class='ocrx_word' id='word_1_192' title='bbox 1197 3861 1382 3936; x_wconf 74' lang='grc' dir='ltr'><strong><em>θαίμάτι’</em></strong></span> <span class='ocrx_word' id='word_1_193' title='bbox 1401 3860 1689 3938; x_wconf 56' lang='lat' dir='ltr'><strong>&lt;caeream</strong></span> <span class='ocrx_word' id='word_1_194' title='bbox 1702 3891 1730 3939; x_wconf 89' lang='grc' dir='ltr'><strong>ς.</strong></span> <span class='ocrx_word' id='word_1_195' title='bbox 1753 3866 1834 3933; x_wconf 87' lang='lat' dir='ltr'><strong>Nihil</strong></span> 
     </span>
     <span class='ocr_line' id='line_1_28' title="bbox 636 3967 1836 4053; baseline 0.003 -21"><span class='ocrx_word' id='word_1_196' title='bbox 636 3970 723 4033; x_wconf 88' lang='lat' dir='ltr'><strong>enim</strong></span> <span class='ocrx_word' id='word_1_197' title='bbox 752 3989 804 4032; x_wconf 93' lang='lat' dir='ltr'><strong>me</strong></span> <span class='ocrx_word' id='word_1_198' title='bbox 836 3975 944 4032; x_wconf 84' lang='lat' dir='ltr'><strong>moret</strong></span> <span class='ocrx_word' id='word_1_199' title='bbox 973 3968 1057 4053; x_wconf 90' lang='lat' dir='ltr'><strong>quod</strong></span> <span class='ocrx_word' id='word_1_200' title='bbox 1081 3968 1141 4032; x_wconf 93' lang='lat' dir='ltr'><strong>hoc</strong></span> <span class='ocrx_word' id='word_1_201' title='bbox 1164 3970 1338 4052; x_wconf 87' lang='lat' dir='ltr'><strong>composito</strong></span> <span class='ocrx_word' id='word_1_202' title='bbox 1357 3967 1460 4032; x_wconf 80' lang='lat' dir='ltr'><strong>lexico</strong></span> <span class='ocrx_word' id='word_1_203' title='bbox 1483 3975 1576 4052; x_wconf 85' lang='lat' dir='ltr'><strong>(quae</strong></span> <span class='ocrx_word' id='word_1_204' title='bbox 1602 3976 1836 4039; x_wconf 79' lang='lat' dir='ltr'><strong>continuone</strong></span> 
     </span>
     <span class='ocr_line' id='line_1_29' title="bbox 636 4073 1833 4162; baseline 0.003 -26"><span class='ocrx_word' id='word_1_205' title='bbox 636 4076 686 4136; x_wconf 87' lang='lat' dir='ltr'><strong>ris</strong></span> <span class='ocrx_word' id='word_1_206' title='bbox 706 4076 890 4157; x_wconf 88' lang='lat' dir='ltr'><strong>compositis</strong></span> <span class='ocrx_word' id='word_1_207' title='bbox 909 4077 1069 4157; x_wconf 78' lang='lat' dir='ltr'><strong>augentur</strong></span> <span class='ocrx_word' id='word_1_208' title='bbox 1086 4081 1118 4136; x_wconf 86' lang='lat' dir='ltr'><strong>et</strong></span> <span class='ocrx_word' id='word_1_209' title='bbox 1137 4074 1354 4157; x_wconf 81' lang='lat' dir='ltr'><strong>augebuntur)</strong></span> <span class='ocrx_word' id='word_1_210' title='bbox 1367 4073 1531 4157; x_wconf 89' lang='lat' dir='ltr'><strong>hucusque</strong></span> <span class='ocrx_word' id='word_1_211' title='bbox 1544 4083 1668 4151; x_wconf 82' lang='lat' dir='ltr'><strong>carent,</strong></span> <span class='ocrx_word' id='word_1_212' title='bbox 1683 4083 1833 4162; x_wconf 89' lang='lat' dir='ltr'><strong>quonian</strong></span> 
     </span>
     <span class='ocr_line' id='line_1_30' title="bbox 636 4177 1835 4267; baseline 0.003 -26"><span class='ocrx_word' id='word_1_213' title='bbox 636 4181 756 4263; x_wconf 90' lang='lat' dir='ltr'><strong>passim</strong></span> <span class='ocrx_word' id='word_1_214' title='bbox 787 4178 871 4262; x_wconf 87' lang='lat' dir='ltr'><strong>apud</strong></span> <span class='ocrx_word' id='word_1_215' title='bbox 902 4183 1009 4262; x_wconf 86' lang='lat' dir='ltr'><strong>poetas</strong></span> <span class='ocrx_word' id='word_1_216' title='bbox 1034 4178 1130 4241; x_wconf 87' lang='lat' dir='ltr'><strong>verba</strong></span> <span class='ocrx_word' id='word_1_217' title='bbox 1153 4180 1329 4262; x_wconf 87' lang='lat' dir='ltr'><strong>composita</strong></span> <span class='ocrx_word' id='word_1_218' title='bbox 1352 4199 1426 4242; x_wconf 90' lang='lat' dir='ltr'><strong>cnm</strong></span> <span class='ocrx_word' id='word_1_219' title='bbox 1451 4177 1571 4263; x_wconf 90' lang='lat' dir='ltr'><strong>duplici</strong></span> <span class='ocrx_word' id='word_1_220' title='bbox 1597 4189 1835 4267; x_wconf 83' lang='lat' dir='ltr'><strong>praepositione</strong></span> 
     </span>
    </p>
   </div>
   <div class='ocr_carea' id='block_1_7' title="bbox 636 4281 1833 4883">
    <p class='ocr_par' dir='ltr' id='par_1_9' title="bbox 637 4281 1833 4373">
     <span class='ocr_line' id='line_1_31' title="bbox 637 4281 1833 4373; baseline 0.005 -29"><span class='ocrx_word' id='word_1_221' title='bbox 637 4281 761 4359; x_wconf 78' lang='grc' dir='ltr'><strong><em>(ἑξατο)</em></strong></span> <span class='ocrx_word' id='word_1_222' title='bbox 785 4286 910 4347; x_wconf 82' lang='lat' dir='ltr'><strong>variant</strong></span> <span class='ocrx_word' id='word_1_223' title='bbox 933 4301 1007 4346; x_wconf 93' lang='lat' dir='ltr'><strong>cum</strong></span> <span class='ocrx_word' id='word_1_224' title='bbox 1030 4284 1087 4358; x_wconf 88' lang='lat' dir='ltr'><strong>iis,</strong></span> <span class='ocrx_word' id='word_1_225' title='bbox 1113 4304 1192 4366; x_wconf 86' lang='lat' dir='ltr'><strong>quae</strong></span> <span class='ocrx_word' id='word_1_226' title='bbox 1216 4304 1290 4346; x_wconf 90' lang='lat' dir='ltr'><strong>cum</strong></span> <span class='ocrx_word' id='word_1_227' title='bbox 1311 4282 1377 4347; x_wconf 87' lang='lat' dir='ltr'><strong>sola</strong></span> <span class='ocrx_word' id='word_1_228' title='bbox 1397 4285 1634 4368; x_wconf 88' lang='lat' dir='ltr'><strong>praepositione</strong></span> <span class='ocrx_word' id='word_1_229' title='bbox 1655 4289 1729 4351; x_wconf 78' lang='grc' dir='ltr'><strong>άτό</strong></span> <span class='ocrx_word' id='word_1_230' title='bbox 1749 4309 1833 4373; x_wconf 91' lang='lat' dir='ltr'><strong>copu-</strong></span> 
     </span>
    </p>

    <p class='ocr_par' dir='ltr' id='par_1_10' title="bbox 636 4385 1832 4479">
     <span class='ocr_line' id='line_1_32' title="bbox 636 4385 1832 4479; baseline 0.004 -29"><span class='ocrx_word' id='word_1_231' title='bbox 636 4386 702 4451; x_wconf 85' lang='lat' dir='ltr'><strong>lata</strong></span> <span class='ocrx_word' id='word_1_232' title='bbox 720 4394 805 4450; x_wconf 89' lang='lat' dir='ltr'><strong>sunt.</strong></span> <span class='ocrx_word' id='word_1_233' title='bbox 826 4385 994 4464; x_wconf 82' lang='lat' dir='ltr'><strong>Ceterum,</strong></span> <span class='ocrx_word' id='word_1_234' title='bbox 1016 4390 1144 4451; x_wconf 85' lang='lat' dir='ltr'><strong>etiamsi</strong></span> <span class='ocrx_word' id='word_1_235' title='bbox 1163 4387 1352 4471; x_wconf 88' lang='lat' dir='ltr'><strong>plerumque</strong></span> <span class='ocrx_word' id='word_1_236' title='bbox 1374 4409 1457 4463; x_wconf 89' lang='lat' dir='ltr'><strong>„non</strong></span> <span class='ocrx_word' id='word_1_237' title='bbox 1478 4391 1667 4472; x_wconf 87' lang='lat' dir='ltr'><strong>promiscuo</strong></span> <span class='ocrx_word' id='word_1_238' title='bbox 1689 4395 1832 4479; x_wconf 74' lang='lat' dir='ltr'><strong>usurpari</strong></span> 
     </span>
    </p>

    <p class='ocr_par' dir='ltr' id='par_1_11' title="bbox 638 4491 1833 4578">
     <span class='ocr_line' id='line_1_33' title="bbox 638 4491 1833 4578; baseline 0.004 -22"><span class='ocrx_word' id='word_1_239' title='bbox 638 4494 751 4557; x_wconf 79' lang='grc' dir='ltr'><strong><em>ἐκδύειν</em></strong></span> <span class='ocrx_word' id='word_1_240' title='bbox 774 4494 921 4570; x_wconf 70' lang='lat' dir='ltr'><strong>(stidore)</strong></span> <span class='ocrx_word' id='word_1_241' title='bbox 946 4500 979 4556; x_wconf 88' lang='lat' dir='ltr'><strong>et</strong></span> <span class='ocrx_word' id='word_1_242' title='bbox 1003 4492 1146 4556; x_wconf 68' lang='lat' dir='ltr'><strong>sinodico</strong></span> <span class='ocrx_word' id='word_1_243' title='bbox 1170 4493 1333 4578; x_wconf 80' lang='lat' dir='ltr'><strong>(csdoeo)”</strong></span> <span class='ocrx_word' id='word_1_244' title='bbox 1358 4491 1449 4558; x_wconf 85' lang='lat' dir='ltr'><strong>facile</strong></span> <span class='ocrx_word' id='word_1_245' title='bbox 1470 4493 1664 4560; x_wconf 83' lang='lat' dir='ltr'><strong>Lesuwanio</strong></span> <span class='ocrx_word' id='word_1_246' title='bbox 1687 4502 1833 4565; x_wconf 82' lang='lat' dir='ltr'><strong>assentis·</strong></span> 
     </span>
    </p>

    <p class='ocr_par' dir='ltr' id='par_1_12' title="bbox 636 4598 1832 4684">
     <span class='ocr_line' id='line_1_34' title="bbox 636 4598 1832 4684; baseline 0.002 -22"><span class='ocrx_word' id='word_1_247' title='bbox 636 4619 721 4674; x_wconf 90' lang='lat' dir='ltr'><strong>mur,</strong></span> <span class='ocrx_word' id='word_1_248' title='bbox 753 4619 815 4662; x_wconf 91' lang='lat' dir='ltr'><strong>non</strong></span> <span class='ocrx_word' id='word_1_249' title='bbox 846 4618 971 4681; x_wconf 90' lang='lat' dir='ltr'><strong>semper</strong></span> <span class='ocrx_word' id='word_1_250' title='bbox 994 4600 1086 4661; x_wconf 80' lang='lat' dir='ltr'><strong>anxie</strong></span> <span class='ocrx_word' id='word_1_251' title='bbox 1110 4606 1285 4682; x_wconf 89' lang='lat' dir='ltr'><strong>utrumque</strong></span> <span class='ocrx_word' id='word_1_252' title='bbox 1310 4598 1443 4662; x_wconf 86' lang='lat' dir='ltr'><strong>verbum</strong></span> <span class='ocrx_word' id='word_1_253' title='bbox 1469 4598 1633 4684; x_wconf 80' lang='lat' dir='ltr'><strong>distingui</strong></span> <span class='ocrx_word' id='word_1_254' title='bbox 1658 4602 1777 4669; x_wconf 90' lang='lat' dir='ltr'><strong>dooere</strong></span> <span class='ocrx_word' id='word_1_255' title='bbox 1796 4606 1832 4665; x_wconf 86' lang='lat' dir='ltr'><strong>ri-</strong></span> 
     </span>
    </p>

    <p class='ocr_par' dir='ltr' id='par_1_13' title="bbox 641 4702 1804 4883">
     <span class='ocr_line' id='line_1_35' title="bbox 641 4702 1804 4788; baseline 0.003 -21"><span class='ocrx_word' id='word_1_256' title='bbox 641 4703 736 4767; x_wconf 88' lang='lat' dir='ltr'><strong>detur</strong></span> <span class='ocrx_word' id='word_1_257' title='bbox 760 4703 956 4788; x_wconf 75' lang='lat' dir='ltr'><strong>Lysistratus</strong></span> <span class='ocrx_word' id='word_1_258' title='bbox 979 4702 1068 4767; x_wconf 90' lang='lat' dir='ltr'><strong>locus</strong></span> <span class='ocrx_word' id='word_1_259' title='bbox 1095 4703 1178 4767; x_wconf 76' lang='lat'>1021</span> <span class='ocrx_word' id='word_1_260' title='bbox 1194 4725 1273 4788; x_wconf 65' lang='lat' dir='ltr'><strong>sqq„</strong></span> <span class='ocrx_word' id='word_1_261' title='bbox 1299 4704 1355 4766; x_wconf 90' lang='lat' dir='ltr'><strong>ubi</strong></span> <span class='ocrx_word' id='word_1_262' title='bbox 1378 4703 1552 4768; x_wconf 90' lang='lat' dir='ltr'><strong>mulierum</strong></span> <span class='ocrx_word' id='word_1_263' title='bbox 1578 4705 1656 4770; x_wconf 87' lang='lat' dir='ltr'><strong>duci</strong></span> <span class='ocrx_word' id='word_1_264' title='bbox 1685 4710 1804 4775; x_wconf 86' lang='lat' dir='ltr'><strong>dicenti</strong></span> 
     </span>
     <span class='ocr_line' id='line_1_36' title="bbox 727 4806 1532 4883; baseline -0.002 -13"><span class='ocrx_word' id='word_1_265' title='bbox 727 4812 813 4870; x_wconf 75' lang='grc' dir='ltr'><strong>ἀλλὰ</strong></span> <span class='ocrx_word' id='word_1_266' title='bbox 840 4813 893 4879; x_wconf 72' lang='grc' dir='ltr'><strong>τὴν</strong></span> <span class='ocrx_word' id='word_1_267' title='bbox 920 4806 1040 4883; x_wconf 75' lang='grc' dir='ltr'><strong><em>ἕξωμῖδ</em></strong></span> <span class='ocrx_word' id='word_1_268' title='bbox 1066 4809 1214 4871; x_wconf 78' lang='grc' dir='ltr'><strong><em>ἐνδότω</em></strong></span> <span class='ocrx_word' id='word_1_269' title='bbox 1239 4830 1272 4870; x_wconf 85' lang='grc' dir='ltr'><strong><em>σε</em></strong></span> <span class='ocrx_word' id='word_1_270' title='bbox 1297 4811 1447 4882; x_wconf 79' lang='grc' dir='ltr'><strong><em>προτιοῦο’</em></strong></span> <span class='ocrx_word' id='word_1_271' title='bbox 1472 4811 1532 4883; x_wconf 68' lang='lat' dir='ltr'><strong>lys</strong></span> 
     </span>
    </p>
   </div>
   <div class='ocr_carea' id='block_1_8' title="bbox 0 0 2268 5942">
    <p class='ocr_par' dir='ltr' id='par_1_14' title="bbox 0 0 2268 5942">
     <span class='ocr_line' id='line_1_37' title="bbox 0 0 2268 5942; baseline 0 0"><span class='ocrx_word' id='word_1_272' title='bbox 0 0 2268 5942; x_wconf 95' lang='lat' dir='ltr'><strong> </strong></span> 
     </span>
    </p>
   </div>
  </div>
 </body>
</html>
