<?xml version="1.0" encoding="UTF-8"?>
<!DOCTYPE html PUBLIC "-//W3C//DTD XHTML 1.0 Transitional//EN"
    "http://www.w3.org/TR/xhtml1/DTD/xhtml1-transitional.dtd">
<html xmlns="http://www.w3.org/1999/xhtml" xml:lang="en" lang="en">
 <head>
  <title>
</title>
<meta http-equiv="Content-Type" content="text/html;charset=utf-8" />
  <meta name='ocr-system' content='tesseract 3.04.00' />
  <meta name='ocr-capabilities' content='ocr_page ocr_carea ocr_par ocr_line ocrx_word'/>
</head>
<body>
  <div class='ocr_page' id='page_1' title='image "./mnemosyne07verdgoog_0719.png"; bbox 0 0 4525 5950; ppageno 0'>
   <div class='ocr_carea' id='block_1_1' title="bbox 651 690 1325 760">
    <p class='ocr_par' dir='ltr' id='par_1_1' title="bbox 651 690 1325 760">
     <span class='ocr_line' id='line_1_1' title="bbox 651 690 1325 760; baseline 0 -1"><span class='ocrx_word' id='word_1_1' title='bbox 651 690 718 759; x_wconf 80' lang='grc'>244</span> <span class='ocrx_word' id='word_1_2' title='bbox 1170 709 1325 760; x_wconf 77' lang='lat' dir='ltr'>normae.</span> 
     </span>
    </p>
   </div>
   <div class='ocr_carea' id='block_1_2' title="bbox 650 876 1837 1071">
    <p class='ocr_par' dir='ltr' id='par_1_2' title="bbox 650 876 1837 1071">
     <span class='ocr_line' id='line_1_2' title="bbox 696 876 1837 963; baseline 0 -21"><span class='ocrx_word' id='word_1_3' title='bbox 696 877 800 942; x_wconf 92' lang='lat' dir='ltr'>Phil.:</span> <span class='ocrx_word' id='word_1_4' title='bbox 835 883 867 942; x_wconf 90' lang='grc'>11</span> <span class='ocrx_word' id='word_1_5' title='bbox 900 877 975 943; x_wconf 81' lang='lat' dir='ltr'>vide</span> <span class='ocrx_word' id='word_1_6' title='bbox 1008 877 1166 942; x_wconf 80' lang='lat' dir='ltr'>invidiam</span> <span class='ocrx_word' id='word_1_7' title='bbox 1199 879 1290 963; x_wconf 88' lang='lat' dir='ltr'>quasi</span> <span class='ocrx_word' id='word_1_8' title='bbox 1324 876 1513 963; x_wconf 76' lang='lat' dir='ltr'>parricidam</span> <span class='ocrx_word' id='word_1_9' title='bbox 1542 880 1742 943; x_wconf 85' lang='lat' dir='ltr'>aocuaantis:</span> <span class='ocrx_word' id='word_1_10' title='bbox 1778 899 1837 942; x_wconf 90' lang='lat' dir='ltr'>non</span> 
     </span>
     <span class='ocr_line' id='line_1_3' title="bbox 650 983 1352 1071; baseline -0.001 -21"><span class='ocrx_word' id='word_1_11' title='bbox 650 988 738 1051; x_wconf 91' lang='lat' dir='ltr'>euim</span> <span class='ocrx_word' id='word_1_12' title='bbox 760 983 915 1071; x_wconf 91' lang='lat' dir='ltr'>pudorem</span> <span class='ocrx_word' id='word_1_13' title='bbox 938 985 1038 1062; x_wconf 80' lang='lat' dir='ltr'>dixit,</span> <span class='ocrx_word' id='word_1_14' title='bbox 1062 984 1117 1049; x_wconf 93' lang='lat' dir='ltr'>sed</span> <span class='ocrx_word' id='word_1_15' title='bbox 1142 983 1352 1069; x_wconf 85' lang='lat' dir='ltr'>,pietatom”.</span> 
     </span>
    </p>
   </div>
   <div class='ocr_carea' id='block_1_3' title="bbox 652 1134 1841 1321">
    <p class='ocr_par' dir='ltr' id='par_1_3' title="bbox 652 1134 1841 1321">
     <span class='ocr_line' id='line_1_4' title="bbox 697 1134 1841 1220; baseline 0.003 -22"><span class='ocrx_word' id='word_1_16' title='bbox 697 1136 723 1198; x_wconf 86' lang='lat' dir='ltr'>V</span> <span class='ocrx_word' id='word_1_17' title='bbox 748 1136 845 1201; x_wconf 84' lang='lat'>3.15.</span> <span class='ocrx_word' id='word_1_18' title='bbox 878 1135 947 1202; x_wconf 82' lang='grc'><strong>1111</strong></span> <span class='ocrx_word' id='word_1_19' title='bbox 971 1158 1023 1202; x_wconf 90' lang='lat' dir='ltr'>me</span> <span class='ocrx_word' id='word_1_20' title='bbox 1044 1136 1099 1201; x_wconf 89' lang='lat' dir='ltr'>ssd</span> <span class='ocrx_word' id='word_1_21' title='bbox 1123 1157 1251 1213; x_wconf 87' lang='lat' dir='ltr'>,meam</span> <span class='ocrx_word' id='word_1_22' title='bbox 1273 1134 1500 1212; x_wconf 84' lang='lat' dir='ltr'>senectutem”,</span> <span class='ocrx_word' id='word_1_23' title='bbox 1524 1135 1609 1220; x_wconf 91' lang='lat' dir='ltr'>quod</span> <span class='ocrx_word' id='word_1_24' title='bbox 1636 1135 1712 1220; x_wconf 88' lang='lat' dir='ltr'>plna</span> <span class='ocrx_word' id='word_1_25' title='bbox 1738 1144 1789 1201; x_wconf 89' lang='lat' dir='ltr'>est</span> <span class='ocrx_word' id='word_1_26' title='bbox 1812 1143 1841 1201; x_wconf 86' lang='lat' dir='ltr'>ot</span> 
     </span>
     <span class='ocr_line' id='line_1_5' title="bbox 652 1242 995 1321; baseline -0.003 -13"><span class='ocrx_word' id='word_1_27' title='bbox 652 1242 882 1321; x_wconf 77' lang='lat' dir='ltr'>miserabilius,</span> <span class='ocrx_word' id='word_1_28' title='bbox 907 1243 995 1308; x_wconf 90' lang='lat' dir='ltr'>dioit.</span> 
     </span>
    </p>
   </div>
   <div class='ocr_carea' id='block_1_4' title="bbox 650 1391 1847 1676">
    <p class='ocr_par' dir='ltr' id='par_1_4' title="bbox 650 1391 1847 1676">
     <span class='ocr_line' id='line_1_6' title="bbox 697 1391 1847 1473; baseline 0.003 -14"><span class='ocrx_word' id='word_1_29' title='bbox 697 1394 750 1461; x_wconf 84' lang='lat'>28.</span> <span class='ocrx_word' id='word_1_30' title='bbox 786 1394 884 1461; x_wconf 78' lang='lat' dir='ltr'>Dua:</span> <span class='ocrx_word' id='word_1_31' title='bbox 917 1395 1024 1473; x_wconf 84' lang='lat' dir='ltr'>,huno</span> <span class='ocrx_word' id='word_1_32' title='bbox 1054 1396 1182 1461; x_wconf 89' lang='lat' dir='ltr'>senem‘&#39;</span> <span class='ocrx_word' id='word_1_33' title='bbox 1214 1391 1379 1460; x_wconf 80' lang='lat' dir='ltr'>Critonem</span> <span class='ocrx_word' id='word_1_34' title='bbox 1410 1394 1540 1460; x_wconf 88' lang='lat' dir='ltr'>soilioet.</span> <span class='ocrx_word' id='word_1_35' title='bbox 1573 1394 1682 1460; x_wconf 90' lang='lat' dir='ltr'>Phil.:</span> <span class='ocrx_word' id='word_1_36' title='bbox 1718 1405 1754 1461; x_wconf 90' lang='lat' dir='ltr'>et</span> <span class='ocrx_word' id='word_1_37' title='bbox 1790 1418 1847 1462; x_wconf 92' lang='lat' dir='ltr'>non</span> 
     </span>
     <span class='ocr_line' id='line_1_7' title="bbox 650 1498 1845 1588; baseline 0.002 -22"><span class='ocrx_word' id='word_1_38' title='bbox 650 1498 815 1567; x_wconf 81' lang='lat' dir='ltr'>Critonem</span> <span class='ocrx_word' id='word_1_39' title='bbox 844 1502 899 1567; x_wconf 90' lang='lat' dir='ltr'>sed</span> <span class='ocrx_word' id='word_1_40' title='bbox 931 1502 1081 1578; x_wconf 85' lang='lat' dir='ltr'>„senem”</span> <span class='ocrx_word' id='word_1_41' title='bbox 1113 1502 1207 1579; x_wconf 90' lang='lat' dir='ltr'>dioit,</span> <span class='ocrx_word' id='word_1_42' title='bbox 1240 1511 1277 1566; x_wconf 91' lang='lat' dir='ltr'>ut</span> <span class='ocrx_word' id='word_1_43' title='bbox 1307 1501 1345 1566; x_wconf 89' lang='lat' dir='ltr'>de</span> <span class='ocrx_word' id='word_1_44' title='bbox 1376 1501 1434 1566; x_wconf 84' lang='lat' dir='ltr'>hae</span> <span class='ocrx_word' id='word_1_45' title='bbox 1463 1499 1681 1587; x_wconf 79' lang='lat' dir='ltr'>appellatione</span> <span class='ocrx_word' id='word_1_46' title='bbox 1714 1503 1845 1588; x_wconf 85' lang='lat' dir='ltr'>pondus</span> 
     </span>
     <span class='ocr_line' id='line_1_8' title="bbox 650 1607 1245 1676; baseline 0 -2"><span class='ocrx_word' id='word_1_47' title='bbox 650 1609 786 1675; x_wconf 79' lang='lat' dir='ltr'>adiceret</span> <span class='ocrx_word' id='word_1_48' title='bbox 809 1612 1001 1676; x_wconf 88' lang='lat' dir='ltr'>testimonio.</span> <span class='ocrx_word' id='word_1_49' title='bbox 1025 1607 1075 1676; x_wconf 81' lang='lat' dir='ltr'>cf.</span> <span class='ocrx_word' id='word_1_50' title='bbox 1099 1609 1145 1674; x_wconf 92' lang='lat' dir='ltr'>Ill</span> <span class='ocrx_word' id='word_1_51' title='bbox 1170 1609 1245 1674; x_wconf 91' lang='grc'><strong>6.1.</strong></span> 
     </span>
    </p>
   </div>
   <div class='ocr_carea' id='block_1_5' title="bbox 695 1760 1708 1946">
    <p class='ocr_par' dir='ltr' id='par_1_5' title="bbox 695 1760 1708 1946">
     <span class='ocr_line' id='line_1_9' title="bbox 695 1760 1708 1848; baseline 0.002 -22"><span class='ocrx_word' id='word_1_52' title='bbox 695 1760 748 1826; x_wconf 83' lang='grc'>29.</span> <span class='ocrx_word' id='word_1_53' title='bbox 774 1761 870 1839; x_wconf 81' lang='lat' dir='ltr'>„Sine</span> <span class='ocrx_word' id='word_1_54' title='bbox 893 1763 1021 1848; x_wconf 88' lang='lat' dir='ltr'>pater&#39;‘:</span> <span class='ocrx_word' id='word_1_55' title='bbox 1048 1769 1106 1839; x_wconf 86' lang='lat' dir='ltr'>,ut</span> <span class='ocrx_word' id='word_1_56' title='bbox 1129 1783 1181 1827; x_wconf 91' lang='lat' dir='ltr'>me</span> <span class='ocrx_word' id='word_1_57' title='bbox 1203 1761 1374 1848; x_wconf 87' lang='lat' dir='ltr'>purgem’&#39;,</span> <span class='ocrx_word' id='word_1_58' title='bbox 1399 1782 1460 1827; x_wconf 92' lang='lat' dir='ltr'>non</span> <span class='ocrx_word' id='word_1_59' title='bbox 1486 1761 1708 1838; x_wconf 87' lang='lat' dir='ltr'>,adduoam”.</span> 
     </span>
     <span class='ocr_line' id='line_1_10' title="bbox 695 1867 1115 1946; baseline -0.002 -13"><span class='ocrx_word' id='word_1_60' title='bbox 695 1867 815 1934; x_wconf 92' lang='lat' dir='ltr'>Immo:</span> <span class='ocrx_word' id='word_1_61' title='bbox 843 1877 901 1946; x_wconf 90' lang='lat' dir='ltr'>„ut</span> <span class='ocrx_word' id='word_1_62' title='bbox 925 1868 1115 1934; x_wconf 83' lang='lat' dir='ltr'>adduoam&#39;&#39;.</span> 
     </span>
    </p>
   </div>
   <div class='ocr_carea' id='block_1_6' title="bbox 650 2019 1851 2205">
    <p class='ocr_par' dir='ltr' id='par_1_6' title="bbox 650 2019 1851 2205">
     <span class='ocr_line' id='line_1_11' title="bbox 695 2019 1851 2103; baseline 0.006 -21"><span class='ocrx_word' id='word_1_63' title='bbox 695 2020 721 2082; x_wconf 85' lang='lat' dir='ltr'>V</span> <span class='ocrx_word' id='word_1_64' title='bbox 745 2020 844 2086; x_wconf 70' lang='grc'><strong>136.</strong></span> <span class='ocrx_word' id='word_1_65' title='bbox 868 2021 939 2087; x_wconf 90' lang='lat' dir='ltr'>Non</span> <span class='ocrx_word' id='word_1_66' title='bbox 965 2020 1098 2098; x_wconf 81' lang='lat' dir='ltr'>,multis</span> <span class='ocrx_word' id='word_1_67' title='bbox 1123 2020 1226 2086; x_wconf 90' lang='lat' dir='ltr'>modis</span> <span class='ocrx_word' id='word_1_68' title='bbox 1247 2019 1418 2097; x_wconf 86' lang='lat' dir='ltr'>inveniri”,</span> <span class='ocrx_word' id='word_1_69' title='bbox 1442 2019 1495 2085; x_wconf 91' lang='lat' dir='ltr'>sed</span> <span class='ocrx_word' id='word_1_70' title='bbox 1520 2027 1636 2097; x_wconf 88' lang='lat' dir='ltr'>,tuam</span> <span class='ocrx_word' id='word_1_71' title='bbox 1660 2024 1851 2103; x_wconf 84' lang='lat' dir='ltr'>inveniri”;</span> 
     </span>
     <span class='ocr_line' id='line_1_12' title="bbox 650 2126 1303 2205; baseline -0.003 -12"><span class='ocrx_word' id='word_1_72' title='bbox 650 2127 708 2193; x_wconf 89' lang='lat' dir='ltr'>alii</span> <span class='ocrx_word' id='word_1_73' title='bbox 733 2128 867 2205; x_wconf 90' lang='lat' dir='ltr'>,multis</span> <span class='ocrx_word' id='word_1_74' title='bbox 891 2128 994 2193; x_wconf 89' lang='lat' dir='ltr'>modis</span> <span class='ocrx_word' id='word_1_75' title='bbox 1017 2135 1107 2193; x_wconf 90' lang='lat' dir='ltr'>tuam</span> <span class='ocrx_word' id='word_1_76' title='bbox 1130 2126 1303 2193; x_wconf 89' lang='lat' dir='ltr'>inveniri&#39;&#39;.</span> 
     </span>
    </p>
   </div>
   <div class='ocr_carea' id='block_1_7' title="bbox 694 2233 1591 2526">
    <p class='ocr_par' dir='ltr' id='par_1_7' title="bbox 694 2233 1591 2526">
     <span class='ocr_line' id='line_1_13' title="bbox 694 2233 1426 2321; baseline 0 -22"><span class='ocrx_word' id='word_1_77' title='bbox 694 2234 753 2300; x_wconf 90' lang='lat' dir='ltr'>llle</span> <span class='ocrx_word' id='word_1_78' title='bbox 774 2256 958 2321; x_wconf 87' lang='lat' dir='ltr'>perperam,</span> <span class='ocrx_word' id='word_1_79' title='bbox 982 2235 1017 2299; x_wconf 90' lang='lat' dir='ltr'>hi</span> <span class='ocrx_word' id='word_1_80' title='bbox 1040 2234 1095 2300; x_wconf 90' lang='lat' dir='ltr'>alii</span> <span class='ocrx_word' id='word_1_81' title='bbox 1120 2241 1204 2300; x_wconf 85' lang='lat' dir='ltr'>reate</span> <span class='ocrx_word' id='word_1_82' title='bbox 1227 2233 1426 2320; x_wconf 86' lang='lat' dir='ltr'>intelligunt.</span> 
     </span>
     <span class='ocr_line' id='line_1_14' title="bbox 896 2439 1591 2526; baseline -0.006 -20"><span class='ocrx_word' id='word_1_83' title='bbox 896 2443 915 2526; x_wconf 60' lang='grc' dir='ltr'><strong>ξ</strong></span> <span class='ocrx_word' id='word_1_84' title='bbox 935 2441 965 2506; x_wconf 82' lang='grc'>5.</span> <span class='ocrx_word' id='word_1_85' title='bbox 997 2439 1216 2506; x_wconf 81' lang='lat' dir='ltr'>Formulae</span> <span class='ocrx_word' id='word_1_86' title='bbox 1238 2441 1591 2524; x_wconf 82' lang='lat' dir='ltr'>interrogativae.</span> 
     </span>
    </p>
   </div>
   <div class='ocr_carea' id='block_1_8' title="bbox 650 2626 1849 2926">
    <p class='ocr_par' dir='ltr' id='par_1_8' title="bbox 650 2626 1849 2926">
     <span class='ocr_line' id='line_1_15' title="bbox 695 2626 1849 2716; baseline 0.001 -21"><span class='ocrx_word' id='word_1_87' title='bbox 695 2629 853 2695; x_wconf 87' lang='lat' dir='ltr'>Aooedant</span> <span class='ocrx_word' id='word_1_88' title='bbox 875 2628 1005 2694; x_wconf 86' lang='lat' dir='ltr'>tandem</span> <span class='ocrx_word' id='word_1_89' title='bbox 1027 2627 1149 2693; x_wconf 89' lang='lat' dir='ltr'>soholia</span> <span class='ocrx_word' id='word_1_90' title='bbox 1171 2626 1293 2714; x_wconf 87' lang='lat' dir='ltr'>prolata</span> <span class='ocrx_word' id='word_1_91' title='bbox 1316 2648 1370 2714; x_wconf 92' lang='lat' dir='ltr'>per</span> <span class='ocrx_word' id='word_1_92' title='bbox 1394 2629 1688 2712; x_wconf 81' lang='lat' dir='ltr'>interrogationem</span> <span class='ocrx_word' id='word_1_93' title='bbox 1711 2639 1750 2694; x_wconf 87' lang='lat' dir='ltr'>et</span> <span class='ocrx_word' id='word_1_94' title='bbox 1772 2651 1849 2716; x_wconf 78' lang='lat' dir='ltr'>prae</span> 
     </span>
     <span class='ocr_line' id='line_1_16' title="bbox 650 2732 1847 2822; baseline -0.002 -21"><span class='ocrx_word' id='word_1_95' title='bbox 650 2739 761 2801; x_wconf 89' lang='lat' dir='ltr'>sertim</span> <span class='ocrx_word' id='word_1_96' title='bbox 791 2758 846 2822; x_wconf 90' lang='lat' dir='ltr'>por</span> <span class='ocrx_word' id='word_1_97' title='bbox 868 2757 914 2801; x_wconf 91' lang='lat' dir='ltr'>an</span> <span class='ocrx_word' id='word_1_98' title='bbox 938 2735 991 2800; x_wconf 87' lang='lat' dir='ltr'>val</span> <span class='ocrx_word' id='word_1_99' title='bbox 1014 2745 1154 2799; x_wconf 90' lang='lat' dir='ltr'>utrum</span> <span class='ocrx_word' id='word_1_100' title='bbox 1256 2755 1313 2798; x_wconf 90' lang='lat' dir='ltr'>an.</span> <span class='ocrx_word' id='word_1_101' title='bbox 1338 2734 1524 2798; x_wconf 88' lang='lat' dir='ltr'>Donatianis</span> <span class='ocrx_word' id='word_1_102' title='bbox 1548 2732 1755 2820; x_wconf 89' lang='lat' dir='ltr'>plerumque</span> <span class='ocrx_word' id='word_1_103' title='bbox 1783 2750 1847 2801; x_wconf 88' lang='lat' dir='ltr'>sunt</span> 
     </span>
     <span class='ocr_line' id='line_1_17' title="bbox 650 2839 1649 2926; baseline -0.004 -19"><span class='ocrx_word' id='word_1_104' title='bbox 650 2843 789 2920; x_wconf 81' lang='lat' dir='ltr'>adnexa,</span> <span class='ocrx_word' id='word_1_105' title='bbox 814 2842 892 2907; x_wconf 92' lang='lat' dir='ltr'>dum</span> <span class='ocrx_word' id='word_1_106' title='bbox 914 2840 1036 2907; x_wconf 91' lang='lat' dir='ltr'>indoles</span> <span class='ocrx_word' id='word_1_107' title='bbox 1059 2841 1286 2926; x_wconf 90' lang='lat' dir='ltr'>philosophum</span> <span class='ocrx_word' id='word_1_108' title='bbox 1309 2847 1470 2905; x_wconf 80' lang='lat' dir='ltr'>auctorem</span> <span class='ocrx_word' id='word_1_109' title='bbox 1495 2839 1649 2903; x_wconf 83' lang='lat' dir='ltr'>ostendit.</span> 
     </span>
    </p>
   </div>
   <div class='ocr_carea' id='block_1_9' title="bbox 695 2992 1396 3081">
    <p class='ocr_par' dir='ltr' id='par_1_9' title="bbox 695 2992 1396 3081">
     <span class='ocr_line' id='line_1_18' title="bbox 695 2992 1396 3081; baseline 0.001 -23"><span class='ocrx_word' id='word_1_110' title='bbox 695 2994 711 3058; x_wconf 96' lang='grc' dir='ltr'>Ι</span> <span class='ocrx_word' id='word_1_111' title='bbox 737 2994 832 3074; x_wconf 86' lang='lat'>1.13,</span> <span class='ocrx_word' id='word_1_112' title='bbox 860 2996 911 3073; x_wconf 86' lang='grc'>19,</span> <span class='ocrx_word' id='word_1_113' title='bbox 938 2995 990 3060; x_wconf 83' lang='grc'>34.</span> <span class='ocrx_word' id='word_1_114' title='bbox 1014 2994 1093 3060; x_wconf 86' lang='lat' dir='ltr'>Vide</span> <span class='ocrx_word' id='word_1_115' title='bbox 1117 3015 1214 3081; x_wconf 88' lang='lat' dir='ltr'>supra</span> <span class='ocrx_word' id='word_1_116' title='bbox 1237 2995 1296 3059; x_wconf 89' lang='lat' dir='ltr'>sub</span> <span class='ocrx_word' id='word_1_117' title='bbox 1320 2996 1338 3079; x_wconf 79' lang='lat'>§</span> <span class='ocrx_word' id='word_1_118' title='bbox 1365 2992 1396 3059; x_wconf 84' lang='lat'>3.</span> 
     </span>
    </p>
   </div>
   <div class='ocr_carea' id='block_1_10' title="bbox 649 3146 1842 3554">
    <p class='ocr_par' dir='ltr' id='par_1_10' title="bbox 693 3146 1210 3234">
     <span class='ocr_line' id='line_1_19' title="bbox 693 3146 1210 3234; baseline -0.002 -22"><span class='ocrx_word' id='word_1_119' title='bbox 693 3148 746 3213; x_wconf 84' lang='grc'>56.</span> <span class='ocrx_word' id='word_1_120' title='bbox 771 3146 864 3214; x_wconf 75' lang='lat' dir='ltr'>Certe</span> <span class='ocrx_word' id='word_1_121' title='bbox 888 3162 999 3234; x_wconf 85' lang='lat' dir='ltr'>captus</span> <span class='ocrx_word' id='word_1_122' title='bbox 1022 3155 1087 3213; x_wconf 89' lang='lat' dir='ltr'>est:</span> <span class='ocrx_word' id='word_1_123' title='bbox 1114 3148 1210 3212; x_wconf 90' lang='lat' dir='ltr'>habet</span> 
     </span>
    </p>

    <p class='ocr_par' dir='ltr' id='par_1_11' title="bbox 649 3250 1842 3554">
     <span class='ocr_line' id='line_1_20' title="bbox 693 3250 1842 3341; baseline 0.002 -22"><span class='ocrx_word' id='word_1_124' title='bbox 693 3253 793 3320; x_wconf 90' lang='lat' dir='ltr'>Dou.:</span> <span class='ocrx_word' id='word_1_125' title='bbox 825 3255 962 3333; x_wconf 82' lang='lat' dir='ltr'>„habet”</span> <span class='ocrx_word' id='word_1_126' title='bbox 994 3258 1038 3319; x_wconf 88' lang='lat' dir='ltr'>sio</span> <span class='ocrx_word' id='word_1_127' title='bbox 1061 3254 1180 3319; x_wconf 82' lang='lat' dir='ltr'>dicitur</span> <span class='ocrx_word' id='word_1_128' title='bbox 1202 3253 1241 3319; x_wconf 93' lang='lat' dir='ltr'>de</span> <span class='ocrx_word' id='word_1_129' title='bbox 1265 3275 1301 3320; x_wconf 90' lang='lat' dir='ltr'>eo</span> <span class='ocrx_word' id='word_1_130' title='bbox 1324 3256 1380 3341; x_wconf 91' lang='lat' dir='ltr'>qui</span> <span class='ocrx_word' id='word_1_131' title='bbox 1404 3251 1545 3318; x_wconf 89' lang='lat' dir='ltr'>letaliter</span> <span class='ocrx_word' id='word_1_132' title='bbox 1568 3250 1771 3320; x_wconf 89' lang='lat' dir='ltr'>vulneratus</span> <span class='ocrx_word' id='word_1_133' title='bbox 1793 3262 1842 3320; x_wconf 83' lang='lat' dir='ltr'>ost</span> 
     </span>
     <span class='ocr_line' id='line_1_21' title="bbox 649 3358 1842 3448; baseline 0.002 -24"><span class='ocrx_word' id='word_1_134' title='bbox 649 3360 743 3447; x_wconf 88' lang='lat' dir='ltr'>Varg.</span> <span class='ocrx_word' id='word_1_135' title='bbox 768 3364 859 3440; x_wconf 85' lang='lat' dir='ltr'>(Aen.</span> <span class='ocrx_word' id='word_1_136' title='bbox 885 3361 1058 3436; x_wconf 82' lang='grc'><strong>1111296).</strong></span> <span class='ocrx_word' id='word_1_137' title='bbox 1095 3361 1157 3426; x_wconf 90' lang='lat' dir='ltr'>Hie</span> <span class='ocrx_word' id='word_1_138' title='bbox 1176 3361 1320 3426; x_wconf 88' lang='lat' dir='ltr'>additur:</span> <span class='ocrx_word' id='word_1_139' title='bbox 1343 3361 1426 3447; x_wconf 77' lang='lat' dir='ltr'>Ergo</span> <span class='ocrx_word' id='word_1_140' title='bbox 1447 3358 1524 3445; x_wconf 90' lang='lat' dir='ltr'>quid</span> <span class='ocrx_word' id='word_1_141' title='bbox 1545 3362 1693 3443; x_wconf 87' lang='lat' dir='ltr'>sequitur</span> <span class='ocrx_word' id='word_1_142' title='bbox 1716 3370 1842 3448; x_wconf 88' lang='lat' dir='ltr'>oaptun</span> 
     </span>
     <span class='ocr_line' id='line_1_22' title="bbox 649 3463 1671 3554; baseline -0.003 -22"><span class='ocrx_word' id='word_1_143' title='bbox 649 3471 711 3532; x_wconf 92' lang='lat' dir='ltr'>nisi</span> <span class='ocrx_word' id='word_1_144' title='bbox 734 3466 855 3533; x_wconf 81' lang='lat' dir='ltr'>oooidi?</span> <span class='ocrx_word' id='word_1_145' title='bbox 877 3468 1045 3534; x_wconf 87' lang='lat' dir='ltr'>Praeterea</span> <span class='ocrx_word' id='word_1_146' title='bbox 1069 3468 1142 3534; x_wconf 90' lang='lat' dir='ltr'>vide</span> <span class='ocrx_word' id='word_1_147' title='bbox 1165 3489 1262 3554; x_wconf 89' lang='lat' dir='ltr'>supra</span> <span class='ocrx_word' id='word_1_148' title='bbox 1287 3468 1361 3544; x_wconf 91' lang='grc'>101,</span> <span class='ocrx_word' id='word_1_149' title='bbox 1390 3467 1463 3542; x_wconf 81' lang='grc'><strong>106,</strong></span> <span class='ocrx_word' id='word_1_150' title='bbox 1491 3463 1565 3542; x_wconf 88' lang='grc'><strong>119,</strong></span> <span class='ocrx_word' id='word_1_151' title='bbox 1593 3464 1671 3530; x_wconf 83' lang='grc'><strong>120.</strong></span> 
     </span>
    </p>
   </div>
   <div class='ocr_carea' id='block_1_11' title="bbox 648 3618 1841 3811">
    <p class='ocr_par' dir='ltr' id='par_1_12' title="bbox 648 3618 1841 3811">
     <span class='ocr_line' id='line_1_23' title="bbox 696 3618 1841 3707; baseline 0.002 -23"><span class='ocrx_word' id='word_1_152' title='bbox 696 3618 770 3685; x_wconf 85' lang='grc'><strong>137.</strong></span> <span class='ocrx_word' id='word_1_153' title='bbox 809 3620 917 3697; x_wconf 88' lang='lat' dir='ltr'>„Mala</span> <span class='ocrx_word' id='word_1_154' title='bbox 947 3642 1051 3697; x_wconf 88' lang='lat' dir='ltr'>mous,</span> <span class='ocrx_word' id='word_1_155' title='bbox 1084 3620 1189 3685; x_wconf 87' lang='lat' dir='ltr'>malus</span> <span class='ocrx_word' id='word_1_156' title='bbox 1222 3619 1368 3685; x_wconf 89' lang='lat' dir='ltr'>animus&#39;’</span> <span class='ocrx_word' id='word_1_157' title='bbox 1402 3625 1632 3707; x_wconf 81' lang='lat' dir='ltr'>argumentum</span> <span class='ocrx_word' id='word_1_158' title='bbox 1664 3641 1683 3685; x_wconf 90' lang='lat' dir='ltr'>a</span> <span class='ocrx_word' id='word_1_159' title='bbox 1720 3628 1841 3686; x_wconf 86' lang='lat' dir='ltr'>natura</span> 
     </span>
     <span class='ocr_line' id='line_1_24' title="bbox 648 3725 1757 3811; baseline 0.005 -21"><span class='ocrx_word' id='word_1_160' title='bbox 648 3726 802 3791; x_wconf 88' lang='lat' dir='ltr'>Additur:</span> <span class='ocrx_word' id='word_1_161' title='bbox 828 3736 860 3792; x_wconf 88' lang='grc'>11</span> <span class='ocrx_word' id='word_1_162' title='bbox 883 3748 920 3791; x_wconf 85' lang='grc'>11</span> <span class='ocrx_word' id='word_1_163' title='bbox 945 3726 1060 3811; x_wconf 88' lang='lat' dir='ltr'>aliquis</span> <span class='ocrx_word' id='word_1_164' title='bbox 1086 3730 1153 3790; x_wconf 90' lang='lat' dir='ltr'>sine</span> <span class='ocrx_word' id='word_1_165' title='bbox 1173 3747 1266 3790; x_wconf 86' lang='lat' dir='ltr'>eausa</span> <span class='ocrx_word' id='word_1_166' title='bbox 1291 3725 1393 3792; x_wconf 89' lang='lat' dir='ltr'>malus</span> <span class='ocrx_word' id='word_1_167' title='bbox 1416 3749 1456 3791; x_wconf 86' lang='lat' dir='ltr'>an</span> <span class='ocrx_word' id='word_1_168' title='bbox 1479 3726 1517 3793; x_wconf 93' lang='lat' dir='ltr'>ab</span> <span class='ocrx_word' id='word_1_169' title='bbox 1542 3725 1757 3811; x_wconf 89' lang='lat' dir='ltr'>impulsione.</span> 
     </span>
    </p>
   </div>
   <div class='ocr_carea' id='block_1_12' title="bbox 649 3879 1843 4173">
    <p class='ocr_par' dir='ltr' id='par_1_13' title="bbox 649 3879 1843 4173">
     <span class='ocr_line' id='line_1_25' title="bbox 694 3879 1843 3967; baseline 0 -23"><span class='ocrx_word' id='word_1_170' title='bbox 694 3879 764 3944; x_wconf 84' lang='lat'>12.</span> <span class='ocrx_word' id='word_1_171' title='bbox 779 3880 832 3944; x_wconf 79' lang='lat'>21.</span> <span class='ocrx_word' id='word_1_172' title='bbox 867 3879 971 3957; x_wconf 76' lang='lat' dir='ltr'>„Tum</span> <span class='ocrx_word' id='word_1_173' title='bbox 1000 3883 1028 3945; x_wconf 93' lang='lat' dir='ltr'>si</span> <span class='ocrx_word' id='word_1_174' title='bbox 1059 3883 1130 3965; x_wconf 91' lang='lat' dir='ltr'>quis</span> <span class='ocrx_word' id='word_1_175' title='bbox 1162 3880 1377 3967; x_wconf 88' lang='lat' dir='ltr'>magistrum&#39;&#39;</span> <span class='ocrx_word' id='word_1_176' title='bbox 1409 3886 1635 3957; x_wconf 68' lang='grc' dir='ltr'>μεταφορικῶς.</span> <span class='ocrx_word' id='word_1_177' title='bbox 1673 3879 1732 3945; x_wconf 85' lang='lat' dir='ltr'>Sic</span> <span class='ocrx_word' id='word_1_178' title='bbox 1764 3887 1843 3946; x_wconf 83' lang='lat' dir='ltr'>reeta</span> 
     </span>
     <span class='ocr_line' id='line_1_26' title="bbox 649 3982 1843 4073; baseline -0.002 -22"><span class='ocrx_word' id='word_1_179' title='bbox 649 3985 802 4052; x_wconf 83' lang='lat' dir='ltr'>Donatus.</span> <span class='ocrx_word' id='word_1_180' title='bbox 836 3987 987 4051; x_wconf 85' lang='lat' dir='ltr'>Additur:</span> <span class='ocrx_word' id='word_1_181' title='bbox 1013 4009 1052 4053; x_wconf 89' lang='lat' dir='ltr'>an</span> <span class='ocrx_word' id='word_1_182' title='bbox 1076 3991 1152 4072; x_wconf 89' lang='lat' dir='ltr'>qnia</span> <span class='ocrx_word' id='word_1_183' title='bbox 1175 3996 1206 4052; x_wconf 93' lang='lat' dir='ltr'>et</span> <span class='ocrx_word' id='word_1_184' title='bbox 1230 3987 1434 4073; x_wconf 88' lang='lat' dir='ltr'>paedagogus</span> <span class='ocrx_word' id='word_1_185' title='bbox 1457 3994 1505 4050; x_wconf 90' lang='lat' dir='ltr'>ast</span> <span class='ocrx_word' id='word_1_186' title='bbox 1529 3982 1632 4050; x_wconf 78' lang='lat' dir='ltr'>Geta?</span> <span class='ocrx_word' id='word_1_187' title='bbox 1658 3985 1843 4064; x_wconf 67' lang='lat' dir='ltr'>(Wessnen</span> 
     </span>
     <span class='ocr_line' id='line_1_27' title="bbox 652 4091 871 4173; baseline 0 -16"><span class='ocrx_word' id='word_1_188' title='bbox 652 4103 738 4168; x_wconf 69' lang='lat' dir='ltr'>&lt;ott</span> <span class='ocrx_word' id='word_1_189' title='bbox 765 4091 871 4173; x_wconf 85' lang='lat' dir='ltr'>Geta).</span> 
     </span>
    </p>
   </div>
   <div class='ocr_carea' id='block_1_13' title="bbox 649 4243 1845 4549">
    <p class='ocr_par' dir='ltr' id='par_1_14' title="bbox 649 4243 1845 4549">
     <span class='ocr_line' id='line_1_28' title="bbox 695 4243 1845 4330; baseline 0 -19"><span class='ocrx_word' id='word_1_190' title='bbox 695 4246 832 4311; x_wconf 74' lang='lat' dir='ltr'>latu.</span> <span class='ocrx_word' id='word_1_191' title='bbox 863 4246 961 4311; x_wconf 84' lang='lat' dir='ltr'>Don:</span> <span class='ocrx_word' id='word_1_192' title='bbox 994 4247 1106 4310; x_wconf 92' lang='lat' dir='ltr'>habuit</span> <span class='ocrx_word' id='word_1_193' title='bbox 1136 4244 1247 4319; x_wconf 89' lang='lat' dir='ltr'>fidem,</span> <span class='ocrx_word' id='word_1_194' title='bbox 1273 4246 1356 4330; x_wconf 92' lang='lat' dir='ltr'>quod</span> <span class='ocrx_word' id='word_1_195' title='bbox 1380 4243 1439 4311; x_wconf 92' lang='lat' dir='ltr'>soli</span> <span class='ocrx_word' id='word_1_196' title='bbox 1463 4245 1606 4321; x_wconf 84' lang='lat' dir='ltr'>fuimus,</span> <span class='ocrx_word' id='word_1_197' title='bbox 1633 4246 1723 4330; x_wconf 92' lang='lat' dir='ltr'>quod</span> <span class='ocrx_word' id='word_1_198' title='bbox 1753 4268 1845 4313; x_wconf 89' lang='lat' dir='ltr'>nemo</span> 
     </span>
     <span class='ocr_line' id='line_1_29' title="bbox 649 4352 1845 4440; baseline 0.001 -21"><span class='ocrx_word' id='word_1_199' title='bbox 649 4357 750 4420; x_wconf 89' lang='grc'><strong>111111.</strong></span> <span class='ocrx_word' id='word_1_200' title='bbox 776 4354 942 4440; x_wconf 89' lang='lat' dir='ltr'>Pergitur:</span> <span class='ocrx_word' id='word_1_201' title='bbox 963 4374 1002 4418; x_wconf 88' lang='lat' dir='ltr'>an</span> <span class='ocrx_word' id='word_1_202' title='bbox 1023 4356 1152 4429; x_wconf 89' lang='lat' dir='ltr'>timuit,</span> <span class='ocrx_word' id='word_1_203' title='bbox 1172 4374 1210 4418; x_wconf 92' lang='lat' dir='ltr'>ne</span> <span class='ocrx_word' id='word_1_204' title='bbox 1231 4353 1289 4418; x_wconf 89' lang='lat' dir='ltr'>hoo</span> <span class='ocrx_word' id='word_1_205' title='bbox 1309 4359 1398 4439; x_wconf 85' lang='lat' dir='ltr'>pater</span> <span class='ocrx_word' id='word_1_206' title='bbox 1418 4360 1489 4418; x_wconf 87' lang='lat' dir='ltr'>anta</span> <span class='ocrx_word' id='word_1_207' title='bbox 1509 4352 1677 4418; x_wconf 89' lang='lat' dir='ltr'>firmatum</span> <span class='ocrx_word' id='word_1_208' title='bbox 1690 4375 1845 4423; x_wconf 88' lang='lat' dir='ltr'>amoram</span> 
     </span>
     <span class='ocr_line' id='line_1_30' title="bbox 651 4458 1083 4549; baseline -0.007 -22"><span class='ocrx_word' id='word_1_209' title='bbox 651 4458 872 4549; x_wconf 78' lang='lat' dir='ltr'>cognosceret?</span> <span class='ocrx_word' id='word_1_210' title='bbox 942 4459 1083 4525; x_wconf 82' lang='lat' dir='ltr'>Falsum.</span> 
     </span>
    </p>
   </div>
   <div class='ocr_carea' id='block_1_14' title="bbox 655 4612 1843 4904">
    <p class='ocr_par' dir='ltr' id='par_1_15' title="bbox 655 4612 1843 4904">
     <span class='ocr_line' id='line_1_31' title="bbox 693 4612 1804 4690; baseline 0.003 -11"><span class='ocrx_word' id='word_1_211' title='bbox 693 4615 724 4679; x_wconf 93' lang='lat' dir='ltr'>ll</span> <span class='ocrx_word' id='word_1_212' title='bbox 749 4612 846 4679; x_wconf 62' lang='lat'>227.</span> <span class='ocrx_word' id='word_1_213' title='bbox 871 4615 995 4679; x_wconf 86' lang='lat' dir='ltr'>Interea</span> <span class='ocrx_word' id='word_1_214' title='bbox 1017 4616 1101 4677; x_wconf 91' lang='lat' dir='ltr'>intro</span> <span class='ocrx_word' id='word_1_215' title='bbox 1125 4615 1172 4677; x_wconf 89' lang='lat' dir='ltr'>ire</span> <span class='ocrx_word' id='word_1_216' title='bbox 1196 4616 1357 4678; x_wconf 89' lang='lat' dir='ltr'>neminem</span> <span class='ocrx_word' id='word_1_217' title='bbox 1381 4612 1492 4690; x_wconf 87' lang='lat' dir='ltr'>video,</span> <span class='ocrx_word' id='word_1_218' title='bbox 1517 4614 1603 4677; x_wconf 79' lang='lat' dir='ltr'>exire</span> <span class='ocrx_word' id='word_1_219' title='bbox 1628 4615 1804 4681; x_wconf 90' lang='lat' dir='ltr'>neminem</span> 
     </span>
     <span class='ocr_line' id='line_1_32' title="bbox 697 4716 1843 4798; baseline 0 -14"><span class='ocrx_word' id='word_1_220' title='bbox 697 4720 780 4784; x_wconf 91' lang='lat' dir='ltr'>Phil.</span> <span class='ocrx_word' id='word_1_221' title='bbox 805 4720 843 4784; x_wconf 89' lang='lat' dir='ltr'>ad</span> <span class='ocrx_word' id='word_1_222' title='bbox 870 4723 974 4795; x_wconf 90' lang='lat' dir='ltr'>„iutro</span> <span class='ocrx_word' id='word_1_223' title='bbox 997 4723 1043 4783; x_wconf 91' lang='lat' dir='ltr'>ire</span> <span class='ocrx_word' id='word_1_224' title='bbox 1067 4719 1268 4784; x_wconf 88' lang='lat' dir='ltr'>neminem¹’:</span> <span class='ocrx_word' id='word_1_225' title='bbox 1292 4718 1374 4798; x_wconf 80' lang='lat' dir='ltr'>Quid</span> <span class='ocrx_word' id='word_1_226' title='bbox 1397 4721 1425 4782; x_wconf 90' lang='lat' dir='ltr'>si</span> <span class='ocrx_word' id='word_1_227' title='bbox 1448 4722 1537 4782; x_wconf 92' lang='lat' dir='ltr'>intus</span> <span class='ocrx_word' id='word_1_228' title='bbox 1559 4716 1675 4783; x_wconf 79' lang='lat' dir='ltr'>erant?</span> <span class='ocrx_word' id='word_1_229' title='bbox 1698 4720 1777 4787; x_wconf 88' lang='lat' dir='ltr'>ideo</span> <span class='ocrx_word' id='word_1_230' title='bbox 1801 4725 1843 4786; x_wconf 88' lang='lat' dir='ltr'>ait</span> 
     </span>
     <span class='ocr_line' id='line_1_33' title="bbox 655 4824 978 4904; baseline -0.012 -13"><span class='ocrx_word' id='word_1_231' title='bbox 655 4829 760 4904; x_wconf 88' lang='lat' dir='ltr'>,exire</span> <span class='ocrx_word' id='word_1_232' title='bbox 784 4824 978 4890; x_wconf 85' lang='lat' dir='ltr'>nemiuem”.</span> 
     </span>
    </p>
   </div>
   <div class='ocr_carea' id='block_1_15' title="bbox 0 0 2268 5940">
    <p class='ocr_par' dir='ltr' id='par_1_16' title="bbox 0 0 2268 5940">
     <span class='ocr_line' id='line_1_34' title="bbox 0 0 2268 5940; baseline 0 0"><span class='ocrx_word' id='word_1_233' title='bbox 0 0 2268 5940; x_wconf 95' lang='lat' dir='ltr'> </span> 
     </span>
    </p>
   </div>
  </div>
 </body>
</html>
