4525 5950
538 664 581 728 56
939 697 942 702 ’
1045 681 1212 732 nuerauus.

534 851 756 925 παρίστησι
782 849 848 910 καί
870 846 990 918 οὕτως
1017 853 1140 909 ποιῶν
1165 846 1287 922 οίρίσκει
1311 848 1365 919 την
1389 846 1463 911 ίείν.
1486 845 1590 912 Verba
1610 849 1727 911 misere

533 961 694 1037 corrupta3
721 974 795 1018 nam
818 952 903 1038 quod
925 951 1105 1038 significare
1128 951 1258 1030 debent,
1284 951 1403 1017 Dianae
1426 952 1584 1017 humanas
1606 953 1727 1017 hostias

532 1079 551 1123 a
574 1057 704 1143 Scythis
727 1057 909 1134 immolari,
934 1057 964 1121 id
991 1078 1093 1141 neque
1117 1057 1214 1121 verbo
1240 1059 1494 1136 παριστάναι
1517 1059 1602 1122 inest
1626 1077 1726 1142 neque

532 1163 688 1228 locutioni
719 1161 816 1228 οὕτω
849 1169 979 1226 ποιῶν.
1012 1159 1106 1228 Gibos
1137 1183 1295 1248 apponere
1326 1163 1581 1240 προτιθέναι,
1606 1186 1726 1238 παρα-

532 1269 689 1332 τιίὲναι
724 1250 763 1334 ab
799 1270 948 1334 omnibus
982 1268 1110 1346 dieitur,
1145 1290 1207 1334 non
1243 1272 1510 1348 raptaretur.
1546 1267 1636 1332 Ferri
1666 1267 1724 1332 hoe

533 1381 639 1440 tamen
669 1381 792 1460 posset,
823 1379 851 1439 si
875 1397 931 1461 pro
955 1372 1080 1447 οὕτως
1105 1378 1225 1439 ποιῶν
1252 1412 1292 1423 -
1318 1395 1398 1460 quae
1421 1376 1518 1440 verba
1541 1395 1627 1439 nuno
1650 1378 1726 1438 sunt

534 1502 663 1567 prorsus
681 1501 894 1566 supervacua,
921 1487 953 1545 et
976 1480 1059 1546 male
1082 1480 1224 1546 abundat
1248 1488 1368 1545 ποιῶν
1394 1518 1436 1529 -
1460 1479 1584 1566 aliquid
1606 1479 1728 1566 legere

533 1593 596 1664 tur,
629 1608 692 1672 quo
724 1587 921 1672 ambiguitas
944 1589 1032 1652 voeis
1063 1586 1317 1666 παριστάναι
1347 1585 1526 1652 tolleretur.
1562 1584 1729 1650 Sententia

533 1694 668 1778 requirit
689 1694 825 1757 verbum
845 1692 939 1778 quale
958 1692 1062 1755 ἑστιῶν
1069 1713 1077 1770 ;
1098 1695 1263 1777 quaerenti
1282 1692 1366 1777 quod
1386 1713 1405 1757 a
1427 1691 1544 1757 tradita
1568 1694 1729 1776 scriptura

533 1819 596 1862 non
627 1800 725 1861 nimis
755 1797 897 1876 recedat,
930 1799 1012 1862 mihi
1043 1818 1076 1863 se
1107 1797 1245 1862 obtulit:
1281 1801 1426 1862 ίοινῶν.
1462 1796 1636 1862 Ροὸίαιιιιι]
1668 1797 1727 1862 hoe

533 1906 640 1988 potius
660 1925 727 1968 esse
745 1903 832 1968 ultro
853 1903 1007 1980 aoneedo;
1034 1904 1145 1981 ίοινίζω
1165 1909 1272 1968 tamen
1292 1903 1376 1988 apud
1396 1902 1600 1968 Herodotum
1622 1923 1728 1967 oecur-

534 2013 593 2073 rit:
618 2013 653 2073 τὸ
678 2009 805 2087 δεῖπνον,
830 2009 871 2073 τί
894 2034 960 2083 μιν
984 2011 1094 2080 ἐκεῖνος
1119 2008 1235 2087 σαρξί
1259 2014 1328 2073 τοῦ
1359 2009 1503 2078 παιδὸς
1536 2008 1727 2084 linirem

534 2122 567 2180 et
598 2114 763 2194 ίοινάζω
796 2117 829 2178 in
861 2114 1077 2199 Xenophontis
1108 2114 1260 2200 Agesilao
1292 2112 1337 2194 (8.
1353 2111 1396 2193 7),
1428 2116 1485 2198 qui
1507 2115 1607 2177 etiam
1630 2112 1729 2177 habet

535 2219 765 2290 θοινατιιιίς
800 2219 927 2297 (Oeten.
961 2218 1057 2299 9.7);
1090 2228 1122 2285 et
1152 2223 1258 2294 ίοίνη
1282 2220 1367 2305 apud
1391 2219 1561 2284 Platonem
1583 2218 1637 2283 hio
1661 2217 1729 2282 illio

534 2324 657 2412 legitur
680 2332 713 2390 et
736 2326 820 2412 apud
844 2325 1022 2390 Lueiauum
1045 2329 1077 2388 in
1102 2325 1247 2412 Parasito
1271 2323 1321 2401 (O.
1348 2325 1392 2405 5).

579 2544 698 2609 Utrum
719 2544 966 2609 describentium
986 2564 1024 2608 an
1043 2545 1145 2627 ipsius
1163 2543 1297 2607 Lueiani
1316 2548 1364 2608 est
1384 2545 1513 2619 vitium,
1535 2564 1598 2629 quo
1615 2541 1729 2610 Gram-

535 2654 653 2715 matiea
677 2649 827 2735 vapulat,
852 2653 885 2713 in
911 2650 1015 2714 verbis
1038 2647 1186 2713 Vitarum
1210 2651 1377 2713 Auctionis
1402 2646 1451 2728 (Ο.
1476 2649 1549 2729 18);
1571 2654 1596 2713 σι’
1618 2652 1651 2715 δέ
1672 2674 1729 2713 τον

535 2753 634 2833 τίεν,
660 2761 713 2821 οὐκ
737 2755 774 2821 ίιν
797 2752 879 2819 siaa
901 2777 959 2841 pro
985 2751 1104 2828 ἦσανί
1128 2753 1256 2820 Oertius
1281 2761 1329 2819 est
1353 2758 1385 2818 in
1410 2754 1444 2822 Ο.
1471 2755 1515 2819 20
1538 2777 1602 2820 non
1623 2755 1730 2842 legen-

535 2862 614 2925 dum
645 2882 729 2927 esse:
762 2863 807 2930 τίς
842 2863 946 2923 πάντα
976 2859 1064 2934 μόνος
1096 2860 1251 2924 εἰδέναι
1286 2861 1383 2938 ίίλει;
1419 2861 1473 2926 sed
1499 2857 1604 2925 εἶναι
1630 2865 1726 2940 ίὲλσι;

535 2967 720 3054 Paradoxon
740 2974 788 3032 est
807 2966 1002 3043 Stoicorum,
1022 2968 1131 3031 omnia
1150 2987 1218 3032 esse
1237 2970 1431 3052 sapientem;
1450 2966 1535 3032 unde
1552 2967 1726 3034 Horatius:

1014 3072 1093 3137 'Non
1115 3075 1216 3155 nosti,
1240 3073 1318 3158 quid
1342 3081 1442 3158 pater,
1466 3076 1592 3160 inquit,

672 3177 873 3265 Chrysippus
897 3178 997 3242 dieat:
1021 3176 1155 3263 Sapiens
1178 3178 1320 3263 crepidas
1343 3180 1405 3243 sibi
1428 3200 1593 3266 nunquam

672 3285 737 3349 Neo
761 3283 861 3349 soleas
884 3284 975 3359 feeit,
999 3292 1089 3348 sutor
1111 3291 1219 3349 tamen
1239 3291 1287 3348 est
1309 3283 1444 3369 sapieus’

536 3397 568 3454 et
592 3398 663 3477 post
688 3410 805 3475 pauca:

971 3497 1106 3579 'sapiens
1128 3498 1231 3580 operis
1255 3499 1300 3560 sio
1323 3500 1465 3581 optimus
1488 3500 1593 3563 omnis

672 3600 731 3664 Est
755 3601 860 3685 opifex
884 3599 990 3678 solue,
1015 3603 1060 3665 sie
1083 3600 1160 3665 rex'.

535 3705 588 3771 Sic
611 3691 663 3771 hio
686 3727 810 3791 quoque
834 3708 959 3790 sapiens
982 3706 1135 3782 βασιλεὺς
1160 3706 1287 3783 dieitur,
1313 3708 1491 3786 νομοθέτης,
1516 3709 1631 3789 ρ’άτορ,
1653 3713 1726 3795 quin

536 3814 634 3876 etiam
658 3813 805 3891 μάγειρος
831 3817 863 3875 et
885 3811 1076 3888 σκυτοδέψης
1102 3817 1134 3875 et
1158 3813 1281 3875 τέκτων.

582 4013 662 4078 Ibid.
688 4011 723 4079 C.
750 4011 804 4078 23.
835 4014 867 4077 τί
889 4037 934 4077 σοι
958 4023 1012 4085 τῆς
1038 4013 1151 4089 σοφίας
1176 4014 1210 4076 τί
1234 4012 1338 4089 τέλος,
1364 4013 1380 4086 ἣ
1405 4015 1438 4078 τί
1460 4011 1631 4093 πράξεις
1658 4015 1728 4094 πρὸς

495 4171 499 4180 .
536 4121 571 4182 τὸ
602 4119 770 4194 οίκρίτατον
800 4125 854 4189 τῆς
886 4121 995 4195 αρετῆς
1020 4119 1226 4198 άφικίμενος;
1251 4117 1362 4183 Nonne
1385 4118 1489 4184 multo
1513 4118 1632 4185 melius
1657 4123 1727 4187 seri·

535 4225 629 4288 betur
659 4222 780 4300 προίξ
787 4222 867 4294 are?
900 4225 979 4303 ‘Quo
1011 4224 1071 4287 tibi
1101 4222 1278 4307 sapientiai
1305 4225 1381 4309 quid
1406 4228 1518 4290 esteris
1536 4227 1729 4307 praestabis,

534 4330 590 4393 ubi
614 4328 652 4393 ad
676 4350 837 4394 summam
862 4332 1019 4394 virtutem
1042 4330 1224 4412 perveneris
1233 4326 1255 4391 i'

582 4546 660 4610 Ibid.
686 4544 721 4612 O.
747 4546 800 4609 24.
826 4547 900 4608 ἀλλ’
924 4540 995 4621 ίρα,
1021 4546 1064 4618 μή
1089 4570 1122 4609 σι
1149 4547 1398 4623 κατατοξεύσω
1423 4552 1482 4626 (ita
1507 4547 1649 4616 cobetus
1673 4573 1731 4637 pro

536 4653 591 4715 οίπ
601 4676 613 4715 ο
622 4651 768 4730 τοξεύσω)
792 4654 833 4730 τῷ
858 4654 900 4713 άν
913 4676 932 4712 οι
943 4676 966 4712 π
976 4674 988 4712 ο
999 4650 1084 4715 δείκ
1095 4677 1111 4713 r
1122 4679 1143 4731 ῳ
1164 4655 1376 4731 συλλογισμῷ.
1401 4654 1621 4742 Syllogismus
1642 4662 1733 4721 τίνα·

535 4758 748 4829 etiamr
774 4764 823 4822 est
845 4756 1073 4843 syllogismus,
1093 4759 1147 4843 qui
1159 4759 1287 4840 probari
1305 4783 1364 4823 ινοιι
1376 4768 1493 4842 potem
1514 4762 1609 4846 quale
1623 4764 1732 4831 telum
