4525 5950
637 699 704 768 274
1113 711 1363 762 smerorsnrme.

637 884 761 961 fuisset,
783 882 870 947 abire
890 886 1073 967 potuerunt.
1097 880 1224 945 Interea
1245 880 1317 944 vide
1336 901 1440 945 annon
1459 879 1597 946 sufficiat
1620 883 1695 946 sino
1708 880 1844 946 articulo

639 990 775 1055 seribere
799 986 974 1066 ἐξέπεμψεν
999 986 1343 1066 ἐγκεκρυμμένον.

685 1206 737 1271 Vs.
763 1205 838 1273 574.
864 1208 957 1281 Φίλαι
980 1214 1144 1282 γυναῖκες,
1167 1204 1331 1281 ξυγγενεῖς
1357 1208 1469 1280 τούμοῦ
1495 1205 1618 1282 τρίτου.

865 1307 924 1393 [ὅτι
948 1312 1004 1385 μὲν
1027 1313 1119 1387 Φίλος
1144 1311 1206 1384 εἴμ’
1230 1312 1311 1387 ὑμῖν,
1337 1311 1476 1385 ἐπίδηλος
1503 1319 1575 1382 ταῖς
1599 1311 1754 1395 γνάθοις]

865 1424 1079 1495 γυναικομανῶ
1104 1418 1181 1494 γάρ
1206 1418 1269 1481 xri.

637 1521 723 1588 Scite
742 1522 920 1589 vLeeuwen
941 1524 1101 1599 observat,
1125 1525 1187 1586 nisi
1211 1522 1264 1586 hio
1288 1543 1334 1585 vs.
1353 1533 1434 1586 ‘oum
1459 1519 1578 1587 Cobeto
1602 1521 1772 1599 deleatur,
1796 1544 1843 1588 vo

637 1628 744 1693 aulam
774 1632 835 1706 γάρ
860 1651 922 1692 non
944 1630 1059 1694 habere
1082 1651 1145 1714 quo
1168 1629 1333 1693 referatur.
1358 1628 1466 1704 Addo,
1492 1631 1518 1691 si
1542 1631 1715 1713 genuinus
1743 1641 1842 1706 esset,

637 1742 763 1818 poetam
787 1755 849 1799 non
873 1737 982 1819 paucis
1005 1741 1077 1819 post
1100 1736 1246 1798 versibus
1270 1732 1421 1798 similiter
1445 1734 1512 1812 (sed
1537 1742 1661 1819 quanto
1688 1734 1842 1813 meliust)

636 1841 819 1904 iocaturum
843 1840 957 1904 fuisse:

863 1948 894 2008 τι’
917 1947 943 2007 δ’
968 1943 1061 2022 ἔστιν,
1086 1941 1106 2009 ὦ
1131 1953 1207 2024 παῒ;
1234 1946 1334 2008 παῖδα
1359 1946 1422 2021 γάρ
1446 1947 1474 2007 τ’
1500 1945 1576 2014 εἰκὸς
1604 1953 1737 2022 καλεῖν,

863 2048 915 2122 ἕως
940 2049 978 2112 δον
1002 2047 1095 2122 οὕτως
1120 2053 1178 2121 τάς
1204 2052 1332 2126 γνάίους
1356 2050 1455 2130 ψιλάς
1482 2047 1568 2129 ἔχῃς.

682 2252 735 2317 Vs.
762 2251 837 2318 616.
862 2260 1073 2331 στραγγουριῶ
1098 2255 1178 2331 γάρ·
1205 2255 1323 2336 ἐχθὲς
1349 2253 1469 2330 ἔφαγον
1495 2253 1657 2332 κάρδαμα.

637 2357 763 2423 Otiosae
792 2380 888 2443 quam
921 2359 1024 2424 editor
1054 2367 1284 2424 commemorat
1310 2360 1476 2445 Lentingii
1499 2362 1708 2426 coniecturae
1743 2364 1835 2442 χθὲς

637 2467 713 2541 γιὶο
746 2463 797 2529 vel
826 2465 885 2529 hoo
909 2466 1032 2542 obstat,
1056 2464 1159 2550 quod,
1185 2473 1219 2529 ut
1244 2464 1322 2529 olim
1348 2465 1513 2541 Meineke‚
1538 2468 1572 2529 ni
1596 2464 1708 2543 fallor,
1736 2468 1836 2532 obser-

636 2573 744 2646 vavit,
770 2571 896 2635 brevior
920 2571 1021 2634 forma
1039 2573 1112 2649 χίές
1134 2592 1292 2655 nusquam
1313 2571 1397 2654 apud
1419 2572 1668 2655 Aristophanem
1692 2575 1836 2636 numeris

636 2674 826 2760 postulatur.

681 2894 733 2959 Vs.
762 2894 838 2959 655.

727 3004 810 3077 ἡμᾶς
835 3004 931 3066 τοίνυν
954 3002 1040 3078 μετὰ
1063 3005 1147 3065 τοῦτ’
1171 3004 1224 3077 ἤδη
1249 3003 1306 3074 τάς
1332 3002 1508 3077 λαμπάδας
1530 3004 1707 3080 ἁψαμένας
1731 3012 1795 3086 χρὴ

726 3106 944 3187 ξυζωσαμένας
970 3106 1185 3186 εὖ’κάυδρείιος
1209 3115 1282 3172 τῶν
1307 3112 1331 3172 d'
1356 3109 1528 3182 ἱματίων
1552 3110 1777 3185 άποδύσας

726 3211 827 3292 ζητεῖν
853 3213 881 3276 εί
902 3237 959 3276 που
984 3214 1099 3284 κάλλος
1124 3239 1169 3282 τις
1195 3217 1267 3290 civia
1293 3217 1472 3291 άνελιὶλυίε,
1497 3216 1560 3278 nri.

635 3319 790 3399 Quamvis
813 3323 890 3384 satis
912 3319 994 3394 leni.
1019 3319 1196 3404 perinfelioi
1220 3329 1327 3384 tamen
1352 3323 1532 3385 coniectura
1554 3320 1659 3385 editor
1686 3345 1750 3408 pro
1774 3347 1838 3391 ver·

635 3426 684 3490 bis
714 3428 871 3511 corruptis
893 3427 1097 3490 substituisse
1121 3426 1203 3489 mihi
1229 3425 1355 3490 videtur
1377 3433 1434 3489 τῶν
1459 3431 1482 3489 θ’
1503 3428 1635 3498 ἱματίων
1661 3432 1838 3504 άμελοί

636 3555 728 3607 σας,
760 3535 835 3616 quia
867 3556 894 3595 τ.
921 3533 941 3595 ί.
967 3534 1096 3602 άμελεῑν
1120 3540 1205 3595 reete
1229 3531 1452 3597 tantummodo
1478 3532 1628 3595 dicuntur
1652 3539 1716 3617 qui
1743 3537 1838 3620 pallia

635 3643 732 3701 exuta
755 3658 817 3702 non
840 3637 997 3713 induunt,
1020 3636 1075 3700 sed
1099 3637 1152 3700 hio
1175 3657 1278 3701 sermo
1302 3642 1350 3700 est
1374 3636 1412 3702 de
1432 3635 1643 3713 mulieribus,
1667 3660 1756 3722 quae
1777 3663 1838 3726 quo

634 3742 844 3827 expeditiores
867 3742 955 3817 fiant,
980 3741 1077 3826 pallia
1101 3741 1276 3826 deponant,
1300 3744 1410 3826 itaque
1434 3741 1538 3806 multo
1557 3743 1765 3825 probabilius
1786 3767 1837 3810 me

634 3846 740 3912 iudice
760 3845 898 3933 Blaydes
918 3850 1085 3931 proposuit
1105 3848 1173 3910 καί
1196 3845 1381 3920 θαίμάτι’
1399 3846 1723 3923 (immitius.
1746 3852 1837 3917 Nihil

634 3955 721 4018 enim
751 3974 803 4017 me
835 3959 943 4017 movet
971 3953 1055 4038 quod
1079 3953 1140 4017 hoe
1163 3956 1337 4037 composito
1356 3952 1459 4017 lexioa
1481 3961 1575 4038 (quae
1598 3958 1761 4022 continuo
1787 3980 1838 4022 no

635 4060 685 4122 vis
705 4060 888 4142 compositis
908 4062 1068 4142 augentur
1085 4065 1116 4121 et
1136 4058 1353 4143 augebuntur)
1366 4058 1530 4142 hueusque
1542 4067 1661 4134 carent,
1677 4066 1837 4145 quoniam

635 4165 754 4248 passim
786 4162 870 4246 apud
901 4169 1009 4247 poetas
1032 4163 1129 4226 verba
1151 4164 1328 4247 composita
1351 4183 1424 4227 eum
1450 4162 1570 4247 duplici
1594 4172 1838 4250 praepositione

635 4265 759 4344 (ἐξατο)
783 4270 909 4332 variant
931 4288 1005 4331 oum
1028 4269 1085 4343 iis,
1111 4289 1191 4351 quae
1215 4288 1288 4331 aum
1310 4266 1376 4332 sola
1396 4270 1629 4352 praepositione
1650 4272 1722 4334 άπό
1742 4295 1837 4359 oopu-

634 4370 701 4436 lata
719 4379 804 4436 sunt.
825 4370 993 4448 (letarum,
1015 4374 1142 4435 etiamsi
1162 4372 1350 4455 plerumque
1373 4394 1456 4447 „non
1478 4375 1660 4455 promiscue
1683 4382 1837 4463 usurpari

637 4479 749 4542 ἐκδύειν
773 4478 920 4556 (uitdoea)
945 4484 977 4541 et
1001 4478 1145 4540 ἀποδύειν
1169 4478 1331 4563 (ofdoea)'’
1356 4476 1448 4542 facile
1468 4477 1657 4543 Leeuwenio
1680 4487 1837 4548 assentia-

635 4604 719 4658 mur,
752 4604 814 4647 non
845 4603 969 4667 semper
992 4585 1084 4646 anxie
1108 4589 1284 4667 utrumque
1310 4583 1442 4646 verbum
1468 4583 1627 4667 distingui
1652 4585 1772 4652 docere
1794 4593 1837 4652 vi·

640 4688 735 4752 detur
758 4688 954 4774 Lysistratae
978 4686 1067 4751 loeus
1093 4688 1271 4772 1021sqq.‚
1298 4690 1353 4751 ubi
1377 4686 1550 4752 mulierum
1575 4688 1650 4752 duci
1678 4693 1805 4758 dicenti

726 4796 812 4856 άλλά
838 4797 892 4864 τὴν
918 4791 1039 4867 ἐξωμίδ’
1064 4793 1213 4856 ἐνδύσω
1237 4815 1271 4855 τε
1296 4796 1446 4868 ποοτιοῦσ“
1471 4796 1531 4867 ἐγώ
