4525 5950
986 665 1126 714 usurus.
1450 616 1455 629 ⁵
1580 646 1643 713 139

511 835 646 896 Codrcm
669 830 851 896 1111111111
874 831 1089 897 diversissima
1112 837 1189 896 sunt
1214 838 1246 898 11
1270 839 1397 897 tantum
1421 855 1483 898 non
1506 836 1590 897 inter
1612 854 1645 897 11

460 942 635 1017 contraria,
657 960 730 1003 eum
750 946 857 1004 tamen
877 939 928 1003 hic
948 940 1044 1004 rerba
1064 943 1281 1025 requiruntur,
1301 960 1381 1026 quae
1401 940 1505 1005 colore
1519 940 1648 1025 quidem

460 1046 610 1110 differunt
641 1046 695 1111 sed
726 1045 812 1109 idem
844 1045 1031 1122 consilium,
1060 1047 1259 1132 eundemque
1283 1045 1430 1111 effectum
1454 1046 1645 1132 significant.

457 1155 560 1237 Atqui
583 1155 755 1217 incitamus
778 1173 907 1238 segnes,
932 1151 986 1216 sed
1010 1157 1253 1217 1111111111-
1274 1149 1372 1238 quosl
1395 1153 1518 1237 Nempe
1536 1155 1646 1218 insano

458 1260 569 1325 ardore
593 1259 754 1343 abreptos,
777 1259 997 1335 lascivientes,
1022 1280 1074 1324 eos
1098 1259 1233 1344 denique
1256 1262 1312 1344 qui
1335 1259 1398 1325 1111
1416 1258 1495 1324 illuc
1515 1258 1647 1325 volitan-

458 1377 507 1431 tes
526 1387 730 1431 communem
750 1365 892 1430 laborem
910 1365 1092 1449 impediunt
1111 1370 1216 1451 magis
1234 1386 1332 1450 quam
1344 1364 1506 1430 adiuvant.
1527 1365 1648 1451 Segnes

459 1494 535 1537 vero
567 1470 665 1557 quid?
696 1470 753 1548 Vi,
786 1474 899 1548 minis,
924 1493 1023 1556 poena
1125 1472 1267 1551 cepimus,
1292 1475 1354 1536 nisi
1378 1471 1650 1537 admonitionibus

460 1582 577 1644 nostris
602 1600 712 1643 aurem
738 1578 897 1663 praebent.
923 1577 1008 1663 Ergo
1032 1599 1089 1662 pro
1113 1585 1244 1642 coercere
1269 1578 1321 1642 hic
1344 1600 1444 1661 copem
1462 1578 1543 1665 lege.
1570 1578 1651 1643 Boni

460 1686 664 1769 imperatoris
695 1691 743 1748 est
773 1681 919 1768 exemplo
950 1686 1082 1748 incitare
1114 1704 1248 1768 segnes,
1279 1689 1354 1760 aut,
1387 1687 1414 1748 11
1444 1687 1478 1748 in
1502 1684 1649 1770 exemplo

460 1791 609 1876 praesidii
642 1811 755 1876 parum
780 1797 845 1866 est,
869 1813 985 1871 cepere,
1006 1790 1093 1876 ,quod
1117 1793 1163 1855 sie
1187 1788 1330 1856 absolute
1354 1793 1496 1876 positum
1521 1794 1651 1878 egregie

459 1906 535 1963 eum
565 1896 623 1961 illo
655 1894 824 1982 „exemplo
854 1896 987 1981 eogere'’
1020 1899 1230 1983 coniungitur
1260 1897 1299 1961 ad
1332 1903 1432 1962 totam
1464 1896 1648 1982 Vespasiani

459 2007 616 2069 rationem
641 2002 884 2089 depingendam.

504 2186 545 2250 H.
570 2185 610 2262 ΙΙ,
636 2183 689 2250 87.
714 2185 856 2251 Foedum
881 2184 968 2250 istud
991 2206 1126 2272 agmen,
1152 2207 1214 2271 quo
1238 2184 1387 2251 Vitellius
1410 2188 1522 2251 urbem
1543 2189 1642 2271 petit,

458 2298 491 2358 et
513 2292 585 2356 aliis
608 2297 641 2356 et
664 2292 714 2355 his
739 2291 928 2356 describitur
952 2292 1073 2356 verbis:

507 2398 702 2486 „Sexaginta
732 2398 823 2462 milia
854 2406 1052 2463 armatorum
1082 2397 1305 2483 sequebantur,
1329 2397 1458 2463 licentia
1480 2404 1647 2484 corrupta;

459 2504 608 2570 calonum
648 2526 802 2569 numerus
841 2502 988 2590 amplior,
1024 2506 1255 2590 procacissimis
1291 2506 1389 2569 etiam
1422 2508 1506 2570 inter
1541 2526 1649 2572 servos

458 2611 600 2677 lixarum
625 2612 797 2698 ingeniis.”

506 2718 586 2783 Vera
609 2719 706 2782 huius
729 2717 791 2782 1011
816 2719 944 2804 cognita
966 2717 1101 2782 lectione
1127 2754 1167 2765 -
1191 2738 1266 2782 nam
1290 2720 1318 2781 si
1340 2715 1442 2796 ullus,
1467 2718 1519 2783 hic
1542 2721 1648 2782 certis·

458 2828 541 2890 sima
568 2834 615 2890 est
639 2824 857 2889 emendatione
881 2827 1051 2889 restitutus
1075 2862 1117 2871 —
1142 2824 1251 2889 doctas
1271 2823 1389 2889 ridebis
1409 2827 1647 2901 annotationes,

460 2931 565 3017 qualis
589 2939 638 2998 111
661 2932 737 2996 haec
761 2930 845 3017 apud
870 2929 1046 2997 Orellium:
1078 2949 1080 2952 ⁴

506 3039 622 3114 ,hiras
652 3038 772 3103 liberos
801 3039 947 3104 homines
978 3040 1093 3115 fuisse,
1127 3040 1189 3102 rite
1212 3035 1345 3123 colligas
1368 3058 1405 3102 ex
1431 3039 1511 3102 Ana.
1536 3037 1577 3114 ll,
1602 3037 1646 3103 62

457 3149 591 3216 (citatur
624 3144 737 3223 locus).
774 3146 816 3209 At
846 3144 930 3209 lixae
960 3165 1102 3229 quoque,
1136 3152 1172 3207 ut
1202 3144 1254 3208 hio
1283 3144 1389 3220 rides,
1414 3146 1580 3229 mancipiis
1605 3146 1644 3211 ob

458 3251 560 3316 rilem
591 3259 760 3335 quaestum
792 3272 827 3315 ac
859 3272 963 3315 mores
996 3271 1141 3336 proeaees
1164 3249 1482 3335 aequiparabuntur.’'
1507 3249 1646 3327 Verum,

458 3383 476 3424 0
501 3360 597 3434 bone,
630 3361 657 3422 si
681 3378 775 3422 sanus
798 3358 851 3422 1111
874 3356 979 3433 10111,
1004 3379 1066 3421 101
1090 3357 1328 3441 aequiparantur
1352 3358 1520 3440 mancipiis
1544 3354 1647 3434 lixae,

458 3465 515 3530 sed
540 3464 632 3549 plane
654 3467 694 3528 iis
720 3465 978 3540 adnumerantur,
1004 3471 1169 3547 tamquam
1193 3466 1219 3526 si
1243 3462 1280 3527 de
1304 3461 1413 3526 servili
1432 3483 1544 3527 eorum
1563 3470 1649 3527 statu

459 3569 549 3635 nulla
581 3591 722 3656 unquam
754 3573 838 3634 iuter
861 3571 1007 3634 homines
1031 3571 1127 3635 fuerit
1152 3570 1317 3634 dubitatio.
1342 3569 1385 3633 Et
1408 3572 1435 3633 ai
1459 3572 1648 3654 procacitate

459 3699 588 3743 morum
620 3699 744 3762 semper
775 3676 942 3741 vilissimis
974 3681 1050 3739 sunt
1080 3697 1172 3761 pares
1202 3678 1386 3760 mancipiis,
1419 3674 1508 3740 nulla
1537 3681 1585 3739 111
1615 3678 1648 3739 in

460 3783 592 3849 Vitellio
615 3783 725 3868 culpa,
751 3786 778 3848 si
802 3804 863 3847 non
888 3783 1135 3847 modestioribus
1155 3784 1195 3846 iis
1214 3803 1292 3846 usus
1312 3788 1344 3847 11
1363 3784 1529 3847 ministris.
1554 3780 1650 3847 Vides

459 3915 476 3957 1
508 3891 625 3955 tradita
656 3890 790 3955 lectione
822 3889 968 3966 nullum,
1000 3889 1118 3955 nedum
1151 3895 1281 3973 aptum,
1311 3910 1439 3953 sensum
1465 3888 1649 3954 ullomodo

458 3998 585 4063 extrahi
619 4017 726 4082 posse,
762 3996 817 4061 sed
851 3995 1015 4060 lenissima
1050 3994 1270 4061 emendatione
1301 4012 1470 4060 revocatur
1498 3994 1532 4058 id
1563 3994 1648 4080 quod

461 4108 553 4170 unice
599 4106 632 4166 in
667 4103 751 4168 hunc
787 4101 895 4167 locum
937 4104 1120 4178 conveniat,
1160 4100 1193 4165 id
1235 4101 1318 4186 quod
1359 4104 1468 4185 ipsum
1505 4099 1649 4167 Vitellia-

459 4232 538 4275 uum
573 4230 689 4295 agmen
723 4208 904 4294 legentibus
940 4214 1036 4292 ponat
1071 4211 1144 4272 aute
1180 4206 1305 4283 oculos,
1341 4207 1374 4271 id
1405 4207 1539 4292 denique
1564 4209 1648 4292 quod

460 4320 537 4404 quin
570 4339 588 4380 1
619 4314 728 4380 Tacito
760 4317 918 4399 scriptum
942 4316 985 4378 sit
1009 4314 1139 4399 posthac
1162 4318 1229 4378 iam
1253 4317 1411 4379 nemesii
1434 4314 1648 4380 dubitaturus.

461 4425 524 4487 Pro
568 4422 656 4485 etiam
696 4421 774 4484 inter
809 4443 906 4484 servos
942 4420 1115 4506 legendum
1158 4427 1206 4484 est
1245 4421 1334 4484 ctiam
1367 4421 1446 4484 inter
1480 4443 1593 4484 severos
1615 4419 1650 4500 l).

459 4530 508 4593 En
544 4531 613 4613 ipsa
649 4527 739 4591 nobis
773 4527 895 4593 reddita
931 4527 1034 4591 Taciti
1068 4524 1199 4591 manus!
1238 4526 1346 4592 Etiam
1380 4530 1413 4591 in
1446 4549 1552 4592 severo
1585 4549 1652 4592 mo-

465 4653 578 4660 ---—...-.
583 4651 659 4658 ..-—-—

497 4712 521 4775 1)
544 4710 776 4759 Praestantissimum
800 4710 988 4759 emandationem
1010 4711 1131 4776 acceptam
1156 4709 1234 4759 relato
1262 4708 1391 4776 leopoldio
1414 4724 1467 4759 mco
1489 4724 1559 4775 qaam
1582 4709 1655 4761 toties

463 4794 524 4851 iarn,
543 4798 569 4843 ut
586 4809 629 4859 par
646 4797 712 4853 erat,
729 4792 832 4842 laudavi.
