4525 5950
644 695 710 761 250
774 720 777 727 ·
1161 717 1317 766 nouenos.

646 901 783 966 quorum
814 883 970 946 sententia
1001 879 1189 965 simpliciter
1218 882 1295 948 haec
1317 889 1382 948 est:
1407 904 1488 969 quae
1511 883 1589 950 haec
1610 892 1663 950 est
1685 885 1833 965 audacia,

647 993 684 1051 ut
709 985 795 1052 ultro
819 990 915 1052 etiam
939 986 1091 1052 Phormio
1113 987 1203 1053 nullo
1227 990 1324 1055 uerbo
1345 989 1511 1056 lacessitus
1533 1012 1587 1056 me
1608 989 1763 1058 accuset?

691 1091 769 1158 Vide
791 1094 894 1179 igitur
916 1101 1109 1179 quantopere
1132 1093 1256 1160 deliret.

687 1198 853 1266 Scholium
885 1198 923 1264 ed
953 1201 1038 1265 hunc
1064 1203 1268 1267 reinsede
1294 1221 1331 1266 a:
1357 1203 1456 1280 „haec
1479 1201 1673 1270 exclamatio
1697 1204 1837 1270 ostendit

643 1306 720 1393 quid
745 1307 873 1371 absente
895 1313 983 1391 patre
1007 1306 1182 1373 defenderit
1203 1307 1310 1373 filius’'
1335 1311 1418 1374 sitne
1440 1312 1620 1396 genuinum
1647 1310 1777 1376 dubito.

688 1459 739 1525 14.
764 1458 847 1525 Nam
869 1462 934 1525 iam
957 1458 1194 1525 adulescentulo
1218 1460 1301 1525 nihil
1323 1468 1372 1527 est
1396 1461 1482 1546 quod
1506 1482 1715 1528 succenseam

684 1565 777 1632 Falso
809 1564 992 1653 philosophi
1023 1568 1165 1632 acumini
1189 1567 1297 1633 deberi
1320 1567 1450 1633 videtur
1472 1568 1549 1633 haec
1573 1568 1765 1635 adnotatio:
1791 1569 1840 1635 Sic

642 1672 805 1739 subtiliter
832 1679 864 1737 et
886 1671 1022 1738 latenter
1043 1681 1204 1761 purgatur
1226 1694 1244 1739 a
1267 1674 1460 1740 Phormione
1484 1673 1569 1759 apud
1592 1683 1726 1760 patrem
1755 1679 1843 1741 Ant-

640 1779 714 1867 pho.
745 1778 828 1844 Nam
859 1799 934 1844 cum
965 1779 1043 1844 dicit
1068 1782 1154 1856 „iam
1177 1801 1204 1846 a.
1230 1803 1260 1845 n.
1284 1801 1312 1846 e.
1336 1802 1366 1866 q.
1391 1779 1450 1864 s.'',
1475 1780 1613 1847 ostendit
1638 1781 1752 1848 adhuc
1778 1804 1843 1848 eue-

640 1889 798 1954 ceusuisse
817 1892 849 1951 et
867 1888 997 1952 inimico
1016 1886 1114 1952 fuisse
1134 1891 1256 1964 auimo,
1276 1908 1414 1972 cumque
1438 1887 1527 1952 addit
1547 1889 1597 1964 „ei
1610 1887 1717 1953 illum
1731 1893 1843 1955 minue

639 1993 764 2071 norat”,
795 1992 933 2058 ostendit
963 1999 1072 2059 contra
1104 1992 1222 2059 dixisse
1245 1994 1306 2058 sibi
1330 2000 1363 2059 et
1386 1995 1541 2059 restitisse
1564 1993 1699 2061 iudicio.
1729 1995 1778 2061 Et
1801 1999 1842 2061 sic

638 2101 733 2167 dicit:
764 2099 877 2185 quodsi
906 2098 1086 2164 adolescens
1117 2121 1176 2164 non
1210 2099 1404 2186 adgnoscens
1433 2098 1575 2186 puellam
1608 2104 1751 2167 veniam
1785 2124 1842 2168 uou

637 2208 802 2283 meruerit,
825 2210 915 2291 pater
936 2216 1054 2293 negata
1073 2211 1209 2292 cognata
1233 2207 1307 2272 ferri
1332 2226 1395 2270 non
1419 2208 1527 2291 possit.

683 2312 827 2379 Donatus
858 2319 931 2391 (ser.
954 2319 1003 2393 o):
1034 2311 1132 2390 Vide,
1157 2319 1194 2378 ut
1218 2314 1411 2379 veteratoria
1433 2312 1579 2378 ostendat
1600 2314 1841 2381 contradixisse

641 2417 886 2486 adulescentem.

684 2526 771 2608 Quae
800 2528 833 2590 in
865 2527 970 2610 priore
999 2524 1121 2590 scholio
1153 2525 1306 2590 dicuntur
1335 2527 1444 2590 minus
1467 2545 1542 2590 vera
1565 2531 1655 2590 sunt.
1680 2526 1841 2595 Phormio

636 2654 700 2699 uon
736 2632 796 2697 hoc
831 2635 900 2718 agit
933 2639 971 2696 ut
1007 2630 1224 2717 Antiphonem
1258 2638 1377 2718 purget
1411 2632 1495 2717 apud
1528 2639 1676 2717 patrem,
1716 2637 1779 2702 sed
1810 2642 1843 2701 ut

637 2742 721 2827 patri
755 2741 890 2804 avaritia
925 2739 1067 2824 peccanti
1102 2744 1241 2824 opponat
1276 2737 1382 2802 filium
1417 2741 1474 2823 qui
1507 2744 1716 2823 praetexerat
1755 2746 1842 2830 iguo

638 2848 785 2912 rentiam.
821 2843 890 2909 Hoc
920 2846 1023 2930 igitur
1052 2842 1134 2909 Don.
1165 2850 1249 2909 reete
1281 2847 1512 2909 veteratorium
1542 2846 1745 2914 nominarit.
1779 2848 1840 2914 Nec

639 2952 791 3022 Phormio
817 2948 1020 3030 „subtiliter”
1044 2957 1101 3016 aut
1122 2949 1301 3029 „latenter”
1322 2949 1477 3036 loquitur,
1498 2949 1553 3017 sed
1572 2960 1683 3037 aperte
1706 2953 1793 3021 dicit
1811 2976 1839 3020 se

637 3065 764 3148 peraeto
796 3058 914 3124 iudicio
947 3080 1008 3124 nou
1031 3059 1172 3145 amplius
1196 3079 1379 3125 succensere
1404 3059 1599 3144 Antiphoni,
1624 3062 1726 3126 cuius
1752 3066 1839 3151 igno

636 3170 740 3235 rantis
764 3168 907 3233 excusari
930 3168 1040 3251 possit.
1065 3165 1178 3250 ltaque
1201 3186 1302 3251 neque
1326 3165 1402 3231 haec
1426 3165 1575 3231 adverbia
1595 3187 1655 3230 nec
1676 3172 1840 3235 sententis

637 3272 774 3340 causalis
805 3292 886 3358 quae
917 3274 1063 3357 sequitur
1092 3278 1203 3349 (‚,uam
1235 3291 1310 3336 cum
1341 3271 1441 3337 dicit’'
1467 3278 1541 3350 eto.)
1565 3274 1689 3337 iustam
1719 3275 1840 3342 habeut

639 3382 804 3445 rationem.
837 3364 935 3443 Porro
966 3378 1063 3442 verba
1096 3379 1145 3454 „ei
1174 3376 1270 3441 illum
1301 3380 1409 3443 minue
1433 3378 1545 3444 norat'’
1570 3399 1635 3442 nou
1661 3382 1840 3448 ostendunt

640 3485 859 3571 Antiphonem
888 3485 949 3549 sibi
979 3486 1134 3549 restitisse
1157 3482 1293 3562 iudicio,
1318 3484 1376 3549 hoc
1400 3504 1456 3570 per
1479 3504 1512 3549 ee
1535 3482 1644 3569 palam
1669 3496 1764 3567 erat,
1791 3488 1841 3556 sed

639 3592 716 3677 quid
747 3593 822 3656 Ant.
853 3590 1036 3656 defenderit.
1061 3589 1203 3656 'l'andem
1228 3595 1388 3675 postrema
1412 3598 1643 3677 argumentum
1669 3613 1688 3657 a
1715 3595 1841 3661 fortiori

638 3697 806 3775 exhibent,
831 3695 884 3761 sed
908 3694 1042 3774 falsum,
1067 3717 1141 3760 uam
1162 3694 1345 3761 adulescens
1366 3698 1495 3762 ueniam
1514 3698 1635 3762 meruit
1656 3701 1839 3767 secundum

638 3804 874 3869 Phormionem.
900 3802 1036 3867 Attende
1060 3802 1192 3867 demum
1217 3823 1398 3889 synonyma
1424 3805 1663 3880 „succensuisse
1687 3813 1725 3871 et
1749 3811 1795 3874 in.
1818 3809 1838 3873 f.

639 3910 781 3987 animo”,
807 3908 1053 3988 „contradixisse
1076 3916 1108 3974 et
1132 3908 1322 3974 restitisse”.

687 4047 738 4112 18.
752 4046 783 4112 2.
816 4045 957 4110 Donatus
987 4055 1059 4125 (ser.
1085 4051 1116 4124 a)
1148 4044 1186 4110 de
1218 4048 1406 4110 veteratoris
1438 4047 1615 4111 narratione
1647 4046 1839 4117 eduotarit:

643 4153 759 4232 „habet
783 4152 1035 4217 misericordiam
1061 4152 1168 4216 odiosa
1190 4151 1360 4216 narratio’'.
1396 4150 1494 4228 Alter,>
1519 4173 1577 4237 pro
1601 4173 1693 4219 more
1721 4178 1842 4245 urgens

645 4259 775 4347 singula
801 4259 913 4334 verba,
938 4259 997 4324 hoe
1021 4261 1065 4323 sic
1089 4260 1231 4322 mutavit
1255 4264 1286 4322 et
1309 4260 1419 4323 auxit:
1444 4257 1675 4325 Miserabiliter
1698 4268 1736 4326 et
1761 4268 1841 4330 invi-

643 4367 728 4431 diose
759 4368 897 4451 positum
932 4364 1079 4442 „sener'’‚
1112 4372 1143 4428 et
1173 4367 1293 4429 maiore
1325 4363 1403 4441 fide,
1435 4366 1509 4450 quia
1533 4366 1731 4441 „narrabat”
1760 4369 1842 4435 dixit

641 4494 703 4538 nou
728 4471 991 4558 ,‚quaerebatur’'.

603 4643 608 4650 ·
689 4609 742 4674 28.
767 4609 912 4674 Donatus
935 4615 1007 4688 (ser.
1032 4615 1064 4688 a)
1087 4615 1188 4674 recte:
1214 4608 1297 4673 Mire
1321 4628 1433 4673 servus
1456 4607 1549 4671 fiuxit
1571 4629 1603 4673 se
1628 4630 1692 4674 uon
1719 4614 1844 4679 vidisse

641 4737 767 4793 senem,
800 4724 838 4779 ut
872 4735 926 4792 ea,
967 4735 1046 4802 quae
1078 4714 1194 4781 dixerit
1224 4717 1258 4782 in
1289 4714 1535 4795 Phormionem,
1567 4716 1690 4786 sincere
1721 4718 1843 4789 dixisse

642 4822 797 4888 credatur.
