4525 5950
604 1203 674 1292 ou
703 1203 887 1293 OVIDIO
917 1202 1083 1292 POETA
1114 1200 1511 1290 couuaurluo.
1607 1144 1703 1271 l!

994 1436 1118 1478 semesas

867 1620 896 1686 J.
919 1620 949 1686 J.
974 1619 1245 1685 HAR'I'MAN.

959 1925 1155 1962 m

505 2153 590 2217 Anni
612 2157 687 2215 sant
711 2150 954 2234 quatuordecim
977 2172 1015 2216 ex
1040 2172 1102 2236 quo
1127 2151 1359 2238 Mnemosynae
1382 2153 1502 2216 inserta
1525 2158 1574 2216 est
1593 2151 1654 2216 dis·

458 2260 586 2344 putatio
617 2257 773 2342 quaedam
805 2277 893 2334 maa,
926 2259 979 2321 cui
1012 2256 1128 2322 titulus
1159 2258 1207 2321 De
1238 2257 1341 2320 Ovidii
1367 2257 1654 2339 Metamorphosesin

459 2364 593 2429 edeodob.
626 2362 760 2427 Utinam
791 2360 855 2427 alia
886 2366 963 2427 tunc
992 2384 1070 2428 usus
1094 2384 1197 2428 essem
1219 2360 1444 2447 inscriptione!
1469 2363 1553 2427 Nam
1576 2384 1653 2427 cnm

458 2471 499 2537 ad
531 2469 638 2534 Ovidii
668 2474 797 2534 textum
828 2468 1061 2534 emendandum
1092 2472 1160 2554 ipse
1192 2475 1249 2534 aut
1280 2468 1362 2533 nihil
1393 2477 1450 2534 aut
1480 2469 1545 2534 fere
1568 2468 1651 2533 nibil

460 2577 603 2643 afferrem
628 2579 722 2651 novi,
747 2574 832 2639 baud
856 2577 977 2639 mirum
1000 2577 1163 2640 exstitisse
1187 2577 1242 2659 qui

640 2679 724 2759 Quid
746 2681 883 2766 dignum
907 2687 996 2746 tanto
1019 2679 1098 2745 tulit
1121 2681 1173 2746 hic
1197 2683 1372 2765 promissor
1395 2681 1486 2745 biatu

457 2787 689 2863 exclamarent;
709 2807 847 2871 cumque
865 2792 911 2865 (et
931 2786 1008 2851 baec
1028 2786 1160 2870 quidem
1179 2807 1228 2851 res
1247 2786 1353 2851 multo
1372 2789 1491 2851 maiore
1511 2807 1563 2851 me
1583 2787 1654 2851 affe-

457 2898 502 2961 cit
530 2893 690 2979 efficitque
714 2892 836 2974 dolore)
860 2900 968 2958 tamen
991 2895 1140 2980 egregios
1165 2896 1249 2958 viros
1273 2893 1445 2980 quosdam,
1474 2893 1512 2957 de
1536 2891 1652 2959 ovidio

458 2999 617 3087 praeclare
648 3004 795 3077 meritos,
828 3020 891 3064 non
924 3003 1040 3065 acriter
1070 2999 1177 3065 solum
1206 3000 1380 3065 sedetiam
1405 3002 1532 3085 inique,
1557 3008 1653 3086 atque

456 3108 621 3173 interdum
641 3127 752 3191 preve,
773 3107 997 3192 perstrinxisse
1017 3106 1153 3182 viderer,
1173 3109 1207 3170 in
1219 3108 1438 3192 ineptissimae
1450 3108 1652 3172 incurrebem

457 3218 580 3282 crimen
609 3215 827 3299 arrogantiae,
859 3233 922 3297 quo
954 3214 1035 3276 vitio
1060 3210 1188 3276 nullum
1215 3213 1370 3298 estquod
1395 3212 1584 3298 diligentius
1609 3215 1654 3277 vi·

457 3329 526 3385 tare
548 3318 705 3383 studeam.
729 3317 798 3398 Quo
821 3320 927 3403 magis
950 3321 1096 3402 ipsorum
1115 3317 1249 3383 illorum
1268 3339 1434 3383 censorum
1454 3317 1653 3403 agnoscenda

456 3427 660 3502 humanitas,
697 3427 753 3510 qui
784 3446 858 3489 cum
889 3446 941 3489 me
973 3426 1013 3490 ob
1042 3423 1132 3501 illas,
1164 3445 1243 3509 quas
1275 3424 1361 3501 dixi,
1393 3444 1503 3489 causas
1534 3427 1652 3489 merito

455 3538 621 3607 notarent,
646 3532 810 3596 tamenin
834 3528 943 3595 libello
966 3529 1024 3594 illo
1047 3531 1147 3595 bonae
1170 3531 1274 3615 frugis
1294 3529 1414 3615 aliquid
1433 3533 1537 3595 inesse
1555 3528 1654 3594 liben-

454 3645 506 3702 ter
540 3636 757 3701 concederent.
795 3634 898 3714 Qaam
933 3656 1001 3699 rem
1035 3656 1111 3701 cum
1142 3642 1175 3700 et
1205 3634 1261 3700 alii
1293 3638 1355 3699 viri
1387 3636 1491 3712 docti,
1516 3634 1651 3700 leniores

456 3746 630 3827 minusque
663 3745 757 3818 irati,
793 3763 885 3825 saepe
921 3742 1003 3806 mibi
1040 3740 1269 3828 significarint,
1305 3762 1442 3826 cumque
1478 3741 1653 3825 discipulos

456 3870 548 3915 meos
579 3849 618 3913 ad
642 3847 797 3914 Ovidium
820 3846 939 3912 melius
962 3847 1212 3933 intelligendum
1236 3846 1381 3912 nonnihil
1404 3850 1485 3912 meis
1508 3847 1653 3912 observa-

456 3955 601 4020 tionibus
632 3954 803 4038 profeoisse
834 3952 906 4038 plus
939 3952 1038 4018 semel
1070 3956 1133 4017 sim
1158 3963 1324 4038 expertus,
1349 3952 1452 4017 denuo
1475 3952 1513 4018 de
1536 3950 1652 4017 Ovidio

455 4062 654 4144 scripturus,
678 4062 822 4143 primum
849 4062 1006 4143 potiorem
1029 4058 1162 4124 illarum
1187 4067 1312 4142 partem
1336 4059 1389 4123 hic
1412 4066 1572 4144 repetam,
1597 4056 1653 4123 sed

456 4168 638 4231 accuratius
661 4164 858 4230 elaboratam
882 4168 1038 4250 novisque
1061 4164 1237 4229 stabilitam
1261 4167 1461 4251 argumentis
1484 4163 1652 4250 exemplis·

457 4292 539 4357 qus,
564 4270 676 4336 deinde
699 4274 733 4335 in
757 4271 891 4336 eandem
913 4273 1105 4337 sententiam
1126 4271 1164 4335 de
1184 4270 1299 4335 Ovidio
1319 4271 1482 4356 disputare
1502 4292 1650 4357 pergam,

455 4383 619 4463 postremo
643 4376 681 4442 de
705 4379 804 4442 variis
824 4377 1127 4462 Metamorphoseon
1148 4376 1242 4454 locis,
1264 4376 1379 4442 Kornii
1396 4377 1550 4455 editione,
1570 4398 1651 4463 quae

453 4502 538 4546 anno
573 4481 661 4547 1880
692 4483 776 4567 apud
800 4482 1026 4549 Weidmaanos
1050 4483 1185 4569 prodiit,
1211 4504 1288 4548 usus
1312 4483 1470 4569 proferam
1493 4484 1651 4569 quaedam

453 4607 558 4664 nova,
590 4587 672 4652 mibi
703 4594 788 4653 certe
819 4611 881 4653 non
911 4592 1043 4654 inventa
1073 4589 1170 4665 alibi,
1200 4610 1281 4673 quae
1304 4587 1459 4654 Ovidium
1482 4589 1650 4654 edentibus

453 4693 702 4780 legentibusque
734 4694 881 4780 prodesse
913 4716 1004 4780 posse
1028 4695 1208 4761 videantur.
1232 4693 1353 4773 Quodsi
1375 4716 1478 4760 novus
1500 4697 1589 4761 hicce
1611 4694 1649 4760 li·
