4525 5950
979 698 1095 748 amns.
1565 681 1631 749 279

440 868 578 951 exigua3
601 865 690 930 dico:
712 863 928 930 Hannibalem
948 883 1041 928 amne
1061 865 1192 927 traiecto
1212 870 1313 926 castra
1326 862 1473 944 posuisse.
1498 861 1633 928 Italam

440 973 474 1034 in
499 972 557 1035 haa
580 974 650 1056 ripa
672 971 706 1035 id
729 972 850 1036 fastum
876 969 1023 1035 videmus
1046 968 1131 1053 quod
1154 971 1188 1032 in
1211 967 1285 1044 illa,
1317 969 1373 1033 ubi
1397 970 1504 1034 hostes
1526 974 1632 1046 erant,

438 1077 562 1141 factum
594 1097 662 1141 esse
694 1079 828 1140 minime
859 1074 988 1141 videtur
1011 1072 1177 1152 credibile
1202 1077 1312 1157 itaque
1335 1074 1430 1139 verba
1454 1095 1534 1159 qnae
1558 1082 1634 1139 sunt

440 1183 605 1266 casumque
634 1205 724 1263 super
753 1183 851 1263 ripam
876 1181 988 1262 positis
1018 1177 1101 1256 loeo,
1137 1179 1193 1244 ubi
1229 1201 1313 1243 nuno
1344 1180 1508 1266 leguntur,
1539 1178 1633 1244 nihili

440 1293 533 1363 sunt,
566 1286 642 1350 alibi
673 1307 753 1371 opus
775 1292 824 1351 est
847 1288 887 1349 iis
911 1305 1006 1370 qnam
1031 1287 1181 1349 maxime.
1206 1284 1293 1364 Quae
1317 1306 1391 1350 cnm
1413 1288 1459 1349 ita
1481 1288 1562 1361 sint,
1587 1287 1633 1349 sic

441 1390 550 1456 locum
574 1392 809 1457 restituendum
834 1412 901 1455 esse
921 1409 1047 1454 censeo:
1068 1389 1229 1454 Hannibal
1241 1390 1361 1472 proelio
1380 1390 1535 1453 abstinuit.
1564 1392 1633 1453 Can

433 1498 540 1578 prima
570 1499 654 1582 quies
682 1497 891 1580 silentiumque
921 1497 959 1558 ab
990 1495 1122 1558 hostibus
1147 1497 1229 1579 fuit,
1261 1519 1373 1559 amnem
1403 1497 1479 1559 nodo
1502 1495 1632 1573 traiecit,

440 1603 607 1687 castrisque
629 1626 719 1684 super
743 1603 840 1685 ripam
858 1601 971 1685 positis
994 1601 1132 1686 ratioque
1155 1602 1201 1665 ita
1216 1604 1373 1683 producto,
1398 1608 1432 1664 ut
1454 1623 1481 1666 e.
1495 1623 1525 1687 q.
1539 1622 1562 1666 e.

487 1819 575 1884 XXI.
609 1819 691 1884 6.4:
726 1820 898 1884 Hannibali
930 1819 1158 1896 denuntiarent,
1190 1827 1225 1882 nt
1256 1820 1293 1882 ab
1324 1819 1512 1900 Sapuntinis,
1543 1821 1633 1884 sociis

433 1927 546 2008 popuii
576 1927 719 2002 Romani,
749 1927 920 2002 abstineret,
956 1933 984 1988 et
1013 1925 1220 2005 Cortdopinem
1251 1925 1283 1987 in
1308 1926 1449 2008 Africam
1472 1926 1633 1990 traicerent

440 2055 477 2094 aa
500 2032 643 2095 sociorum
660 2033 772 2114 popuii
795 2032 925 2094 Romani
949 2030 1149 2116 querimoniae
1173 2032 1337 2114 deferrent.

486 2137 647 2203 vocabula
670 2139 704 2201 in
726 2137 868 2221 elfricum
891 2135 999 2201 addita
1022 2157 1089 2200 esse
1109 2136 1259 2200 videntur
1277 2136 1316 2200 ab
1335 2137 1480 2213 homine,
1501 2158 1540 2200 ne
1559 2139 1632 2222 quis

440 2244 479 2308 de
511 2241 707 2329 Carthagine
738 2263 821 2307 nova
852 2245 1028 2328 cogitaret,
1060 2248 1241 2317 metuente,
1273 2262 1347 2305 cum
1380 2245 1567 2325 praesertim
1597 2245 1631 2306 in

440 2349 552 2415 eodem
577 2351 679 2433 eapite
704 2348 780 2412 haec
803 2351 885 2412 sint:
910 2347 1058 2431 depatique
1181 2347 1342 2427 Sapuntum
1366 2349 1409 2409 od
1430 2346 1632 2410 Hannibalem

440 2463 529 2540 atque
550 2456 621 2517 inde
648 2454 867 2536 Cartdapr'nem,
892 2453 921 2515 si
943 2475 1002 2515 non
1025 2452 1224 2515 abstineretur
1247 2452 1333 2529 teilo,
1357 2453 1400 2514 ad
1415 2453 1515 2515 ducem
1534 2452 1631 2534 ipsum

439 2562 472 2623 in
491 2583 619 2643 pomam
636 2558 776 2643 foederis
799 2558 883 2639 rupti
907 2559 1128 2639 deposcendum.

486 2777 574 2842 XXI.
600 2776 729 2843 2812:
762 2776 897 2838 cecidere
928 2776 1015 2838 etiam
1039 2774 1205 2838 saevienter
1228 2775 1350 2859 quidam
1372 2776 1405 2839 in
1421 2778 1556 2859 flumem
1578 2780 1633 2841 sed

433 2886 568 2965 peredere
590 2884 655 2965 apso
678 2881 801 2945 stabiles
824 2881 948 2944 deiectis
971 2879 1132 2944 rectoribus
1151 2882 1329 2964 quaerendis
1341 2883 1526 2962 pedetentim
1544 2884 1631 2947 cadis

439 2991 472 3053 in
497 2998 605 3053 terram
630 3010 757 3053 evasere.

485 3093 587 3158 Verba
604 3093 726 3156 daneta
744 3092 905 3155 rectoribus
925 3112 988 3155 non
1006 3111 1103 3154 suum
1121 3089 1230 3155 locum
1250 3091 1393 3158 obtinere
1405 3100 1498 3179 puto,
1511 3098 1630 3180 quippe

437 3220 519 3285 quae
549 3202 595 3263 ita
626 3197 757 3283 qnidam
788 3200 892 3281 posita
923 3199 1011 3261 omni
1034 3216 1128 3260 sensu
1153 3216 1241 3261 cassa
1263 3197 1442 3263 videantur.
1465 3200 1589 3286 Nempe
1613 3222 1630 3266 e

433 3304 573 3369 lectione
608 3304 727 3369 tradita
759 3302 897 3368 effeceris
928 3308 985 3366 aut
1015 3300 1202 3385 elephantos
1232 3301 1311 3367 alias
1342 3302 1472 3369 stabiles
1504 3328 1572 3371 esse
1603 3310 1630 3370 si

436 3412 590 3476 haberent
620 3415 774 3485 rectores,
806 3413 883 3472 tuno
914 3428 989 3472 vero
1012 3407 1151 3491 pondere
1174 3409 1261 3491 ipsa,
1285 3414 1342 3472 aut
1366 3407 1476 3475 beluas
1499 3411 1630 3476 deiectis

435 3515 612 3581 rectoribus
643 3514 860 3599 pedententim
892 3512 974 3576 vada
1006 3514 1217 3596 quaesivisse,
1249 3534 1324 3577 aum
1353 3515 1528 3581 rectoribus
1554 3519 1630 3581 insi-

435 3621 585 3686 dentibus
609 3620 729 3685 flumen
753 3621 872 3703 raptim
895 3638 1078 3703 percurrere
1101 3617 1251 3683 solerent.
1282 3622 1326 3682 ht
1349 3620 1510 3686 referenda
1533 3622 1631 3687 verba

435 3733 514 3791 sunt
543 3727 582 3792 ad
613 3727 824 3801 sententiam,
857 3743 937 3809 quae
969 3726 1115 3808 proxime
1147 3724 1322 3801 antecedit,
1347 3745 1423 3789 nam
1447 3726 1630 3793 deiecerunt

435 3838 576 3898 rectores
599 3852 653 3905 eo,
678 3829 763 3915 quod
786 3828 987 3905 saeviebant,
1013 3827 1064 3893 vel
1086 3849 1141 3905 eo,
1165 3829 1250 3913 qnod
1272 3831 1336 3914 ipsi
1355 3833 1389 3894 in
1408 3830 1528 3897 flumen
1549 3836 1630 3898 exai-

436 3938 555 4003 debant
584 3957 601 4002 e
631 3941 697 4000 rate
729 3933 911 4019 elephanti,
936 3955 1037 4017 neque
1061 3933 1174 3998 dubito
1198 3936 1276 4019 quin
1298 3937 1345 3999 ita
1368 3938 1464 4001 verba
1488 3943 1630 4023 transpa

435 4041 541 4107 nenda
571 4043 651 4106 sint:
684 4040 818 4104 excidere
848 4039 938 4103 etiam
968 4040 1131 4103 saeuientes
1161 4040 1283 4124 quidam
1312 4040 1346 4103 in
1368 4043 1483 4124 flumen
1506 4044 1630 4107 deiectis

431 4146 616 4222 rectoribus,
640 4148 694 4209 sed
710 4146 844 4227 pondere
867 4143 932 4226 ipso
955 4144 1078 4208 stabiles
1098 4144 1276 4228 quaerendis
1289 4145 1472 4226 pedetentim
1491 4148 1578 4211 vadis
1596 4150 1629 4212 in

431 4259 548 4316 meram
572 4273 697 4316 euasere.

484 4452 572 4518 XXI.
598 4451 705 4517 34.1:
738 4452 781 4515 ibi
812 4473 871 4515 uon
901 4452 977 4515 cern
1008 4460 1129 4535 aperto,
1154 4454 1207 4516 sed
1229 4454 1292 4517 suis
1314 4454 1439 4532 artibus,
1456 4457 1577 4541 fraude
1600 4466 1628 4521 et

430 4558 569 4635 insidiis,
600 4565 644 4622 est
667 4580 765 4639 prope
794 4557 1017 4621 decumoentns.
1042 4580 1145 4637 mapno
1168 4565 1243 4622 natu
1260 4559 1419 4641 principes
1440 4562 1629 4626 castellorum

433 4670 569 4728 oratores
599 4666 640 4726 ad
671 4663 800 4727 Poenum
832 4664 965 4739 ueniunt,
997 4663 1106 4725 alienis
1135 4663 1232 4747 malis,
1264 4664 1338 4727 utili
1366 4667 1505 4748 eaempto,
1530 4670 1629 4732 doctos

433 4780 628 4832 memorantes
651 4769 814 4832 amicitiam
836 4768 927 4832 malle
949 4790 1036 4852 quam
1060 4769 1118 4831 aim
1142 4770 1275 4851 eaperiri
1297 4770 1472 4836 Pomorum.
