4525 5950
536 685 580 750 42
1060 700 1193 749 sauses.

579 868 617 933 ln
647 866 769 933 nullius
801 888 855 932 ore
879 867 956 931 baec
979 869 1085 953 magis
1109 869 1191 930 mira
1215 866 1317 931 videri
1341 840 1595 952 possuntquam
1620 869 1654 930 in
1678 888 1730 932 ore

534 975 686 1052 Senecae,
718 977 774 1059 qni
804 977 873 1059 ipse
903 973 1005 1038 facere
1035 971 1117 1038 solet
1148 972 1233 1058 qnod
1263 994 1347 1037 nunc
1378 976 1497 1037 metuit
1521 995 1560 1037 ne
1583 971 1730 1038 Lucilius

535 1082 677 1145 iacturas
706 1083 767 1144 sit:
800 1082 948 1164 quotiens
978 1082 1065 1144 enim
1096 1079 1149 1144 bic
1179 1082 1210 1144 ei
1234 1081 1434 1164 quaestiones
1457 1082 1625 1164 proponit,
1649 1099 1730 1164 quae

535 1209 598 1252 non
617 1187 656 1251 ad
677 1207 804 1252 morum
825 1189 1053 1252 correctionem
1073 1187 1208 1264 faciant,
1229 1206 1281 1250 eas
1301 1185 1425 1251 solvere
1437 1185 1567 1271 quidem
1581 1192 1731 1271 temptat,

533 1293 588 1358 sed
620 1295 668 1357 ita
702 1302 740 1357 ut
770 1313 864 1377 saepe
887 1295 929 1372 ,in
960 1292 1022 1357 fine
1052 1291 1208 1376 epistulae
1241 1290 1365 1356 Lucilio
1396 1293 1527 1357 obiiciat
1558 1292 1645 1376 quod
1669 1314 1731 1356 non

533 1402 642 1484 potius
672 1420 710 1464 ea
742 1399 983 1476 tantummodo,
1015 1419 1096 1483 quae
1127 1398 1168 1463 ad
1199 1418 1302 1462 mores
1334 1405 1495 1484 spectent,
1527 1410 1620 1463 curet
1651 1397 1729 1476 (vid.

533 1526 607 1590 eg.
631 1525 681 1589 ep.
706 1502 767 1582 48;
794 1502 901 1583 85,1;
929 1503 1010 1580 1063
1037 1502 1119 1582 113;
1149 1503 1243 1582 117);
1269 1510 1302 1568 at
1327 1525 1429 1584 nunc,
1452 1512 1489 1568 nt
1511 1503 1544 1569 S.
1565 1510 1730 1589 expectat,

533 1609 678 1675 Lucilius
709 1610 845 1693 litigatis
873 1621 905 1675 et
928 1611 1087 1689 iteramss)
1111 1610 1305 1674 exclamabit:
1331 1612 1405 1686 „hoc
1428 1610 1504 1694 quid
1524 1613 1567 1673 cd
1590 1609 1730 1673 moree?”

532 1716 732 1801 Quapropter
751 1719 890 1801 suspicio
910 1716 1065 1801 quaedam
1089 1718 1171 1780 mihi
1194 1723 1305 1781 exorta
1327 1724 1393 1792 est,
1418 1737 1515 1801 quarn
1539 1724 1649 1781 tamen
1675 1719 1730 1780 vix

530 1827 564 1887 in
595 1822 739 1887 medinm
770 1823 910 1907 proferre
933 1823 1052 1888 audeo:
1078 1830 1223 1907 potestne
1249 1823 1316 1887 tieri
1341 1830 1379 1885 ut
1402 1823 1478 1887 haec
1502 1821 1644 1906 epistula
1670 1843 1730 1886 non

532 1928 668 1993 Senecae
698 1928 738 1993 ad
768 1927 949 2004 Lucilium,
982 1929 1036 1994 sed
1059 1928 1178 1994 Lucilii
1201 1928 1241 1992 ed
1264 1928 1416 1994 Senecam
1439 1929 1571 1993 inscribi
1594 1924 1731 1993 debeat?

533 2033 586 2099 Sic
617 2036 703 2098 enim
733 2037 865 2099 initium
888 2035 967 2100 bene
990 2057 1023 2100 se
1047 2036 1152 2100 habet.
1177 2034 1252 2099 Huc
1275 2035 1355 2100 duae
1379 2034 1460 2099 aliae
1485 2056 1534 2099 res
1558 2033 1730 2099 accedunt:

537 2143 681 2226 primum
712 2140 797 2225 quod
827 2140 931 2206 multo
961 2145 1067 2226 aptius
1091 2140 1236 2206 Lucilius
1260 2145 1486 2206 auctoritatem
1510 2140 1679 2206 Posidonii
1702 2146 1734 2204 et

538 2245 722 2311 Archidami
746 2248 893 2312 invocare
916 2268 1007 2332 posse
1031 2247 1160 2312 videtur
1183 2268 1279 2332 quam
1303 2246 1437 2311 Seneca:
1462 2246 1612 2331 discipuli
1633 2249 1732 2322 enim,

536 2372 599 2416 non
630 2355 779 2439 magistri
810 2360 857 2418 est
888 2374 1082 2440 magnorum
1113 2352 1377 2441 pbilosophorum
1401 2357 1531 2419 nomina
1554 2374 1733 2418 memorare

538 2466 576 2522 ut
607 2458 752 2524 ostendat
776 2480 812 2524 ea
836 2481 916 2545 quae
940 2468 1072 2545 quaerat
1095 2482 1134 2525 ne
1158 2462 1198 2523 iis
1222 2460 1352 2545 quidem
1376 2460 1483 2524 studio
1506 2460 1640 2546 indigna
1664 2463 1734 2525 visa

538 2585 620 2629 esse:
658 2564 770 2630 deinde
805 2565 888 2650 quod
920 2565 1001 2650 §ta
1033 2566 1071 2630 de
1103 2566 1261 2649 prioribus
1294 2563 1441 2649 epistulis
1473 2585 1577 2629 sermo
1608 2571 1676 2643 est,
1701 2568 1733 2629 in

538 2670 655 2754 quibus
684 2678 850 2735 narratum
880 2680 947 2736 erat
971 2681 1078 2736 tenera
1101 2692 1226 2756 quoque
1250 2671 1402 2737 animalia
1425 2674 1536 2735 statim
1559 2677 1732 2755 postquam

537 2784 611 2840 nata
643 2783 735 2853 sunt,
766 2777 846 2842 bene
877 2781 957 2842 scire
987 2777 1065 2862 quid
1097 2778 1159 2841 sibi
1181 2777 1335 2841 infestum
1360 2780 1418 2852 sit;
1443 2776 1627 2841 cuiusmodi
1651 2775 1733 2840 nihil

536 2884 568 2945 in
589 2882 846 2947 antecedentibus
866 2882 1013 2968 epistulis
1033 2886 1198 2948 invenitur
1212 2881 1254 2960 ¹);
1276 2883 1358 2968 quod
1379 2889 1609 2968 argumentum
1623 2903 1732 2967 quam·

537 3008 633 3072 quam
657 2989 753 3073 probe
776 2993 840 3053 scio
863 3012 922 3055 non
949 2989 1149 3075 permultum
1173 2990 1295 3072 valere,
1321 2993 1395 3075 quia
1426 2993 1460 3053 in
1487 2992 1608 3076 viginti
1639 2990 1732 3055 libris

482 3156 485 3162 .
537 3097 593 3180 qui
624 3096 714 3160 nobis
745 3099 864 3161 servati
895 3104 970 3161 sunt
1002 3097 1107 3161 mult-a
1138 3101 1269 3162 interire
1300 3103 1494 3182 potuerunt,
1526 3105 1635 3161 tamen
1669 3118 1731 3161 non

537 3203 623 3266 omni
654 3202 792 3286 pondere
820 3205 854 3266 in
884 3203 943 3268 hac
975 3206 1160 3287 quaestione
1192 3210 1287 3267 caret.
1320 3202 1385 3268 Nec
1416 3223 1533 3267 nomen
1557 3201 1677 3267 Lucilii
1699 3205 1731 3266 in

536 3307 595 3371 hac
626 3307 762 3391 epistula
786 3329 923 3393 usquam
947 3308 1013 3395 legi
1037 3310 1244 3373 observatum
1268 3308 1386 3385 velim,
1411 3329 1608 3395 quamquam
1631 3312 1730 3373 etiarn

537 3432 555 3476 a
578 3411 737 3497 plerisque
760 3413 831 3478 aliis
854 3415 952 3479 abest.

583 3517 673 3598 Quod
704 3519 742 3583 ad
773 3520 929 3585 scribendi
959 3521 1090 3585 modum
1114 3524 1247 3597 attinet,
1272 3542 1334 3584 non
1358 3542 1441 3606 nego
1464 3521 1551 3585 hunc
1573 3520 1732 3585 eiusmodi

536 3645 603 3688 esse
634 3631 671 3688 ut
702 3623 783 3689 nihil
806 3629 884 3690 insit
907 3626 992 3711 quod
1016 3647 1079 3690 non
1103 3647 1121 3690 a
1145 3625 1262 3690 Seneca
1286 3629 1331 3690 sic
1355 3626 1418 3691 dici
1442 3629 1601 3710 pot.uerit;
1627 3630 1730 3690 immo

534 3729 670 3795 libenter
692 3732 826 3797 concedo
850 3754 925 3798 eum
950 3731 1043 3818 plane
1066 3732 1202 3797 Sensum
1227 3739 1339 3817 aptum
1364 3732 1477 3797 videri.
1502 3732 1564 3797 Sed
1584 3733 1642 3798 hoc
1662 3732 1730 3798 loco

537 3859 712 3903 memorare
747 3840 828 3902 mihi
860 3838 954 3904 liceat
986 3860 1066 3924 quae
1098 3836 1138 3903 G.
1172 3838 1311 3902 Boissier
1340 3841 1468 3922 scripsit
1498 3841 1530 3902 in
1554 3837 1637 3903 libro
1664 3838 1729 3915 „La

534 3943 672 4030 religion
708 3945 871 4010 romaine”
907 3944 938 4009 II
968 3967 998 4029 p.
1024 3942 1078 4019 43,
1114 3945 1170 4007 ubi
1200 3946 1269 4028 agit
1301 3944 1338 4008 de
1367 3943 1484 4008 litteris
1515 3943 1625 4009 Sereni
1649 3964 1729 4028 quae

535 4049 702 4135 dialogum
735 4051 772 4114 de
806 4053 905 4114 arrimi
937 4048 1173 4134 tranquillitate
1204 4050 1414 4134 praecedunt:
1449 4049 1498 4126 „ll
1530 4057 1577 4114 est
1601 4057 1730 4115 sunt-out

534 4176 596 4219 une
628 4155 779 4220 reflexion
810 4157 905 4241 qu'on
930 4177 968 4220 ne
993 4163 1070 4240 peut
1094 4155 1290 4239 s’empdcher
1314 4156 1351 4220 de
1376 4156 1470 4231 faire,
1496 4155 1601 4239 quand
1626 4177 1667 4219 on
1691 4154 1731 4218 lit

534 4261 564 4327 le
588 4263 680 4326 traite
705 4262 743 4327 de
767 4262 909 4346 Senaque
932 4270 964 4325 et
987 4261 1018 4327 la
1041 4260 1137 4326 lettre
1161 4265 1216 4346 qui
1239 4261 1268 4326 le
1292 4262 1440 4346 precede:
1467 4284 1506 4326 on
1530 4285 1552 4348 y
1576 4265 1645 4326 voit
1669 4282 1731 4345 que

536 4367 673 4433 Serenus
696 4390 714 4433 a
738 4369 810 4432 subi
834 4370 1044 4433 entieremsnt
1067 4368 1269 4453 l'empreinte
1294 4369 1336 4432 du
1361 4371 1485 4432 mettre.
1510 4368 1538 4432 11
1558 4368 1731 4452 s'exprime

539 4496 663 4539 comme
696 4474 761 4551 lui,
794 4473 818 4537 il
849 4473 1016 4538 recherche
1046 4472 1092 4538 les
1124 4477 1216 4538 traits
1248 4474 1307 4538 fins
1332 4482 1364 4538 et
1388 4478 1539 4558 piquants
1562 4482 1676 4560 (noyez
1699 4471 1732 4537 la

572 4659 597 4719 l)
621 4658 691 4721 Quod
716 4655 821 4704 Hessius
845 4671 880 4718 ep
909 4656 989 4711 loss
1012 4655 1058 4703 huc
1075 4659 1143 4703 vocat
1162 4659 1188 4703 ut
1205 4656 1313 4703 ostendat
1331 4656 1400 4720 plura
1421 4655 1490 4703 hodie
1509 4655 1653 4713 desiderari,
1670 4655 1731 4703 mibi

534 4740 588 4787 ideo
606 4753 652 4786 non
672 4738 751 4801 magni
770 4736 884 4785 momenti
903 4736 1007 4794 videtur,
1025 4738 1088 4800 quod
1106 4736 1138 4785 ibi
1156 4741 1280 4785 contextus
1297 4742 1363 4785 totus
1381 4753 1427 4785 nou
1445 4753 1516 4785 senus
1534 4737 1641 4793 videtnr;
1667 4735 1731 4783 Has·

535 4822 584 4870 sius
601 4836 622 4869 e.
631 4837 652 4883 g.
672 4821 697 4869 in
717 4822 762 4868 tine
779 4819 941 4884 praecedentis
958 4819 1074 4883 epistulae
1092 4819 1199 4867 lacunam
1216 4820 1260 4867 sibi
1279 4820 1373 4868 videtur
1390 4820 1572 4883 deprehendere.
