4525 5950
538 673 601 737 104
897 691 940 736 au
964 688 1195 736 tarenoruanrs
1217 690 1356 736 unsrun.

533 878 635 942 neque
662 858 822 940 primurn,
854 855 909 919 sed
933 858 1065 919 tertium
1091 855 1267 939 quendam,
1293 858 1397 920 nescio
1420 855 1545 939 quando
1570 858 1630 920 aut
1656 876 1730 938 quo-

533 963 628 1027 modo
652 982 755 1046 quove
779 960 908 1025 consilio
931 983 969 1025 ex
993 968 1128 1046 utraque
1152 961 1289 1025 editione
1313 964 1537 1026 concinnatum
1554 959 1589 1039 ¹).

577 1066 765 1133 Cuiusmodi
796 1070 960 1151 opiniones
992 1070 1080 1130 omni
1102 1066 1312 1131 fundamento
1335 1074 1411 1131 sunt
1430 1067 1618 1132 destitutae.
1646 1065 1726 1131 Nem

532 1181 616 1239 recte
637 1173 841 1238 observatum
863 1179 928 1248 est,
948 1176 1032 1237 inter
1051 1179 1161 1235 veteres
1181 1181 1264 1237 certe
1284 1172 1412 1236 nullum
1433 1194 1500 1237 esse
1520 1175 1578 1258 qui
1590 1172 1726 1238 alteram

532 1279 674 1344 fabulam
699 1279 831 1343 alterius
855 1278 1014 1350 deasceato
1040 1277 1250 1362 appellaverit
1263 1276 1298 1356 ²),
1319 1283 1495 1343 etcertum
1515 1277 1726 1343 estsabulam

530 1387 640 1463 illam,
666 1407 760 1471 quam
787 1407 867 1449 anno
891 1384 957 1449 408
980 1406 1089 1449 scenae
1110 1387 1313 1449 commissam
1330 1385 1516 1469 perhibent,
1539 1383 1624 1449 nihil
1644 1405 1727 1470 pree

531 1501 580 1557 ter
614 1513 728 1556 nomen
764 1494 906 1576 potuisse
937 1491 1051 1555 habore
1083 1511 1252 1555 commune
1281 1512 1355 1555 cum
1387 1512 1423 1555 eo
1455 1512 1551 1576 quem
1576 1493 1728 1556 novimus

532 1599 639 1662 Pluto.
675 1598 710 1662 In
747 1597 857 1662 eodem
894 1601 1085 1680 argumento
1120 1595 1192 1680 plus
1223 1595 1322 1660 semel
1352 1599 1474 1661 versari
1505 1602 1599 1681 poeta
1624 1597 1729 1681 potuit

532 1726 621 1782 saue;
659 1707 764 1788 potuit
799 1706 895 1768 etiam
933 1702 1010 1767 duas
1046 1722 1161 1785 easque
1193 1701 1426 1766 diversissimas
1457 1701 1583 1766 tabulas
1618 1701 1727 1767 eodem

530 1814 659 1875 nomine
691 1809 858 1894 designare
868 1829 875 1885 ;
910 1846 951 1856 -
985 1828 1179 1893 quamquam
1212 1807 1330 1871 frustra
1361 1810 1533 1892 quaesierit
1565 1810 1727 1892 quispiam

532 1939 587 1982 cur
619 1915 760 1980 obsoleto
790 1918 918 1979 nomine
942 1916 1044 1979 denuo
1068 1917 1117 1977 uti
1141 1935 1237 1998 quem
1261 1936 1382 1979 novum
1408 1935 1510 1979 novae
1533 1913 1662 1979 fabulae
1686 1917 1728 1977 in-

532 2024 668 2086 scribere
700 2020 869 2097 maluerit,
902 2057 944 2069 -
978 2021 1032 2084 sed
1065 2025 1198 2104 potuere
1231 2026 1315 2085 certe
1346 2021 1422 2084 haec
1453 2019 1540 2096 fieri,
1574 2025 1614 2083 ut
1645 2020 1727 2083 dixi:

535 2166 576 2178 -
592 2164 633 2176 -
658 2149 717 2190 aon
741 2130 847 2211 potnit
871 2149 907 2191 eo
932 2129 1017 2190 vitae
1041 2133 1201 2210 tempore,
1232 2129 1285 2190 cui
1309 2125 1488 2212 Lysistrata
1511 2124 1729 2211 Thesmopho

531 2238 671 2299 rianusae
708 2232 812 2297 Ranae
848 2232 1012 2307 debentur,
1045 2231 1181 2296 scribere
1212 2231 1351 2296 tabulam
1385 2252 1465 2317 quae
1496 2243 1607 2297 nostro
1632 2231 1729 2296 Pluto

532 2340 639 2424 aliqua
662 2360 700 2403 ex
724 2344 812 2422 parte
837 2344 919 2402 esset
943 2336 1069 2401 similis.

579 2445 662 2508 Nem
687 2443 808 2520 fabula,
834 2464 913 2528 quae
938 2444 977 2507 ad
996 2465 1053 2507 nos
1073 2446 1234 2527 pervenit,
1255 2464 1324 2507 eam
1346 2449 1501 2520 aetatem,
1522 2464 1625 2528 quam
1638 2448 1730 2508 vetus

533 2554 772 2637 Argumentum
794 2571 833 2614 ex
853 2551 1042 2613 auctoritate
1063 2555 1121 2612 τῶν
1143 2550 1358 2613 nitescente
1378 2553 1407 2614 ei
1426 2550 1557 2626 tribuit,
1579 2553 1615 2613 in
1628 2551 1730 2615 fronte

533 2660 620 2744 gerit
651 2659 896 2740 apertissimam.
927 2656 1019 2718 Anno
1045 2654 1110 2719 389
1135 2659 1304 2740 scriptam,
1330 2676 1412 2720 anuo
1436 2654 1502 2719 388
1526 2658 1662 2721 ineunte
1686 2677 1732 2720 ao·

532 2770 598 2827 tam
625 2782 691 2826 esse
715 2782 789 2825 cum
812 2782 861 2824 res
884 2768 956 2824 tum
982 2761 1075 2825 verba
1098 2764 1218 2845 passim
1242 2760 1423 2825 luculenter
1442 2767 1615 2827 testantur.
1641 2761 1732 2826 Nihil

532 2871 616 2932 inest
648 2867 731 2951 quod
763 2888 823 2930 non
848 2869 990 2950 potuerit
1012 2864 1070 2929 illo
1095 2886 1175 2930 anno
1200 2866 1311 2942 scribi,
1336 2887 1438 2951 pauca
1461 2887 1542 2951 queo
1566 2871 1731 2952 potuerint

534 2977 622 3060 prius
654 2972 766 3048 scribi,
798 2971 940 3056 plurime
971 2993 1044 3036 vero
1074 2993 1154 3056 quee
1179 2976 1287 3058 ipsum
1312 2971 1393 3037 illud
1416 2981 1545 3059 tempus
1568 2975 1730 3052 indicant,

534 3078 675 3164 plurima
706 3099 785 3162 quae
814 3077 1105 3142 Ecclesiazusarum
1130 3078 1255 3142 subulae
1278 3099 1379 3162 nuper
1403 3098 1512 3142 scenae
1538 3075 1748 3144 commissae

534 3186 728 3248 artissimam
753 3186 976 3269 cognationem
1001 3190 1168 3247 testantur.
1193 3183 1390 3248 senescentis
1414 3190 1524 3248 autem
1549 3192 1666 3268 poetae
1686 3190 1732 3250 est

533 3296 640 3354 totum
672 3310 769 3373 opus,
800 3296 831 3352 et
862 3292 969 3373 ipsum
993 3296 1241 3372 argumentum,
1266 3290 1349 3374 quod
1374 3295 1423 3353 est
1446 3289 1485 3353 de
1509 3289 1639 3355 divitiis
1664 3294 1732 3355 sive

534 3395 719 3479 spernendis
742 3397 811 3459 sive
835 3394 1038 3479 appetendis,
1063 3432 1101 3442 -
1124 3400 1281 3479 quatenus
1305 3395 1435 3480 quidem
1458 3397 1492 3459 in
1515 3401 1604 3461 certo
1625 3396 1732 3480 aliquo

538 3596 732 3605 -—-—-—-

571 3734 598 3795 l)
621 3732 660 3780 Sic
686 3731 791 3788 Potitus,
821 3732 915 3785 ltueter,
940 3728 1051 3786 Brunck‚
1075 3729 1211 3786 Brentano,
1234 3728 1284 3777 elii.
1309 3729 1344 3777 ad
1365 3744 1436 3793 quam
1459 3728 1600 3793 opinionem
1620 3733 1732 3781 tuendam

534 3815 625 3863 trustra
647 3813 724 3860 critici
752 3811 906 3875 protulerunt
930 3810 1084 3872 (bremylum
1108 3826 1192 3874 parum
1210 3814 1286 3858 —ut
1310 3811 1347 3858 illi
1365 3810 1545 3860 arbitrabantur
1563 3840 1597 3858 .-
1616 3814 1663 3864 sibi
1680 3831 1733 3863 eon·

534 3900 646 3945 stentem.
668 3893 770 3942 Nullum
789 3893 851 3941 enim
871 3893 984 3940 eiusmodi
1003 3893 1088 3940 vitium
1106 3892 1198 3940 fabulae
1216 3896 1309 3941 nostrae
1326 3892 1403 3941 inesse
1420 3893 1551 3942 ostendisse
1568 3895 1632 3944 mihi
1651 3898 1732 3945 videor

535 3977 583 4026 vol.
602 3977 677 4040 prior.
695 3991 746 4039 pag.
766 3974 859 4037 tranq.

571 4059 596 4117 2)
617 4058 704 4105 Ritteri
728 4057 785 4104 baec
806 4061 861 4104 sunt
886 4055 964 4103 verba,
989 4057 1142 4119 Quapropter
1164 4055 1239 4103 miror
1261 4055 1414 4119 Blnydesium
1438 4072 1501 4105 anno
1526 4059 1593 4107 lesa
1611 4059 1637 4108 in
1657 4060 1733 4109 ironis

535 4140 649 4190 editionis
666 4140 732 4187 Pluti
751 4143 874 4203 postquam
893 4137 1008 4186 obsoletas
1024 4138 1136 4200 quasdam
1153 4141 1260 4186 veterum
1275 4138 1393 4187 editorum
1408 4137 1586 4189 observationes
1601 4140 1734 4205 αὖτολεξεὶ

535 4222 661 4287 repetivit,
688 4222 745 4269 haec
768 4221 796 4267 de
820 4235 862 4267 suo
886 4220 1024 4267 addentem:
1052 4218 1144 4266 debota
1166 4235 1236 4281 quarn
1261 4220 1331 4267 hodie
1354 4220 1499 4283 possidemus
1524 4218 1648 4280 διασκενῆ
1667 4225 1687 4287 (i
1714 4240 1732 4271 e.

534 4304 640 4353 recensio
657 4304 706 4351 siva
724 4302 800 4350 altere
818 4302 906 4357 editio,
924 4301 1021 4363 Anglice
1038 4318 1053 4348 a
1072 4301 1267 4363 resarhs'onment)
1285 4302 1372 4365 prioris
1389 4300 1482 4350 tabulae
1500 4303 1564 4351 est”.

571 4385 686 4434 Necnon
704 4401 717 4432 e
735 4384 814 4431 verbis
833 4382 975 4431 Bernhardii
993 4382 1017 4430 in
1037 4384 1147 4431 Historia
1165 4384 1312 4432 Litterarum
1330 4383 1478 4433 Graecarum
1501 4412 1527 4421 -
1547 4386 1596 4435 siri
1615 4387 1731 4451 ingeniosi

534 4468 643 4533 protecto
668 4471 691 4514 et
717 4465 780 4513 acuti
799 4492 830 4500 -
848 4467 946 4527 apparet
969 4479 1040 4526 quam
1062 4480 1131 4527 aegre
1154 4464 1178 4512 iu
1200 4464 1335 4514 libertatem
1354 4481 1396 4514 nos
1412 4482 1545 4515 asseramus
1562 4468 1593 4516 ab
1611 4469 1732 4518 erroribus

533 4549 689 4599 inveteratis:
718 4549 785 4595 tures
807 4545 924 4609 expellas,
948 4550 1026 4594 tumen
1050 4563 1122 4609 usque
1146 4551 1278 4596 recurrunt.
1298 4548 1346 4612 Qui
1364 4552 1489 4612 postquam
1505 4550 1642 4614 prudenter
1659 4552 1733 4601 obser·

536 4632 602 4681 ravit
632 4629 695 4678 Pluti
720 4628 812 4676 tabulae
836 4630 1002 4688 argumentum
1026 4632 1050 4676 et
1074 4629 1269 4692 compositionem
1291 4646 1318 4677 ex
1343 4629 1512 4679 scammuse
1534 4647 1586 4680 esse
1610 4634 1731 4691 desumts,

536 4729 590 4761 mox
613 4712 658 4760 sibi
682 4710 806 4758 oblocutus
829 4706 959 4763 διασκευὴν
982 4724 1033 4757 enm
1052 4715 1118 4758 vocnt
1136 4709 1228 4758 tabulae
1245 4719 1299 4759 ante
1315 4714 1418 4772 quatuor
1436 4711 1513 4760 lustra
1530 4713 1637 4779 scriptae
1655 4715 1732 4775 (mine

537 4791 742 4856 Uebernrbeituug
759 4789 879 4838 desselben
895 4788 1032 4852 Themas'').
