4525 5950
888 703 929 751 nn
951 703 1026 750 suan
1049 701 1190 749 aonlno.
1587 677 1629 746 87

439 869 581 955 remiges
600 889 660 933 non
680 867 854 934 liberasset.
875 866 1152 935 Commemoratur
1171 865 1477 952 praetereafiduoiae
1489 865 1631 933 venditio

439 974 526 1060 apud
550 974 682 1061 Lysiam
706 974 798 1040 XVII
822 977 839 1060 5
859 973 877 1041 7
901 982 934 1040 et
955 975 1001 1039 ibi
1025 994 1152 1059 quoque
1173 973 1411 1038 demonstratur
1433 972 1630 1058 superfluum

439 1081 638 1147 reddendum
668 1102 736 1147 esse
766 1083 817 1146 his
846 1082 969 1146 verbis:
1000 1082 1025 1144 εἰ
1060 1080 1195 1151 τλιθονος
1226 1078 1303 1157 ἄξιοὶ
1327 1079 1445 1155 έστινῆ
1469 1079 1630 1156 τοσούτου,

439 1186 711 1266 ἀποκηρυχθέντων
736 1189 770 1251 τὸ
794 1189 929 1267 τερριτὸν
954 1189 971 1260 θ
992 1186 1082 1258 τθλις
1098 1185 1121 1266 ¹)
1140 1188 1288 1264 λήψεται.
1312 1185 1483 1251 Dubitevit
1501 1185 1631 1270 quidem

441 1294 482 1360 de
512 1315 549 1359 ea
579 1315 612 1358 re
639 1293 801 1380 Hitzig²),
829 1279 996 1379 utiturque
1027 1314 1084 1379 pro
1116 1296 1272 1358 contrarie
1302 1295 1459 1358 sententia
1485 1291 1632 1358 Onetoris

440 1400 527 1484 apud
558 1399 806 1465 Demosthenem
820 1399 846 1479 3)
877 1421 1036 1477 sermone,
1067 1400 1129 1464 sibi
1152 1399 1293 1464 docentis
1316 1399 1482 1484 praedium
1506 1398 1544 1464 de
1567 1419 1631 1483 qno

440 1513 559 1592 agatur
589 1527 646 1591 pro
677 1505 796 1572 talento
824 1505 1003 1594 obligatum
1027 1527 1111 1582 esse,
1138 1505 1192 1570 sed
1214 1504 1423 1592 nihilomagis
1446 1526 1480 1570 se
1502 1505 1632 1591 quidem

440 1615 650 1691 οὶτοστερεῖ(ν)
681 1611 947 1690 Demosthenem,
978 1608 1035 1691 θσρι
1068 1612 1204 1680 rhetores
1239 1609 1324 1685 θξιθν
1359 1613 1424 1675 έστι
1461 1611 1632 1688 euaderet,

440 1719 582 1795 seilicet,
606 1719 690 1804 qnod
714 1725 859 1785 teneatur
882 1720 921 1785 ad
945 1718 1143 1805 superfluum
1166 1717 1362 1783 reddendum
1375 1715 1412 1796 4).
1444 1717 1555 1804 Itaque
1579 1718 1631 1783 hio

440 1828 534 1891 testis
553 1833 753 1891 evocatorem
773 1830 823 1891 sni
842 1825 936 1892 laesit
948 1826 985 1905 ⁵).
1007 1826 1096 1891 Licet
1115 1831 1223 1891 autem
1244 1824 1283 1890 de
1303 1823 1462 1911 superfluo
1475 1831 1630 1903 teneatur,

440 1954 505 1997 non
524 1941 690 2017 propterea
709 1936 853 2018 seqnitur
872 1932 1073 2009 creditorem,
1092 1938 1128 1996 ut
1142 1931 1258 1997 vendat
1269 1930 1430 2008 fiduciam,
1444 1933 1517 2019 cogi
1528 1952 1630 2016 posse,

440 2059 516 2103 nam
546 2061 584 2104 ne
616 2038 760 2104 Romano
790 2039 919 2124 quidem
944 2041 1013 2104 iure
1036 2039 1076 2104 ad
1098 2038 1132 2102 id
1155 2040 1229 2124 eogi
1252 2036 1335 2103 solet
1347 2036 1384 2118 ⁰).
1408 2037 1569 2103 Paetiouis
1592 2038 1631 2104 de

439 2144 607 2211 vendendo
639 2145 823 2231 exemplum
856 2154 1001 2233 superest
1029 2148 1064 2209 in
1087 2144 1270 2233 syngrapho
1294 2144 1439 2211 Laoritea
1454 2142 1498 2225 '):
1522 2147 1575 2209 latr
1599 2145 1631 2210 δὲ

439 2255 486 2327 μὴ
518 2251 677 2328 enatem,
704 2299 802 2317 .....
827 2252 868 2316 τοὶ
901 2252 1086 2329 effoetum
1117 2260 1180 2321 τοῖς
1213 2250 1386 2315 δανείσασιν
1419 2248 1530 2325 ἐξέστω
1563 2252 1633 2316 ὑσο-

439 2361 537 2422 θεῒναι
561 2358 611 2421 καὶ
627 2356 653 2436 ⁸)
677 2358 844 2422 ἀποδόσθαι
869 2365 924 2431 τῆς
948 2358 1144 2437 ὑπαρχούσης
1170 2366 1262 2432 τιμῆς
1276 2355 1313 2438 ⁰),
1333 2378 1410 2444 ergo
1430 2360 1632 2442 permittitur

438 2464 653 2530 oreditoribus
684 2471 740 2530 aut
773 2465 908 2530 vendere
929 2486 1006 2530 vero
1030 2467 1132 2550 pretio
1148 2462 1186 2545 ¹⁰)
1210 2470 1267 2529 aut
1289 2484 1400 2529 rursus
1424 2449 1567 2550 obligare
1581 2462 1630 2544 ¹¹).

439 2569 533 2650 Quod
564 2569 633 2634 fieri
664 2569 811 2636 videmus
843 2573 980 2659 Amorgi
1011 2569 1148 2651 (Miehel
1170 2591 1221 2635 no.
1249 2568 1359 2649 1385),
1391 2590 1492 2655 quum
1515 2572 1631 2636 vendat

440 2678 611 2744 Niceratus
635 2679 668 2741 dt
690 2677 753 2768 alia
775 2678 920 2762 praedia,
945 2679 995 2756 et,
1021 2669 1042 2741 θι
1066 2677 1134 2756 ἔχει
1159 2676 1278 2750 θέμενος
1306 2722 1404 2742 .....
1430 2679 1516 2755 παρὰ
1539 2674 1632 2752 Ἐξά-

441 2783 561 2859 eleros,
582 2779 709 2847 airam
728 2780 765 2862 ¹²)
785 2804 849 2848 nno
868 2785 971 2869 pretio
992 2783 1042 2847 ἔτί
1063 2782 1150 2846 adest
1167 2779 1216 2863 ι1).
1240 2781 1454 2847 Daturetiam
1473 2780 1631 2848 alienandi

440 2896 582 2977 potestas
598 2889 722 2954 deoreto
739 2887 909 2976 Delphioo,
926 2887 1009 2976 qnod
1021 2909 1112 2975 saepe
1123 2887 1329 2954 laudavimus
1340 2887 1476 2967 (Miehel
1487 2909 1537 2954 no.
1551 2887 1631 2969 263)

441 2997 470 3062 Β
494 2995 551 3061 lin.
576 2994 675 3082 23f4:
699 2997 738 3075 (ei
760 2995 792 3060 δέ
812 3019 853 3060 ιια
874 3000 917 3072 μὴ
937 2997 1142 3075 οὶτοθιδῶντι),
1162 3043 1260 3062 .....
1281 2997 1306 3059 ο1
1328 2996 1516 3071 transierat
1532 3044 1629 3062 .....

441 3099 533 3182 ιιθριοι
564 3101 701 3167 ἔστωσαν
733 3101 919 3181 ποθέοντες,
944 3124 983 3168 ex
1006 3103 1181 3168 abundanti
1204 3102 1352 3188 quidem,
1378 3105 1453 3187 quie
1474 3103 1522 3167 ibi
1543 3123 1631 3188 prae-

442 3207 528 3274 eedit
558 3208 611 3274 lex
640 3210 870 3274 commissoria.
902 3208 1016 3274 Exstat
1048 3213 1210 3295 praeterea
1240 3207 1434 3274 venditionis
1464 3229 1503 3274 ex
1538 3216 1631 3295 paeto

443 3314 630 3400 exemplum
648 3317 682 3380 in
703 3336 840 3403 papyro,
860 3317 935 3380 anni
955 3322 1028 3380 ente
1048 3313 1123 3383 Ghr.
1147 3314 1222 3393 114,
1246 3315 1344 3381 Paris.
1363 3314 1383 3379 5
1403 3322 1456 3395 (=
1466 3314 1555 3381 Leid.
1568 3314 1629 3395 Μ),

476 3599 503 3658 1)
522 3598 625 3663 Propter
641 3596 758 3647 bonorum
776 3597 889 3647 debitoris
907 3595 1098 3662 publicationem.

477 3682 505 3745 2)
522 3682 574 3730 Dae
588 3680 677 3744 prisci.
695 3680 799 3744 Psandr.
817 3680 902 3742 (18911)
918 3695 942 3744 p.
960 3680 1000 3728 85.

477 3764 505 3825 8)
523 3762 601 3812 xm
619 3765 630 3824 ς
645 3764 667 3812 θ.

475 3848 504 3911 4)
521 3848 594 3904 Sene,
610 3846 673 3909 quod
691 3845 776 3910 punxit
793 3844 991 3903 Demosthenem,
1009 3841 1120 3893 utebatur
1137 3843 1183 3893 hoe
1196 3859 1304 3894 sermone
1319 3845 1414 3895 Onetor
1427 3853 1505 3904 αντθς
1519 3845 1631 3909 τιμήσας

443 3927 490 3979 adn
507 3927 574 3994 θξισν
589 3923 648 3976 εἶναι
666 3927 785 3984 πλείονος.

475 4013 503 4074 t)
522 4012 573 4059 lam
589 4010 681 4059 notavit
696 4025 801 4058 errorem
816 4008 959 4058 Perdinandi
974 4007 1056 4071 Hitrig
1069 4008 1167 4057 oritieue
1180 4007 1630 4077 inhier.eonerau1.1eeep.7eese.

476 4095 504 4154 θ)
521 4094 547 4141 L.
567 4094 581 4141 8
598 4108 635 4157 pr.
654 4093 685 4141 D.
707 4092 769 4142 let
787 4091 892 4156 (Paling.
910 4092 994 4156 Pomp.
1013 4090 1081 4153 791).

476 4176 505 4240 7)
523 4174 645 4224 Demosth.
666 4173 753 4223 XXXV
772 4175 832 4235 512.

476 4253 622 4320 Diei

475 4341 503 4400 9)
521 4340 557 4388 Cl.
582 4338 687 4387 Aristeae
711 4341 722 4400 ς
738 4339 769 4391 37
790 4335 851 4386 δέκα
874 4334 995 4398 μυριάδας
1018 4336 1194 4400 nixantem
1212 4336 1408 4399 θλσυθσρθιιαμσν
1425 4335 1560 4397 holtem
1576 4341 1630 4399 τοῖς

441 4424 562 4485 κρατοῦσι
579 4420 637 4477 τὴν
655 4420 723 4467 κατ’
741 4418 837 4486 ιἰξθαν
853 4418 984 4483 ἆργυριιιιὶν
1003 4418 1107 4480 τιμιὶν.

475 4508 515 4566 10)
534 4507 584 4561 Τῆς
603 4501 764 4566 θταρχοθσιρς
782 4506 858 4563 τιμῆς
875 4504 904 4552 ad
922 4503 1000 4553 solum
1016 4503 1114 4553 verbum
1132 4501 1268 4553 θτοδθσθιιι
1283 4504 1405 4568 pertinere
1419 4503 1571 4555 menifestum
1585 4510 1628 4555 eet.

472 4589 515 4649 li)
535 4587 571 4635 cf.
592 4586 689 4641 Kohler,
711 4586 878 4650 Psandrechtl.
897 4586 1062 4650 Γοιιοθιιιιριιι
1079 4587 1167 4649 (1889)
1185 4587 1229 4648 51.

473 4670 518 4731 18)
538 4669 641 4719 hliuhel:
660 4667 784 4717 έπθντυν.
1177 4669 1180 4675 ’

473 4754 519 4817 la)
540 4753 593 4801 Hoc
609 4752 689 4800 omisit
708 4752 804 4816 Hitzig,
820 4752 865 4801 das
878 4750 968 4816 ρηάαθ.
987 4750 1060 4814 Psdr.
1078 4766 1101 4816 p.
1120 4751 1187 4801 ese
1206 4750 1247 4800 lin.
1264 4754 1286 4800 4.
1308 4751 1414 4801 Proinde
1428 4752 1514 4801 eeduea
1528 4753 1556 4801 nt
1569 4768 1630 4817 qnae

440 4834 474 4884 ibi
491 4836 600 4899 sequitur
616 4833 774 4883 ratiocinatio.
