4525 5950
825 722 868 768 sn
891 721 1025 769 umouu
1048 720 1246 768 ssromuuu.
1564 696 1629 763 363

487 886 568 952 ibid.
594 886 634 951 31
661 889 694 951 in
718 887 796 953 fine:
830 883 922 965 „sisa
947 887 1071 965 σίνιίγκιι
1096 884 1234 968 ἔσχατόν
1258 909 1327 949 τινα
1351 884 1508 962 γενέσθαι·
1534 883 1630 947 ποίλιν

439 990 497 1058 ὦδε
519 992 588 1059 isos
611 993 718 1071 γένους
738 994 900 1060 ίιίνιοτον.”
924 993 1148 1082 Xylaudrnm,
1169 990 1410 1069 (lasaubonum,
1431 989 1630 1057 Gatakerum

440 1105 587 1166 exercuit
605 1104 807 1167 aecusativus
825 1101 881 1168 ille
903 1121 994 1167 casus
1014 1103 1049 1166 in
1075 1100 1181 1166 verbis
1204 1098 1340 1164 ultimis.
1364 1099 1475 1184 Neque
1498 1100 1629 1163 mirum.

440 1207 487 1270 At
518 1208 646 1278 ίοίνατος
678 1229 794 1294 repone
825 1214 857 1272 et
886 1209 993 1272 omnia
1023 1228 1085 1272 non
1116 1212 1244 1270 tantum
1271 1211 1356 1270 reete
1379 1204 1554 1291 procedunt
1576 1202 1631 1269 sed

440 1315 542 1378 etiam
566 1319 695 1399 apparet
718 1313 804 1379 hisee
827 1315 934 1379 verbis
957 1315 1071 1397 respici
1094 1312 1132 1378 ad
1152 1333 1189 1378 ea
1209 1333 1290 1397 quas
1308 1312 1515 1377 antecedunt:
1537 1308 1630 1389 ,ίιινς

441 1421 543 1493 αὐλῆς
567 1419 731 1499 ίοίνατοι”,
755 1420 789 1486 id
812 1420 895 1507 quod
918 1421 1018 1485 etiam
1041 1440 1105 1484 vox
1128 1419 1224 1483 ποίοιν
1248 1423 1355 1504 aperte
1377 1418 1506 1483 indicat.

488 1525 529 1590 Χ.
556 1524 592 1590 6:
626 1529 718 1604 ,λίαν
744 1528 826 1590 ἐστίν
849 1526 1043 1603 οίναισίιίτου,
1068 1525 1121 1589 καί
1143 1525 1339 1605 Φιλοψιίχου,
1363 1524 1415 1589 καί
1441 1524 1542 1599 ὁμοίου
1566 1531 1629 1594 τοῖς

441 1632 625 1711 ἡμιβρώτοις
661 1633 873 1714 ίιρριομοίχοις,
907 1631 1030 1710 οἵτινες,
1062 1633 1170 1709 μεστοὶ
1202 1633 1390 1711 τραυμάτων
1420 1630 1472 1696 καί
1505 1630 1629 1708 λύθρου,
1656 1696 1658 1701 ,
1727 1705 1730 1710 .

440 1746 675 1817 παρακαλοῦσιν
699 1737 778 1817 ὅμως
804 1741 845 1809 sle
868 1742 924 1812 τίιν
947 1739 1048 1819 αὔριον
1073 1741 1295 1821 Φυλαχίῆναι,
1316 1738 1628 1817 παραβληθιρσόμενοι

439 1851 568 1912 τοιοῦτοι
589 1857 652 1918 τοῖς
671 1848 774 1917 αὐτοῖς
795 1845 873 1924 ίνυξι
893 1845 946 1911 καί
968 1845 1161 1922 δήγμασιν.”
1182 1844 1298 1911 Reiske
1318 1844 1482 1930 supplevit
1505 1847 1629 1909 τοιοῦτον

439 1953 534 2023 ὄντες.
560 1952 681 2019 Tamen
700 1960 831 2040 apparet
847 1953 979 2019 vocibus
997 1951 1065 2018 illis
1083 1954 1187 2039 ipsam
1207 1954 1344 2017 auctoris
1356 1953 1631 2017 ratiocinationem

440 2060 605 2126 debilitari
645 2059 878 2146 quodammodo
913 2065 945 2126 et
980 2061 1106 2138 vitiari3
1147 2060 1267 2124 etenim
1302 2057 1529 2123 bestiariorum
1564 2077 1631 2122 sors

439 2166 543 2232 nihilo
566 2168 712 2232 miserior
735 2169 811 2244 erit,
837 2168 864 2232 si
888 2165 1053 2232 dilacerati
1075 2172 1108 2231 et
1132 2163 1292 2231 vulnerati
1310 2164 1451 2230 ferarum
1466 2164 1632 2251 unguibus

440 2280 475 2338 et
497 2272 647 2337 dentibus
670 2275 881 2360 proiciantur;
907 2253 1017 2359 itaque
1039 2275 1073 2337 in
1096 2278 1249 2358 promptu
1272 2277 1321 2337 est
1344 2273 1485 2357 cogitare
1509 2269 1547 2335 de
1571 2269 1631 2335 dit·

440 2380 612 2466 tographia
643 2385 713 2444 orta
741 2401 780 2445 ex
812 2380 1019 2465 sequentibus
1041 2387 1103 2451 τοῖς
1128 2380 1243 2448 αὐτοῖς.
1273 2376 1474 2461 Quamquam
1497 2377 1631 2442 fortasse

440 2484 552 2550 Marco
576 2506 639 2550 non
664 2487 762 2550 nimis
784 2506 894 2551 severa
917 2491 950 2551 et
972 2485 1079 2571 rigida
1098 2490 1147 2550 est
1166 2483 1362 2549 obtrudenda
1381 2485 1630 2570 argumentatio.

487 2590 569 2656 Ibid.
597 2590 656 2656 13:
691 2628 755 2669 ,‚-
788 2587 837 2655 οία
862 2591 894 2656 δὲ
915 2593 1109 2668 κλέπτουσιν,
1132 2584 1183 2654 σία
1206 2591 1237 2656 δὲ
1262 2589 1459 2670 ἁρπάζουσιν,
1482 2590 1516 2653 οὖ
1538 2590 1628 2670 χερσί
1723 2660 1729 2669 ,

444 2696 496 2761 καί
528 2699 628 2775 ποσίν,
661 2699 749 2762 ἀλλὰ
780 2699 822 2777 τῷ
853 2697 1030 2778 τιμιωτάτῳ
1055 2697 1170 2761 ἑαυτῶν
1193 2695 1295 2777 μίριι,
1320 2691 1341 2778 ᾧ
1366 2697 1532 2774 γίγνεται,
1557 2693 1631 2761 ὅταν

439 2803 515 2885 disp
534 2809 630 2885 (τις)
650 2805 772 2881 πίστις,
792 2803 898 2881 aitte,
921 2804 1066 2880 σίλιίίειοι,
1089 2802 1177 2879 νίμος
1189 2850 1197 2880 ,
1221 2803 1339 2880 ἀγαθὸς
1361 2801 1476 2879 δαίμων
1486 2803 1517 2886 ;”
1538 2800 1632 2869 Corui

439 2909 524 2977 illud
559 2933 608 2983 τις
642 2899 798 2989 inseruit,
833 2931 935 2996 neque
965 2908 1059 2976 facile
1088 2908 1247 2976 eiusmodi
1278 2908 1495 2975 additamento
1526 2930 1631 2976 carere

439 3020 559 3105 possis,
584 3019 611 3081 si
634 3016 805 3104 vulgatam
826 3020 955 3082 tuearis.
980 3017 1025 3082 At
1047 3015 1112 3082 leni
1134 3018 1313 3082 mutatione
1337 3008 1351 3080 i
1372 3016 1535 3096 γίγνεται,
1556 3012 1630 3081 ίτοιν

440 3126 530 3203 lien,
564 3125 667 3194 πίστις
698 3124 763 3190 xri.
789 3123 945 3201 admissa,
969 3143 1071 3208 neque
1095 3122 1311 3188 additamento
1334 3143 1414 3207 opus
1438 3130 1485 3187 est
1509 3129 1542 3188 et
1564 3144 1631 3189 sen·

438 3233 542 3297 tantia
566 3229 670 3296 multo
694 3232 812 3296 rectius
834 3230 1002 3316 procedere
1025 3229 1165 3295 videtur.

488 3426 633 3512 Denique
663 3428 727 3493 huo
758 3427 860 3493 afferri
890 3432 1026 3514 possunt
1048 3426 1109 3492 loei
1133 3429 1176 3502 ii,
1200 3429 1234 3492 in
1258 3427 1373 3513 quibus
1397 3426 1631 3513 distinguendis

440 3556 459 3600 a
491 3533 615 3599 Stichio
647 3533 800 3619 discrepo,
831 3533 884 3599 sio
914 3533 936 3599 l.
956 3523 1042 3599 ¹XII.
1073 3533 1112 3598 2:
1148 3536 1182 3611 ,δ
1213 3535 1275 3612 γὰρ
1299 3536 1342 3609 μὴ
1366 3533 1409 3598 τοὶ
1433 3535 1629 3612 περικείμενα

441 3639 568 3717 κρεαδια
603 3641 682 3718 ὁρῶν,
719 3638 795 3715 ἦπου
827 3665 867 3717 γε
900 3641 1030 3718 ἕσίῆτα,
1063 3641 1113 3705 καί
1147 3640 1253 3717 οίιιίιιν,
1284 3640 1336 3704 καί
1366 3638 1467 3719 δόξαν,
1499 3641 1550 3704 καί
1576 3642 1630 3715 rio

440 3746 586 3820 sessores
618 3745 783 3826 περιβολὴν
814 3748 866 3811 καί
899 3749 1009 3822 σιιιρνίρν
1034 3746 1176 3820 θεώμενος
1201 3746 1438 3827 ιίσχολιίσεται”
1462 3749 1567 3813 neseio
1590 3768 1629 3812 an

440 3855 550 3937 aptius
581 3873 655 3918 eum
687 3850 872 3919 casaubono
902 3854 999 3919 verba
1030 3852 1148 3919 ultima
1175 3873 1231 3939 per
1253 3856 1538 3939 interrogationem
1560 3853 1630 3919 effa

440 3965 564 4024 rantur.

488 4066 586 4129 Porro
610 4063 632 4129 l.
658 4062 742 4129 VIII.
770 4063 829 4131 17:
863 4066 910 4142 „si
939 4065 996 4141 μίν
1020 4064 1071 4130 ἐπὶ
1096 4066 1159 4143 σοί,
1185 4065 1313 4129 τίάιίτὸ
1338 4073 1450 4144 ποιείτς
1476 4066 1501 4130 εί
1525 4065 1556 4129 δὲ
1581 4067 1629 4130 ἐπ’

439 4170 547 4250 ἄλλοι,
572 4171 629 4234 τίνι
653 4168 784 4252 alatum
806 4179 876 4243 ταῖς
898 4169 1045 4248 ἀτίμοις,
1065 4172 1082 4246 ἢ
1101 4178 1163 4240 τοῖς
1186 4173 1277 4248 θεοῖο,
1297 4172 1463 4251 οίμΦίτερα
1483 4171 1628 4248 μανιώδη.

439 4277 535 4343 οὐδενὶ
566 4277 737 4353 μεμπτέον.
771 4278 797 4341 οἱ
831 4278 887 4353 μὲν
909 4278 972 4355 γὰρ
996 4277 1147 4355 δυ’νασαι,
1171 4275 1338 4356 διόρθωσιν·
1365 4279 1390 4342 εί
1415 4277 1446 4343 δὲ
1472 4283 1560 4343 τοῦτο
1584 4280 1627 4356 μίρ

441 4384 591 4462 δύνασαι,
622 4382 658 4447 τί
688 4407 727 4460 γι
759 4386 896 4463 πρᾶγμα
920 4383 1019 4448 αὐτί”
1045 4384 1109 4450 xri.
1134 4384 1228 4449 Patet
1251 4406 1270 4450 a
1292 4405 1369 4450 voce
1392 4385 1486 4449 οὐδενί
1508 4406 1627 4451 novum

438 4614 515 4655 τινος,
531 4595 704 4662 ἀσπαζόμενοι
721 4598 751 4647 τὸ
769 4598 906 4660 συμβαῖνον
923 4596 1015 4647 ιιιιιιίν”
1031 4594 1084 4647 nei.
1103 4599 1208 4664 Apparet
1227 4597 1287 4647 illud
1305 4600 1391 4657 ιιοιιιίν,
1412 4598 1528 4663 siquidem
1549 4600 1629 4664 genui·

434 4696 496 4732 nnm
518 4685 567 4739 est,
590 4696 637 4730 uon
659 4696 687 4729 ex
709 4696 810 4746 persons
832 4680 982 4739 laetantium,
999 4681 1040 4730 sed
1057 4696 1085 4729 ex
1102 4696 1203 4746 persona
1219 4680 1343 4745 seripturis
1360 4681 1434 4746 ipsius
1450 4682 1535 4731 efferri.
1553 4682 1628 4746 Atqui

436 4773 541 4815 mortem
559 4763 649 4812 melum
667 4762 787 4829 appellare
804 4779 879 4827 neque
896 4767 932 4812 est
949 4763 1023 4812 Stoici
1041 4778 1116 4827 neque
1136 4763 1261 4812 Antonini:
1281 4763 1363 4828 itaque
1380 4764 1459 4815 oritur
1473 4764 1575 4832 suspicio
1589 4764 1628 4816 hio

434 4861 534 4912 quoque
550 4861 631 4896 vocem
649 4845 716 4896 illem
733 4862 746 4895 e
762 4845 903 4912 glossemate
920 4846 945 4895 iu
964 4850 1101 4895 contextum
1118 4845 1248 4910 irrepsisse.
