4525 5950
641 664 709 729 294
1149 680 1324 728 susumus.

687 846 739 911 Vs.
767 845 864 910 1412.
889 841 991 925 ἕζονθ’,
1016 844 1030 907 θ
1055 845 1111 918 μὲν
1134 846 1169 908 τὸ
1194 844 1300 921 κεῖθεν,
1325 840 1339 907 ὃ
1364 844 1395 907 δέ

886 952 922 1015 πθ
946 951 1041 1014 κεῖθεν
1066 949 1177 1030 [ἄλλος
1202 946 1345 1031 ἄλλοθεν]
1373 987 1416 998 -
1441 950 1671 1030 πεφραγμένοι.

639 1058 792 1125 Deleatur
811 1057 988 1142 glossema,
1014 1055 1097 1141 quod
1120 1058 1256 1120 recurrit
1276 1077 1323 1121 vs.
1346 1055 1443 1133 1451,
1465 1057 1521 1121 ubi
1539 1059 1611 1122 iure
1630 1061 1833 1143 suspectavit

637 1167 704 1229 iam
735 1164 847 1229 editor.
880 1163 981 1227 Periit
1011 1167 1084 1226 ante
1117 1162 1334 1240 πεφραγμένοι
1357 1168 1450 1242 (num
1474 1159 1622 1244 sanuml)
1647 1184 1713 1228 una
1737 1163 1835 1250 longa

638 1268 764 1356 syllaba
786 1275 842 1334 aut
866 1268 946 1333 duae
969 1268 1090 1331 breves.

685 1471 736 1537 Vs.
764 1467 860 1535 1457.
885 1469 995 1546 ἀμφὶ
1022 1467 1256 1547 πορφυρέων
1280 1469 1406 1532 πέπλων
1431 1471 1487 1535 ὑπὸ
1510 1469 1619 1535 σιοθτοιι

888 1575 966 1652 ξθφν
991 1576 1172 1644 σπάσαντες
1198 1574 1228 1636 έν
1253 1582 1366 1651 χεροῖν.

637 1682 706 1747 Imo
732 1702 805 1746 vero
829 1679 1160 1760 οὶροφιπορφύρων
1185 1679 1311 1743 πέπλων
1335 1680 1399 1744 κτὲ.

683 1885 735 1949 VS.
762 1883 860 1949 1483.
885 1883 956 1947 τότε
980 1882 1013 1956 δὴ
1036 1882 1106 1946 πθτε
1134 1881 1313 1960 διαπρεπεῖς
1337 1879 1456 1961 (orici)

887 1989 1038 2073 [έγένοντο
1065 1988 1200 2071 Φρύγες]

885 2090 951 2158 ὅσον
971 2094 1080 2170 Ἄρεος
1104 2094 1208 2157 οῖλκοῖν
1232 2090 1353 2166 ἥσσονες
1380 2094 1533 2165 Ἑλλάδος

886 2201 1063 2277 ε’γενθαεσθ
1088 2201 1228 2279 αῖχιοοῖς.

637 2308 739 2373 Verba
760 2307 883 2373 iucluea
904 2308 987 2371 mihi
1010 2310 1158 2391 suspecta
1181 2311 1257 2369 sunt
1280 2304 1466 2370 admodum.

680 2509 733 2573 Vs.
761 2506 858 2574 1547.
889 2509 927 2573 In
957 2509 1080 2574 melicis
1110 2510 1238 2593 requiro
1270 2508 1404 2572 formam
1435 2510 1593 2592 poeticam
1621 2509 1748 2582 δύνασις
1775 2533 1834 2597 pro

636 2615 777 2694 δύναμις.

679 2804 733 2869 Vs.
760 2803 858 2869 1662.
883 2803 997 2883 φερνὰς
1024 2800 1104 2881 έχων
1128 2802 1305 2882 δάμαρτος,
1332 2803 1350 2879 t
1373 2830 1408 2870 σε
1432 2808 1547 2883 μυρθοις

884 2909 980 2981 πθνοις
1006 2909 1128 2972 διδοῦσα
1155 2908 1234 2987 δεῦρ’
1261 2911 1309 2975 θεῖ
1333 2912 1532 2986 διήνυσεν.

633 3019 779 3086 Ardeam
810 3015 910 3102 vulgo
941 3037 1016 3081 cum
1048 3015 1220 3081 scholiasta
1251 3015 1432 3102 explicatur
1458 3016 1686 3088 κατνναλωοεν.
1713 3019 1830 3084 Potius

631 3122 819 3188 crediderim
843 3128 970 3208 poetam
992 3124 1039 3185 ita
1062 3125 1227 3208 scripsisse
1250 3144 1315 3208 pro,
1331 3126 1474 3209 prosaico
1498 3125 1679 3189 διετέλεσεν.

1087 3425 1127 3470 ΔΙ)
1152 3424 1378 3471 recrescenti.

677 3558 757 3625 Sull.
779 3558 798 3623 5
818 3558 937 3637 (Sint).
958 3558 1035 3621 Post
1054 3563 1238 3644 praeturam
1260 3556 1353 3622 Sulla
1373 3561 1408 3622 in
1426 3558 1662 3644 Cappadociam
1681 3563 1829 3625 mittitur

632 3666 682 3729 riv
714 3667 770 3739 μέν
801 3667 927 3741 ἐμφανῆ
960 3665 1053 3740 λθγον
1084 3662 1163 3741 ἔχων
1195 3666 1264 3742 πρὸς
1300 3666 1354 3737 πῖον
1387 3666 1552 3743 στρατείαν
1585 3664 1827 3745 Ἀριοβαρζάνην

633 3779 844 3847 καταγαγεῖν.
870 3769 973 3833 Nihili
998 3776 1046 3834 est
1069 3769 1163 3845 λθγος
1186 3770 1258 3848 πρὸς
1284 3771 1337 3840 τὴν
1361 3771 1538 3849 στρατείαν,
1563 3791 1682 3855 neque,
1709 3773 1738 3834 si
1759 3774 1827 3835 ism

631 3876 810 3963 significare
830 3881 936 3961 posset
958 3876 1044 3939 idem
1069 3874 1154 3959 quod
1178 3876 1270 3951 λόγος
1296 3885 1350 3949 τῆς
1374 3879 1552 3954 στρατείας,
1576 3912 1619 3923 -
1644 3883 1742 3960 atque
1766 3877 1826 3942 hoc

631 3985 703 4067 quis
721 3980 890 4047 contendat
908 3977 1117 4044 mortalium?
1141 4016 1182 4027 -
1203 3980 1311 4044 addito
1330 3983 1393 4046 isto
1415 3981 1487 4059 πρὸς
1501 3983 1555 4053 τὴν
1567 3983 1736 4058 στρατεῖαι
1748 4004 1830 4067 opus

631 4094 730 4154 esset:
763 4108 893 4173 prorsus
916 4088 1002 4150 enim
1026 4085 1145 4150 sufficit
1170 4087 1403 4151 ἀποστέλλεται
1428 4088 1478 4149 τὸν
1502 4088 1558 4163 μέν
1582 4088 1711 4166 έαφανῆ
1736 4090 1829 4164 λόγον

632 4193 728 4273 έχανε
763 4193 941 4270 „Mittitur,
974 4194 1078 4276 specie
1103 4192 1233 4276 quidem
1257 4199 1294 4256 ut
1318 4192 1392 4258 ...'’
1418 4193 1515 4258 Haud
1538 4193 1634 4259 dubie
1659 4195 1828 4269 στρατεῖαι

630 4305 817 4384 corruptum
837 4302 885 4362 est
910 4318 927 4362 e
952 4299 1147 4373 σατραπεθαν
1171 4303 1204 4362 et
1229 4297 1299 4374 πρὸς
1326 4301 1379 4369 τῖον
1404 4300 1597 4376 σατραπείαν
1621 4298 1829 4383 iungendum

630 4427 706 4470 cum
736 4411 947 4479 καταγαγεῖν.
979 4403 1051 4468 Non
1083 4405 1170 4467 enim
1193 4406 1407 4469 necessarium
1432 4404 1513 4470 duco
1536 4425 1593 4489 pro
1620 4404 1689 4482 τρθι
1714 4403 1828 4491 legere

630 4513 684 4581 εῖς.
705 4510 906 4594 Quemquam
926 4510 1072 4593 frequens
1092 4514 1141 4572 est
1161 4511 1433 4594 praepositionum
1446 4510 1600 4575 confusio.
1621 4508 1714 4587 Quod
1731 4509 1831 4595 paulo

596 4669 597 4673 ,
630 4627 701 4702 post
730 4615 866 4679 eundem
892 4615 1124 4678 Ariobarzanen
1147 4611 1237 4678 Sulla
1262 4613 1381 4679 dicitur
1406 4614 1544 4690 βασιλέα
1568 4615 1694 4690 fecisse,
1721 4623 1830 4681 certae

631 4722 706 4785 huic
730 4742 790 4784 uou
816 4728 907 4784 nocet
930 4719 1157 4783 emendationi.
1624 4719 1653 4784 J.
1678 4718 1708 4784 θ.
1736 4720 1780 4785 Η.

1128 4842 1322 4851 ——.-—-—.
