4525 5950
642 679 708 746 296
1115 694 1357 743 uruosrunuus.

686 860 768 945 §32
799 882 829 946 p.
860 859 943 924 2361
981 862 1100 924 ὠνεῖται
1137 857 1216 929 ὅπως
1252 863 1297 934 μίρ
1332 859 1515 932 ἀπίωμεν
1551 860 1585 921 ίκ
1621 857 1831 929 Μακεδονίας.

640 963 778 1032 Oobetus
809 968 986 1030 rectissime
1010 967 1149 1030 correxit
1172 964 1298 1041 ἄπιμεν,
1324 963 1456 1029 Miscell.
1481 985 1512 1049 p.
1539 962 1616 1041 477,
1641 963 1698 1028 sed
1724 965 1834 1028 omisit

639 1072 752 1138 addere
776 1093 847 1137 eam
870 1075 973 1157 ipsam
996 1074 1189 1157 scripturam
1214 1076 1373 1134 servatam
1398 1090 1466 1135 esse
1488 1072 1523 1134 in
1546 1070 1649 1135 lexico
1675 1068 1744 1146 περὶ
1771 1093 1835 1133 συν

640 1176 758 1254 τοίξεως
782 1180 892 1242 Ααοοιί.
918 1178 977 1241 Bk.
1002 1199 1033 1263 p.
1061 1176 1135 1242 129.
1150 1177 1180 1241 4.
1206 1176 1285 1241 Vide
1308 1179 1406 1241 etiam
1427 1172 1584 1242 (lobetum
1609 1177 1721 1241 Mum.
1747 1174 1832 1240 1858

638 1307 670 1371 p.
696 1282 749 1362 27,
774 1286 830 1370 qui
854 1305 928 1369 prae
952 1286 1066 1350 ceteris
1091 1282 1310 1353 διδασκαλικὸς
1331 1283 1422 1353 τίπος
1447 1290 1505 1348 est.

683 1502 764 1587 §36
789 1524 820 1588 p.
845 1500 930 1567 2371
967 1502 1017 1565 διίι
1050 1504 1104 1576 τὴν
1137 1500 1200 1565 τόθ’
1233 1501 1414 1565 ὑποῦσαν
1446 1500 1620 1581 οίπίχίειοιν
1653 1501 1729 1579 πρὸς
1763 1500 1833 1572 τοὺς

638 1608 806 1682 Θηβαίους.
840 1606 900 1671 Vix
931 1606 1121 1672 crediderim
1152 1608 1360 1691 participium
1390 1606 1480 1671 verbi
1506 1607 1626 1670 ὑπεῖναι
1651 1607 1714 1671 hoc
1739 1627 1834 1671 sensu

635 1717 800 1799 usurpari;
826 1715 925 1778 moris
948 1718 996 1778 est
1020 1712 1124 1778 dicere
1145 1711 1416 1797 quemadmodum
1438 1710 1579 1798 legimus
1599 1710 1673 1796 §98
1694 1734 1728 1798 p.
1751 1711 1832 1777 258:

638 1824 692 1895 τὴν
717 1822 788 1884 τότε
815 1819 966 1895 Θηβαίοις
990 1819 1089 1898 ρώμκν
1114 1819 1166 1881 καί
1191 1816 1282 1895 δόξαν
1306 1818 1589 1897 ὑπάρχουσαν.

683 2020 763 2106 §79
779 2043 819 2107 p.
844 2020 929 2085 2521
963 2021 1013 2083 καί
1041 2026 1155 2098 πρῶτον
1180 2020 1236 2095 μὲν
1260 2022 1314 2093 τὴν
1337 2020 1380 2091 είς
1406 2019 1632 2093 Πελοπόννησον
1657 2020 1830 2098 πρεσβείαν

638 2127 765 2205 ἔγραψα
773 2176 781 2205 ,
802 2125 852 2191 dre
874 2129 1043 2208 [πρῶτον]
1064 2127 1172 2197 ἐκεῖνος
1186 2126 1228 2193 είς
1243 2124 1467 2199 Πελοπόννησον
1480 2124 1659 2205 παρεδύετο.
1680 2125 1831 2191 Alterum

638 2239 753 2312 πρῶτον
777 2231 980 2297 eliciendum.

682 2452 786 2536 §104
810 2474 840 2537 p.
873 2450 950 2515 260.
986 2451 1044 2516 Est
1074 2452 1108 2514 in
1139 2448 1321 2517 Charitonis
1353 2453 1446 2515 unico
1478 2447 1593 2516 Codice
1624 2451 1830 2528 Florentino,

638 2580 668 2643 p.
694 2556 825 2621 13212
849 2557 1022 2634 Hercheri,
1048 2555 1140 2641 plane
1163 2556 1299 2621 absurda
1321 2555 1433 2621 lectio:
1458 2556 1562 2633 ίλίγον
1586 2560 1615 2619 τ’
1639 2558 1653 2620 ε’
1661 2557 1831 2622 πίνίουν

639 2665 656 2738 ἢ
681 2663 775 2740 οὐδέν,
802 2663 857 2728 sed
880 2659 1019 2728 Oobetus
1042 2663 1155 2726 Mrem.
1183 2659 1269 2727 1857
1293 2683 1325 2746 p.
1350 2660 1416 2726 278
1441 2668 1473 2726 et
1500 2661 1585 2726 1859
1610 2685 1641 2748 p.
1668 2662 1737 2727 230
1761 2684 1831 2748 pro

637 2772 765 2835 vocavit
796 2769 835 2833 ad
866 2768 966 2833 Thuc.
998 2767 1029 2832 ll
1061 2767 1082 2833 8
1113 2774 1146 2832 et
1177 2767 1318 2833 evidenti
1350 2788 1428 2832 usus
1458 2767 1616 2833 medicina
1646 2772 1829 2855 rescripsit:

636 2875 739 2952 ὀλίγον
775 2881 804 2937 τ’
837 2871 1026 2937 ἐπενόουν
1061 2874 1156 2937 οὐδέν.
1199 2872 1380 2939 Dorvillius
1422 2880 1591 2958 postquam
1631 2873 1831 2940 malesanam

554 3067 557 3072 Α
634 2981 804 3048 lectionem
836 2987 1012 3065 utcumque
1041 2983 1273 3066 interpretatus
1304 2986 1370 3058 est,
1402 3002 1432 3066 p.
1457 2979 1522 3045 623
1552 2979 1675 3065 aliquid
1705 2981 1830 3045 addidit

634 3089 672 3153 de
703 3086 844 3153 formula
868 3090 1051 3171 ceteroquin
1075 3088 1242 3151 notissima
1262 3088 1366 3163 ὀλίγον
1393 3091 1409 3160 ἢ
1435 3086 1526 3150 οὐδέν.
1552 3087 1721 3153 Invenerat
1745 3087 1829 3173 apud

633 3194 802 3258 Platonem
826 3196 860 3257 in
884 3192 1027 3257 Phaedro
1051 3192 1181 3272 βραχία
1202 3191 1219 3265 ἢ
1240 3192 1332 3268 οὐδέν,
1352 3194 1386 3256 in
1406 3190 1631 3257 Demosthenis
1651 3193 1828 3260 Prooemiis

635 3303 651 3375 ἢ
684 3301 777 3373 μηδὲν
806 3297 823 3372 ἢ
854 3297 968 3375 μικροί,
998 3297 1083 3382 apud
1113 3297 1341 3382 Alciphrouem
1364 3297 1460 3374 ίλίγα
1486 3298 1502 3372 ἢ
1527 3298 1609 3362 οὐδὲν
1632 3299 1827 3377 διαφέρουσι,

633 3405 719 3491 apud
755 3403 942 3469 Strabonem
978 3407 1187 3481 γεωργοῦντες
1218 3405 1235 3477 ἢ
1267 3403 1350 3466 οὐδὲν
1383 3403 1399 3476 ἢ
1431 3404 1543 3480 μικροί,
1574 3411 1628 3467 crat
1659 3404 1742 3467 citit
1775 3412 1828 3467 ακί

627 3511 724 3594 pcclo
755 3508 841 3595 apud
869 3506 1046 3574 Catullum.
1071 3507 1161 3573 Nihil
1185 3508 1281 3572 habet
1304 3529 1341 3573 ea
1363 3507 1482 3573 locutio
1507 3511 1582 3573 miri
1607 3509 1661 3574 vel
1683 3509 1826 3587 insoliti,

633 3617 688 3682 sed
719 3614 896 3680 Dorrillius
927 3621 1089 3699 praeterea
1119 3635 1158 3678 ex
1189 3617 1330 3679 oratione
1362 3614 1401 3679 de
1432 3612 1555 3681 (lerona
1585 3615 1697 3680 attulit
1730 3637 1826 3701 quem

632 3721 740 3787 locum
762 3740 858 3804 supra
877 3719 1033 3784 indicavi:
1059 3720 1155 3798 μικροὶ
1180 3720 1246 3781 καί
1271 3720 1352 3783 οὐδὲν
1373 3720 1572 3786 ἀναλίσκουσι
1594 3727 1626 3786 et
1645 3718 1827 3808 Aristog.l

633 3825 705 3911 §71
728 3847 758 3911 p.
781 3824 863 3891 791:
889 3827 984 3905 μικροὶ
1010 3826 1074 3887 καὶ
1099 3825 1386 3900 addictissimo.
1410 3824 1527 3890 Itidem
1547 3826 1632 3910 apud
1654 3825 1823 3892 Platonem

632 3933 763 3996 invenio
794 3930 929 4016 Apolog.
963 3952 993 4015 p.
1019 3930 1121 3994 23A:
1153 3930 1261 4006 ίλίγου
1292 3933 1370 4001 τινὸς
1403 3927 1479 4005 ιίξία
1513 3931 1558 3999 tel
1593 3936 1658 3996 καί
1694 3933 1828 4011 otiante,

632 4035 763 4101 Theaet.
796 4057 827 4120 p.
856 4033 976 4100 173111
1011 4040 1116 4098 ταῦτα
1150 4036 1256 4098 ποίντα
1288 4036 1470 4111 ἡγησαμένη
1502 4038 1618 4114 σμικροὶ
1643 4040 1711 4101 καί
1736 4038 1828 4115 οὐδέν,

633 4142 760 4207 Politia.
785 4164 816 4226 p.
842 4140 968 4205 298111
1001 4142 1118 4218 σμικροὶ
1150 4142 1207 4214 μὲν
1231 4143 1273 4212 είς
1298 4142 1348 4205 τὸν
1374 4143 1532 4216 κοίμνοντα
1557 4143 1623 4207 καί
1648 4144 1732 4208 οὐδὲν
1757 4146 1830 4208 ιίνα-

634 4249 781 4311 λίσκονσι.
818 4247 952 4312 Hicoine
987 4253 1071 4312 reete
1103 4247 1253 4311 scribitur
1285 4247 1349 4310 καί
1382 4248 1464 4311 οὐδὲν
1494 4269 1551 4333 pro
1583 4249 1600 4324 ἢ
1632 4248 1738 4313 οὐδίνί
1770 4251 1826 4314 Ait

633 4352 867 4418 Stallbaumius
891 4351 930 4416 ad
953 4350 1163 4436 Apologiam;
1189 4352 1335 4436 equidem
1359 4373 1473 4438 anceps
1496 4353 1622 4420 haeres.

679 4564 783 4650 §104
807 4585 837 4649 p.
864 4562 947 4626 261:
979 4562 1058 4626 δυοῖν
1090 4564 1189 4640 ίφσίνκ
1222 4567 1402 4642 τριήραρχος
1433 4566 1446 4629 ὁ
1477 4574 1532 4638 τῆς
1562 4571 1639 4642 μιοῖς
1664 4563 1751 4637 ἕκτος
1773 4570 1827 4634 καί

633 4673 758 4736 δέκατος
795 4670 933 4745 πρότερον
969 4671 1128 4740 συντελής.
1166 4669 1270 4734 Facile
1304 4669 1364 4735 hoc
1397 4670 1564 4735 intellectu
1594 4678 1642 4736 est
1674 4679 1706 4737 et
1739 4681 1825 4739 recte

633 4776 884 4859 Harpocration:
910 4782 1083 4842 συντελεῖς·
1108 4775 1134 4837 οί
1154 4773 1403 4845 ουνδαπανῶντες
1427 4777 1478 4839 καί
1499 4777 1769 4857 συνεισφέροντες·
1793 4783 1828 4843 τὸ
