4525 5950
643 692 691 758 38
1118 711 1359 760 annueramus.

654 872 801 960 placeret.
826 873 956 961 Optime
978 875 1030 940 lex
1049 882 1130 954 erat,
1151 898 1249 962 quam
1268 876 1447 964 Stephanus
1466 879 1650 957 παρανόμου
1672 874 1837 954 ἐγράψατο

646 987 678 1046 et
711 980 923 1067 Apollodorus
954 982 1182 1048 condemnatus
1216 984 1288 1048 fuit.
1320 983 1430 1068 ltaque
1461 985 1546 1070 quod
1578 983 1743 1061 dicebam,
1775 983 1837 1047 nisi

645 1088 752 1153 credas
784 1097 941 1155 oratorem
971 1089 1123 1167 delirare,
1155 1091 1358 1156 scribendum
1388 1098 1453 1157 est:
1487 1091 1670 1156 κελευόντων
1697 1091 1753 1164 μὲν
1781 1092 1836 1152 τῶν

646 1194 740 1269 νόμον
773 1189 846 1259 irae
877 1196 1011 1269 πόλεμος
1037 1192 1071 1276 ἦ,
1097 1199 1139 1259 τά
1164 1197 1306 1275 περιόντα
1332 1198 1485 1277 χρήματα
1509 1205 1564 1271 τῆς
1588 1197 1761 1270 διοικήσεως
1787 1196 1835 1258 θε-

646 1303 768 1380 ωρικά
799 1297 886 1366 εἶναι.
918 1302 1081 1367 Nimirum
1113 1309 1220 1368 orator
1250 1306 1354 1368 utitur
1376 1305 1483 1368 verbis
1507 1325 1602 1389 quam
1626 1304 1771 1367 maxime
1794 1304 1838 1364 in-

645 1407 795 1486 vidiosis,
820 1415 857 1473 ut
880 1410 1027 1474 omnibus
1050 1417 1200 1494 appareat
1222 1430 1318 1494 quam
1338 1410 1473 1475 absurda
1493 1411 1590 1474 fuerit
1608 1430 1644 1474 ea
1664 1406 1717 1473 lex
1740 1429 1837 1493 quam

647 1514 859 1599 Apollodorus
889 1515 1040 1601 abrogare
1071 1514 1226 1593 voluerit,
1258 1516 1312 1580 sed
1344 1515 1489 1581 Eubulus
1513 1514 1719 1581 confirmarit.
1752 1512 1839 1579 lieri

647 1630 753 1686 tamen
784 1627 889 1707 potest
919 1628 957 1687 ut
981 1626 1166 1688 nonnemiui
1191 1626 1397 1688 temerarium
1420 1623 1569 1688 videatur
1590 1642 1659 1687 esse
1683 1641 1743 1707 pro
1769 1644 1839 1700 ςροι-

646 1728 773 1792 τιυτινιά
796 1750 946 1814 reponere
970 1730 1094 1806 θεωρικά
1113 1737 1147 1795 et
1165 1732 1297 1816 nigrum
1316 1751 1372 1815 pro
1392 1729 1480 1806 albo,
1502 1729 1555 1795 sed
1576 1729 1649 1794 ride
1668 1728 1839 1794 consimile

645 1837 766 1899 vitium
797 1833 929 1921 Olynth.
960 1836 975 1900 Ι
1006 1838 1023 1921 ξ
1044 1835 1086 1901 19
1118 1858 1148 1922 p.
1176 1836 1227 1913 14,
1251 1836 1289 1901 de
1313 1857 1375 1921 quo
1398 1835 1467 1901 loco
1493 1834 1630 1903 Oobetus
1655 1836 1838 1922 disputarit

649 1942 780 2007 Miscell.
806 1964 837 2027 p.
864 1941 916 2007 14.

691 2164 709 2247 §
729 2159 748 2228 7
769 2183 800 2247 p.
826 2159 920 2228 1347.
943 2160 1180 2229 Condemnetus
1198 2163 1261 2227 fuit
1281 2162 1492 2249 Apollodorus
1505 2168 1538 2228 et
1549 2161 1734 2248 Stephanus
1746 2162 1839 2229 litem

647 2272 831 2335 aestimavit
862 2268 1044 2354 quindecim
1071 2268 1219 2345 talentis,
1250 2266 1300 2333 ἵνα
1325 2269 1505 2343 ἀτιμώσειεν
1530 2268 1622 2333 αὐτὸν
1644 2269 1699 2333 καὶ
1722 2269 1840 2340 παῖδας

649 2378 717 2445 τοὺς
742 2377 853 2439 ἐκείνου
877 2377 928 2438 καί
952 2379 1007 2448 την
1030 2377 1171 2453 άδελφην
1196 2378 1250 2450 την
1275 2378 1349 2450 ἐμὴν
1371 2413 1412 2426 -
1437 2374 1620 2461 Apollodori
1638 2397 1779 2441 uxorem
1801 2413 1838 2425 -

595 2534 598 2538 Α
650 2483 701 2547 καὶ
734 2485 817 2558 ἡμᾶς
848 2480 994 2552 άπαντας
1028 2484 1069 2552 είς
1101 2487 1156 2555 την
1188 2483 1327 2561 ἐσχάτην
1352 2482 1480 2561 άπορίοιν
1505 2483 1693 2554 ιιαταςήσειε
1719 2485 1776 2547 καὶ
1801 2484 1841 2548 ἐν·

651 2589 733 2654 δειαν
764 2589 961 2655 άπάνπυν.
993 2587 1036 2652 ἐτι
1069 2589 1098 2653 δέ
1130 2590 1181 2652 καὶ
1206 2591 1223 2663 si
1249 2588 1336 2665 ἑτέρα
1361 2589 1498 2669 θυγάτηρ
1523 2589 1679 2659 άνέκδοτος
1706 2586 1839 2663 ἔμελλεν

650 2694 788 2774 ἔσεσθαι,
824 2696 887 2761 ιιπὲ.
923 2694 1043 2760 Deinde
1079 2697 1187 2781 pergit
1216 2694 1450 2760 Theomnastus
1485 2715 1611 2760 narrare
1642 2694 1840 2780 Apollodoro

649 2803 793 2868 iudicum
826 2801 985 2887 suffragiis
1010 2804 1185 2888 irrogatam
1211 2801 1306 2866 fuisse
1329 2800 1485 2867 mulctam
1508 2805 1604 2866 unius
1628 2803 1755 2866 talenti.
1782 2802 1841 2867 Sed

650 2917 722 2996 post
753 2909 940 2975 ἁπάντων
973 2908 1071 2995 longa
1103 2908 1168 2972 fuit
1197 2911 1317 2974 inserta
1347 2907 1530 2986 adnotatio,
1562 2928 1659 2993 quam
1691 2908 1841 2994 equidem

651 3017 787 3082 libenter
815 3020 848 3081 iu
871 3020 1053 3102 marginem
1076 3016 1304 3103 relegaverim:
1331 3020 1374 3091 μη
1398 3017 1584 3086 εἰιπισθέντος
1610 3016 1641 3079 δὲ
1665 3021 1719 3079 τοῦ
1747 3018 1841 3097 θφλιί

650 3148 750 3199 ματος
782 3124 832 3187 ἐπί
868 3132 921 3197 τνῑς
958 3124 1068 3198 ἐνάτης
1103 3125 1288 3202 πρυτανείας
1326 3124 1450 3188 διπλοῦν
1486 3120 1616 3198 ἔμελλεν
1652 3120 1779 3187 ἔσεσθαι
1809 3125 1841 3188 πθ

650 3227 782 3309 θφλημα
801 3230 852 3294 καί
874 3230 1130 3306 ἐγγραφήσεσθαι
1153 3228 1376 3306 Ἀπολλόδωρος
1399 3228 1561 3307 τριάκοντα
1585 3228 1733 3293 τάλαντα
1758 3231 1840 3308 θφεί-

651 3353 708 3401 λων
741 3340 782 3417 τῷ
814 3336 954 3414 δημοσίῳ.
988 3336 1248 3416 ἐγγεγραμμένου
1279 3335 1309 3400 δὲ
1334 3339 1375 3415 τῷ
1399 3338 1531 3413 δημοσίῳ
1556 3337 1841 3415 ἀπογραφήσεσθαι

650 3442 780 3519 ἔμελλεν
805 3444 821 3516 ἡ
846 3442 1030 3521 ὑπάρχουσα
1054 3445 1141 3507 οὐσία
1167 3442 1382 3521 Ἀπολλοδώρῳ
1404 3444 1536 3515 δημοσία
1558 3438 1653 3518 εἶναι,
1675 3447 1840 3519 πραθείσης

648 3550 674 3614 δ’
699 3551 795 3622 αὐτῆς
819 3551 861 3621 εἷς
885 3551 939 3621 την
965 3550 1103 3630 ἐσχάτην
1127 3549 1257 3627 άπορίαν
1281 3549 1514 3621 καταςητεσθαι
1542 3550 1633 3618 αὐτὸς
1657 3549 1708 3612 καί
1730 3551 1840 3620 παῖδες

647 3658 671 3720 τί
706 3656 815 3719 ἐκείνου
848 3656 898 3719 καί
930 3659 1007 3730 γυνη
1040 3655 1089 3718 καὶ
1116 3656 1205 3731 ἡμεῖς
1230 3653 1380 3724 άπαυτες.
1408 3654 1577 3719 Ειολίλίθηλα
1600 3660 1649 3719 est
1672 3657 1841 3741 inpaucis

651 3760 825 3827 inficetum.

699 3964 757 4052 §9
791 3988 820 4051 p.
848 3964 952 4030 1348:
984 3966 1170 4041 ἐφικόμενος
1204 3965 1253 4026 ἐπὶ
1286 3964 1435 4043 δραπέτην
1469 3966 1562 4028 αὑτοῦ
1591 3963 1758 4048 {dardae}
1792 3964 1842 4030 Ul·

653 4077 770 4137 timum
795 4071 987 4137 vocabulum
1011 4074 1103 4136 eiecit
1124 4070 1287 4137 Dobraeus
1308 4093 1337 4155 p.
1361 4070 1436 4147 519,
1456 4072 1550 4135 eiecit
1570 4067 1709 4136 Oobetus
1730 4073 1840 4136 Μνενι.

657 4178 742 4243 1855
774 4201 804 4264 p.
829 4177 912 4256 250;
945 4177 1042 4242 multi
1073 4177 1136 4242 loci
1167 4197 1237 4241 eam
1270 4180 1485 4261 suspicionem
1508 4176 1716 4253 confirmant,
1742 4178 1841 4243 veluti

655 4289 688 4350 in
712 4287 829 4351 vicinia
851 4285 985 4350 Nicostr.
1011 4287 1028 4370 ξ
1049 4284 1068 4348 6
1089 4290 1121 4349 et
1143 4281 1161 4347 7
1187 4305 1218 4368 p.
1241 4282 1344 4361 12583
1371 4291 1478 4347 tamen
1503 4282 1645 4347 Blassius
1670 4283 1842 4370 hancque

656 4413 717 4477 que
740 4414 807 4457 rem
831 4413 870 4456 ne
894 4392 991 4457 verbo
1015 4390 1145 4475 quidem
1169 4393 1377 4467 memorarit,
1404 4411 1504 4474 quum
1528 4388 1614 4453 haud
1637 4392 1682 4453 ita
1706 4412 1779 4455 raro
1802 4394 1842 4455 iu·

657 4506 757 4563 certas
780 4496 1031 4584 suspiciunculas
1055 4497 1268 4582 adscripserit.

704 4714 761 4801 §9
793 4738 823 4801 p.
851 4714 954 4780 1348:
986 4716 1300 4791 παρασκευασάμενος
1333 4716 1501 4794 άνθριθπους
1527 4715 1646 4786 δούλους
1672 4718 1725 4779 καὶ
1752 4740 1840 4781 κοιτα-

660 4824 816 4890 σιιευάσιος
840 4823 876 4892 ὥς
905 4829 1119 4901 Κυρηναῖοι
1145 4820 1286 4894 εἴησαν
1295 4870 1303 4899 ,
1329 4829 1468 4901 προεῖπεν
1494 4824 1577 4902 αὐτῷ
1600 4823 1649 4885 ἐπὶ
1676 4825 1839 4900 Παλλαδίῳ
