4525 5950
533 721 576 785 14
1003 740 1244 789 nsuosrnrrns.

531 925 629 990 quam
651 902 804 989 impedit,
830 907 1002 990 quominus
1021 908 1130 990 spuria
1147 905 1313 970 credamus
1332 926 1400 970 esso
1421 905 1532 970 verba:
1558 907 1720 976 παίσας

531 1011 751 1089 ἐξώρυττον
783 1013 849 1074 καί
883 1011 1191 1091 ἐξεπρέμνιζον·
1225 1014 1382 1076 sententie
1410 1013 1455 1077 eic
1477 1011 1583 1076 multo
1608 1015 1715 1097 aptius

532 1116 687 1182 decurret.

578 1334 658 1420 §72
688 1357 719 1420 p.
746 1333 849 1401 10741
882 1337 974 1413 ὑμῶν,
1007 1335 1123 1406 πόλεως
1148 1337 1369 1413 τηλικαυτησί,
1393 1336 1723 1414 κατεφρόνησαν.

530 1440 772 1527 Supplendum:
795 1443 972 1549 (οὑσινσὶ)
996 1443 1238 1522 κατεφρόνησαν,
1260 1445 1310 1508 uti
1329 1464 1405 1507 mox
1425 1451 1459 1507 et
1476 1441 1550 1531 §.78
1571 1465 1603 1528 p.
1620 1442 1720 1511 1077.

577 1659 658 1745 §72
687 1683 718 1746 p.
745 1659 842 1727 1075.
873 1659 990 1726 Itidem
1013 1660 1136 1746 aliquid
1160 1661 1296 1727 excidit:
1322 1662 1336 1726 ί
1360 1661 1392 1726 δὲ
1415 1662 1502 1738 νίμος
1527 1661 1725 1740 απαγορειίει

531 1766 626 1843 μηδὲν
648 1767 760 1832 τούτων
784 1777 888 1845 ποιεῖν,
913 1769 1050 1848 (ἄλλα)
1073 1769 1154 1833 πολύ
1178 1792 1218 1847 γε
1241 1771 1349 1840 αὐτοῖς
1371 1769 1473 1845 μέλει.

576 1986 657 2072 §73
687 2009 718 2072 p.
747 1985 851 2053 1075:
885 1987 1064 2063 ἐπιμέλειαν
1097 1987 1288 2061 ἐποιησάμην
1317 1991 1370 2051 τοῦ
1402 1986 1481 2051 οίκον
1512 1991 1565 2051 τοῦ
1592 1989 1721 2064 ΙΛγνίοο

532 2090 649 2178 [ὅπως
669 2095 720 2168 ut
741 2093 1118 2178 ἕξερημωίιίσεσαι].
1140 2093 1561 2180 Uncinisincluei,queeex
1574 2098 1724 2180 proxime

530 2200 792 2286 praecedentibus
814 2222 980 2288 perperam
1002 2204 1117 2268 iterata
1140 2208 1225 2266 suut.

577 2416 659 2503 §78
690 2442 721 2505 p.
748 2417 850 2486 10771
884 2428 947 2492 πῶς
979 2419 1017 2486 ίιν
1040 2418 1132 2502 (οὖν)
1155 2420 1289 2498 γένοιντο
1313 2423 1426 2487 τούτων
1449 2421 1597 2499 ἄνθρωποι
1621 2446 1725 2500 παρα-

531 2530 706 2605 νομώτερσι;
737 2525 887 2592 Reiduius
917 2525 1110 2612 particulam
1140 2530 1317 2593 rectissime
1346 2529 1499 2605 inseruit;
1530 2548 1599 2593 esee
1622 2531 1726 2592 miror

532 2633 588 2716 qui
615 2630 772 2697 dubitent.

949 2845 1060 2901 ΠΡΟΣ
1085 2845 1305 2902 ΛΕΩΧΛΡΗ.

576 3020 634 3106 §4
665 3043 697 3106 p.
731 3020 827 3086 1081.
860 3020 1028 3086 Leocharis
1059 3026 1150 3107 pater
1180 3043 1292 3107 praeco
1323 3028 1389 3087 est:
1422 3023 1563 3086 terreae·
1592 3024 1659 3099 γὰρ
1694 3024 1721 3086 ἐν

531 3136 670 3206 Πειραιεῖ
703 3129 873 3206 κηρύσσων·
908 3132 998 3192 τοῦτο
1034 3130 1059 3191 δ’
1091 3128 1153 3195 isis
1188 3130 1220 3193 οὐ
1250 3131 1339 3204 μόνον
1371 3131 1499 3206 ἀπορίας
1534 3132 1720 3207 ἀνθρωπίνης

532 3235 701 3312 τεκμήριον,
726 3236 815 3297 deest
839 3234 892 3299 καί
913 3236 1069 3315 ἀσχολίας
1089 3244 1144 3306 τῆς
1168 3236 1211 3307 είς
1231 3238 1265 3298 τὸ
1285 3236 1576 3312 πραγματεύεσθαι.
1602 3236 1722 3301 Deinde

531 3340 676 3405 additur:
709 3340 832 3417 οίνοίγκη
865 3344 928 3417 γὰρ
961 3340 1172 3418 ἡμερεύειν
1204 3346 1233 3404 ἐν
1265 3345 1386 3425 serape
1417 3344 1467 3407 τὸν
1496 3347 1641 3407 τοιοῦτον.
1667 3343 1723 3408 Itst

530 3446 607 3511 haec
626 3447 757 3511 fortasse
775 3445 901 3511 lectoris
920 3445 1045 3511 inutilis
1068 3445 1347 3525 adnotatiuncula,
1373 3448 1444 3523 sed,
1468 3454 1544 3513 utut
1568 3448 1629 3513 hoc
1654 3458 1719 3524 est,

530 3559 689 3639 praestare
723 3553 875 3618 dixerim:
920 3555 1190 3631 διημερεύειν,
1225 3553 1309 3640 quod
1344 3575 1363 3618 a
1396 3554 1558 3620 codicibus
1593 3554 1715 3641 aliquid

531 3659 818 3726 commendationis
840 3659 970 3726 videtur
992 3660 1116 3725 habere.

577 3877 635 3962 §6
667 3901 697 3964 p.
724 3877 828 3944 1082:
861 3879 945 3943 κατὰ
977 3881 1030 3951 την
1062 3879 1234 3958 ἆγχιςείαν
1266 3883 1425 3956 γνήσιοι
1456 3879 1570 3950 ὄντες
1597 3881 1718 3950 δικαίοις

531 3981 569 4049 ἂν
592 3986 695 4056 οὐσίας
720 3993 937 4064 κληρονομοῖεν.
962 3985 1037 4051 Sine
1060 4006 1154 4050 sensu
1176 3988 1222 4051 ite
1242 3985 1364 4051 editur:
1385 3989 1588 4071 scripserim:
1610 3987 1718 4063 γένει

532 4092 804 4169 προσήκοντες
828 4091 881 4159 vei
907 4092 1013 4157 simile
1037 4092 1126 4178 quid.

577 4310 655 4395 §21
689 4333 719 4396 p.
748 4309 850 4377 10871
883 4310 943 4375 οὐδ’
977 4313 1095 4375 ἐνταῦθ’
1129 4311 1243 4375 οὐδέπω
1277 4313 1364 4387 ἡμεῖς
1396 4310 1478 4376 οὐδὲν
1501 4317 1575 4374 τῶν
1601 4336 1722 4388 πραγ-

532 4413 669 4492 μοίπων
707 4418 773 4496 περὶ
806 4417 857 4480 τὸν
893 4426 1000 4494 κλῆρον
1036 4418 1199 4488 ἐκινοῦμεν.
1242 4416 1392 4482 Reiskius
1428 4417 1627 4503 requirebat:
1665 4424 1720 4481 τῶν

532 4522 730 4598 πραγμάτων
753 4526 838 4602 (τῶν)
862 4526 946 4599 περί,
971 4522 1112 4588 Blassius
1136 4529 1245 4588 autem
1269 4521 1410 4588 deletum
1434 4522 1560 4588 mavult
1583 4522 1616 4588 id
1639 4523 1722 4609 quod

531 4635 580 4694 eet
602 4630 809 4705 πραγμάτων.
835 4629 991 4715 Equidem
1014 4630 1169 4695 scribam:
1190 4631 1271 4694 οὐδὲν
1296 4631 1337 4692 τὸ
1363 4630 1560 4708 παροὶπαν
1585 4632 1652 4707 περὶ
1676 4633 1721 4694 τὸν

532 4742 638 4814 κλῆρον
663 4736 829 4809 ἐκινοῦμεν.
