4525 5950
660 705 723 769 116
994 721 1207 769 1111111111
1230 721 1314 768 suun
1337 720 1503 768 1111111111.

655 886 750 952 liceat
781 894 903 972 partem
933 886 1030 951 schol.
1062 892 1089 950 A
1121 886 1160 950 ad
1186 896 1211 947 Δ
1229 884 1291 951 187
1316 884 1466 950 mutilam
1489 904 1557 949 esse
1579 890 1755 968 aptamque
1779 902 1838 944 sen·

655 997 788 1060 tentiam
808 1015 870 1058 non
891 995 1038 1079 praebere
1054 992 1087 1072 ¹),
1105 992 1279 1058 violentam
1300 999 1406 1058 tamen
1426 991 1550 1056 Lshrsii
1571 989 1767 1055 medicinam
1784 1009 1839 1053 non

654 1103 759 1166 ausim
787 1102 930 1186 probare.
962 1100 1045 1165 Nam
1076 1103 1109 1163 in
1141 1099 1259 1165 scholio
1284 1098 1400 1164 mutilo
1423 1098 1728 1164 manifestotamen
1753 1099 1839 1171 μίτριι

655 1214 688 1272 11
708 1206 793 1286 ζῶμα
814 1211 1053 1292 coniunguntur
1072 1207 1169 1291 idque
1189 1206 1329 1272 scholion
1349 1214 1381 1271 et
1400 1207 1496 1270 verba
1515 1215 1553 1284 τῇ
1573 1207 1673 1287 μίτρᾳ
1693 1207 1728 1268 in
1748 1201 1841 1268 schol.

655 1317 683 1378 A
713 1314 751 1379 ad
782 1324 805 1378 K
829 1314 870 1379 77
902 1315 963 1378 sihi
985 1322 1100 1378 mutuo
1125 1313 1283 1398 praesidio
1306 1321 1390 1376 sunt.
1417 1313 1585 1376 Praeterea
1609 1310 1647 1375 ah
1674 1309 1842 1374 Eustathio

655 1443 780 1507 quoque
804 1421 844 1486 ad
865 1420 945 1486 K77
967 1420 1135 1485 discimus:
1157 1423 1246 1500 ζῶμα
1266 1421 1366 1492 μέντοι
1387 1421 1421 1482 τί
1441 1429 1479 1497 τῇ
1503 1420 1628 1500 μίτρᾳ
1655 1419 1844 1491 novandus

656 1551 711 1590 νον.
742 1525 900 1593 Convenit
930 1527 1014 1612 quod
1047 1540 1073 1590 Δ
1099 1524 1173 1603 187,
1199 1526 1264 1591 216
1295 1529 1392 1590 mitra
1423 1532 1455 1590 et
1487 1545 1578 1589 soma
1602 1526 1845 1610 coniunguntur

654 1638 753 1699 etiam
777 1643 914 1719 aposta.
934 1634 1150 1699 Statuendum
1168 1637 1280 1718 igitur,
1302 1632 1524 1697 Aristarchum
1544 1653 1607 1696 non
1628 1652 1723 1696 soma
1743 1629 1844 1695 solun

654 1763 711 1826 pro
744 1750 833 1827 parte
863 1741 1000 1805 thoracis
1032 1742 1179 1805 hahuisse
1210 1740 1264 1805 sed
1295 1760 1385 1803 soma
1416 1760 1577 1804 unacum
1602 1740 1723 1814 mitra,
1749 1757 1845 1822 neque

655 1869 728 1912 oum
757 1845 814 1911 illo
844 1846 1032 1923 Lehrsium,
1065 1854 1103 1911 ut
1136 1848 1197 1912 sibi
1227 1846 1365 1922 videtur,
1390 1847 1568 1910 consentire
1594 1843 1647 1908 sed
1674 1864 1790 1909 revera
1813 1843 1846 1906 ab

655 1975 690 2018 eo
714 1953 900 2038 discrepare.
925 1955 967 2017 At
990 1955 1193 2018 Aristarchus
1216 1974 1234 2017 a
1256 1961 1349 2037 poeta
1373 1952 1586 2037 redarguitur.
1613 1950 1702 2014 Nam
1730 1962 1757 2014 Δ
1776 1948 1843 2024 136,

657 2057 720 2123 137
746 2060 857 2124 thorax
883 2067 914 2124 et
937 2063 1034 2124 mitra
1059 2060 1315 2145 distinguuntur.

699 2165 849 2231 Ceterum
880 2166 977 2231 verba
1008 2167 1129 2235 δίτλοσς
1163 2164 1255 2241 θώρηξ
1283 2164 1380 2229 schol.
1405 2165 1432 2228 B
1455 2163 1494 2228 ad
1522 2177 1547 2226 Δ
1572 2161 1647 2239 133,
1675 2170 1843 2248 postquam

653 2272 800 2358 pluribus
819 2274 925 2338 verbis
945 2293 1040 2360 quam
1060 2274 1098 2349 Α,
1120 2272 1173 2337 scd
1195 2271 1308 2337 eodem
1328 2270 1423 2335 modo
1441 2269 1629 2355 explicavit,
1650 2269 1732 2334 haec
1745 2268 1843 2333 addit:

655 2380 671 2451 ἦ
703 2378 811 2445 οὕτως·
844 2381 884 2443 rai
911 2380 981 2455 πρὸς
1007 2387 1076 2449 ταῖς
1103 2380 1217 2455 λώγοσι
1243 2380 1317 2453 μέρη
1343 2384 1395 2441 τοῦ
1421 2379 1548 2454 θώρακος
1573 2375 1623 2439 διὰ
1651 2380 1687 2440 τὸ
1714 2379 1760 2450 μὴ
1786 2399 1844 2437 συν

653 2486 790 2550 δεδέσθαι
814 2487 960 2559 ἀλλήλοις
988 2486 1142 2565 πτερύγια
1168 2495 1329 2548 κιιλεῖτοιι·
1355 2490 1458 2548 ταῦτα
1482 2485 1512 2547 δὲ
1537 2484 1740 2558 ἐπιτιθέμενα
1763 2484 1844 2557 μόνον

630 2594 802 2666 ’ώλλνίλοις
845 2594 895 2656 sai
935 2594 1182 2669 συσφιγγώμεια
1222 2593 1279 2656 ὑπὸ
1316 2597 1368 2656 τοῦ
1404 2590 1549 2669 ζωστῆρος
1586 2592 1716 2653 διπλοῦν
1754 2587 1843 2653 ἔκεισε

654 2700 705 2763 τὸν
737 2701 854 2777 θώρακα
887 2697 1128 2777 ώτεργοίζοντιιι.
1164 2699 1237 2785 Ipsa
1269 2721 1379 2763 rursus
1408 2700 1684 2783 interpretationis
1711 2700 1844 2761 varietas

653 2810 799 2883 testatur,
832 2806 866 2869 id
897 2806 982 2890 quod
1012 2810 1111 2871 stiam
1142 2812 1233 2870 antea
1264 2805 1564 2880 animadvertimus,
1600 2802 1729 2867 nullam
1766 2800 1842 2888 apud

655 2916 801 2999 antiquos
833 2915 1014 2978 constitisse
1045 2913 1083 2977 de
1115 2914 1242 2978 thorace
1275 2911 1446 2977 Homerico
1478 2913 1683 2976 sententiam.
1721 2910 1760 2976 In
1792 2910 1843 2972 hae

654 3028 762 3085 autem
795 3019 895 3085 altera
926 3019 1136 3106 explicatione
1149 3022 1175 3098 2)
1208 3020 1241 3082 τὸ
1274 3019 1361 3098 ζῶμα
1392 3018 1483 3084 11111
1506 3018 1574 3083 1111
1599 3025 1665 3094 111,
1693 3016 1842 3095 πτερύγια

650 3134 759 3191 autem
783 3130 805 3190 i.
831 3149 858 3191 c.
885 3127 1032 3212 virgulae
1057 3133 1171 3192 aeneae
1195 3128 1233 3192 ah
1256 3131 1323 3191 imo
1348 3127 1473 3190 thorace
1497 3124 1732 3209 dependentes,
1758 3145 1843 3209 prop

651 3239 737 3298 terea
760 3233 843 3317 quod
867 3232 974 3297 halteo
999 3236 1259 3319 constringantur
1281 3233 1415 3318 ideoque
1439 3235 1523 3295 inter
1545 3252 1578 3295 11
1597 3228 1843 3315 implicentur³l

653 3340 815 3404 thoracem
838 3339 999 3424 duplicem
1022 3341 1122 3405 facere
1146 3345 1322 3405 censentur.
1348 3340 1409 3404 Sed
1432 3340 1569 3403 thoracis
1593 3339 1757 3423 appendix
1782 3337 1841 3411 illa,

651 3449 824 3532 posteriore
856 3460 998 3532 tempore
1029 3449 1256 3522 usitatissima,
1289 3446 1373 3531 apud
1404 3446 1582 3510 Homerum
1606 3467 1773 3531 nusquam
1797 3466 1843 3529 ap·

651 3559 752 3637 paret.
784 3553 950 3618 Praeterea
981 3574 1074 3618 nemo
1105 3554 1192 3618 videt
1216 3576 1272 3617 our
1297 3552 1442 3638 virgulae
1465 3551 1558 3628 illae,
1583 3554 1715 3616 etiamsi
1741 3552 1841 3617 balteo

651 3663 920 3746 constringantur,
952 3667 1118 3746 propterea
1150 3663 1324 3725 necessario
1348 3660 1428 3725 aliae
1452 3681 1547 3745 super
1571 3657 1649 3724 alias
1677 3662 1760 3724 sitae
1786 3662 1842 3723 sint

652 3766 848 3852 cogitandae.

687 4031 714 4087 l)
736 4029 823 4077 'Potum
846 4027 951 4076 scholion
975 4026 1019 4074 hoc
1041 4024 1209 4074 111ιώπιτοϋ
1228 4022 1347 4088 ζώματσς
1365 4023 1479 4085 μνησθείς
1495 4022 1668 4084 παραλίλοιτε
1689 4026 1734 4073 τὸν
1751 4025 1840 4085 θώρακι

653 4110 720 4160 licre
743 4110 791 4159 axa
817 4108 903 4171 μέρους
927 4110 956 4157 τὸ
980 4107 1036 4157 ίίλον
1060 4106 1223 4164 deintus-tac·
1247 4106 1261 4162 ἡ
1285 4107 1311 4155 di
1329 4108 1407 4172 μίτρα
1424 4105 1508 4169 τούτῳ
1525 4109 1670 4168 προσῆπται
1689 4114 1726 4170 τῷ
1746 4107 1840 4169 espan-

656 4193 711 4242 naoel
730 4182 805 4256 ζῶμα
822 4189 935 4253 φαεινθν”
954 4191 1045 4254 (ξ483)
1063 4187 1103 4237 διὰ
1121 4192 1164 4238 τὸν
1182 4191 1288 4251 χαλκόν.
1305 4188 1319 4243 ἡ
1338 4191 1415 4250 μίτραι
1433 4184 1473 4237 οὖν
1491 4187 1578 4237 ’ἔσωθεν
1597 4186 1698 4251 ἔριώδιρς
1718 4189 1776 4238 ieri
1794 4186 1841 4247 περὶ

654 4276 699 4331 τὴν
717 4273 859 4337 ἐπιφάνειαν
876 4275 963 4334 χοιλιιῆ
980 4270 1139 4334 ὑπάρχοντα.
1158 4273 1186 4320 11
1206 4273 1243 4320 his
1259 4288 1334 4335 neque
1351 4270 1451 4326 11111αῆ
1468 4270 1494 4320 31
1509 4272 1586 4333 μίτρα
1601 4270 1687 4333 τούτῳ
1698 4276 1840 4334 apostema

654 4363 689 4420 τῷ
708 4356 792 4417 θώρακι
810 4362 865 4421 apte
882 4356 1008 4406 cohaerent
1025 4360 1067 4404 sut
1084 4371 1138 4404 oum
1155 4355 1350 4419 praecedentibus
1367 4360 1409 4404 aut
1426 4372 1479 4404 com
1497 4354 1661 4419 sequentihus,
1681 4372 1759 4420 neque
1777 4354 1840 4403 rerba

654 4438 668 4494 ἦ
691 4439 768 4501 μίτρα
791 4433 831 4486 οὖν
855 4436 942 4486 ’ἔσωθεν
961 4433 1058 4498 ἐριώδιρς
1075 4436 1134 4485 ἐστί
1151 4435 1206 4497 περί
1223 4435 1268 4492 τὴν
1286 4432 1429 4497 ἐπιφάνειαν
1446 4439 1534 4498 χαλκῆ
1553 4435 1708 4499 ὑπάρχουσα
1726 4439 1840 4502 quadrant

654 4539 707 4572 cnm
726 4520 924 4586 praecedentibus.
943 4521 988 4568 Sed
1006 4520 1128 4569 decurtata
1145 4520 1311 4584 potiusquam
1328 4519 1409 4584 spuria
1426 4535 1475 4568 esee
1492 4520 1610 4568 videntur.

687 4606 714 4664 2)
738 4604 869 4667 Utramque
892 4602 1072 4667 explicationem
1097 4602 1169 4650 etism
1191 4601 1330 4651 Iiuetethins
1354 4602 1384 4650 ed
1402 4601 1487 4651 clas.
1512 4601 1756 4652 1111111111
1777 4599 1839 4651 modo

654 4686 712 4734 hoc:
729 4683 815 4734 διπλοῖ
830 4683 853 4732 δ’
871 4682 933 4741 ἦσαν
950 4685 975 4732 σί
991 4682 1092 4745 θώρακες
1110 4686 1177 4733 κατὰ
1196 4685 1239 4732 τὸν
1257 4686 1302 4732 τοῦ
1320 4682 1449 4748 ζωστῆρος
1464 4685 1547 4733 τθποι.
1566 4684 1708 4734 Euanthius
1726 4685 1795 4734 nihil.

688 4771 715 4831 3)
739 4768 877 4817 antathius
901 4768 933 4815 l.l.
960 4765 1109 4829 πτνχθέντιι
1132 4766 1174 4815 καί
1196 4766 1274 4823 οὕτως
1297 4764 1419 4824 ἀλλήλοις
1437 4763 1600 4828 ἐπιφερόμενα
1617 4764 1661 4814 καί
1677 4771 1714 4830 τῷ
1733 4765 1837 4831 (nnis

656 4852 816 4913 σφιγγθμινα
834 4845 963 4898 taxantes
980 4843 1032 4897 inei
1048 4849 1091 4898 τὸν
1108 4847 1210 4910 θώρακα.
