4525 5950
535 685 578 754 76
1058 706 1200 755 moruus.

576 875 615 937 A.
640 871 709 952 XV,
735 870 788 937 55.
821 870 981 938 Iudicatur
1010 870 1168 938 aliberto
1190 894 1247 938 suo
1270 871 1405 938 Milicho
1428 872 1606 938 Scaevinus
1629 877 1727 939 variis

533 978 636 1044 modis
665 977 811 1066 singulas
842 1001 908 1058 res,
941 979 1056 1065 quihus
1086 980 1125 1044 ab
1156 978 1213 1045 illo
1244 982 1279 1044 in
1309 982 1524 1065 suspicionem
1555 980 1729 1046 adducitur

534 1092 701 1172 tamquam
731 1106 844 1152 aroana
873 1086 1029 1171 quaedam
1060 1093 1092 1151 et
1122 1086 1247 1152 funesta
1276 1085 1469 1173 reipublicae
1497 1086 1654 1166 molitus,
1679 1109 1729 1154 ex·

533 1193 651 1280 plicare
673 1202 706 1259 et
729 1193 894 1260 defendere
918 1194 1042 1258 studet:

579 1301 754 1377 „Pecuniae
784 1306 817 1366 et
847 1299 1010 1365 libertates
1040 1301 1140 1365 servis
1170 1305 1203 1364 et
1232 1306 1305 1365 ante
1335 1298 1417 1365 dono
1441 1299 1548 1379 datos,
1574 1301 1630 1366 sed
1655 1300 1728 1367 ideo

530 1411 608 1472 tunc
638 1405 775 1493 largius,
809 1409 884 1492 qnia
907 1409 996 1472 tenui
1026 1408 1092 1471 iam
1123 1427 1157 1471 re
1180 1405 1332 1470 familiari
1356 1412 1388 1471 et
1409 1407 1606 1472 instantibus
1630 1407 1730 1474 oredi-

530 1514 655 1579 toribus
686 1520 876 1578 testamento
906 1512 1071 1578 diffideret.
1096 1511 1270 1577 Enimvero
1292 1510 1441 1578 liberales
1464 1534 1593 1599 semper
1615 1513 1729 1599 epulas

532 1622 685 1685 struxisse
708 1618 863 1685 diffideret
886 1621 972 1684 enim
996 1639 1071 1684 vero
1094 1620 1197 1683 vitam
1217 1639 1383 1683 amoenam
1403 1624 1436 1683 et
1454 1617 1543 1683 duris
1562 1619 1729 1685 iudicibus

531 1746 645 1812 parum
668 1724 866 1810 probatam.''

576 1830 679 1897 Verba
710 1831 859 1915 dffderet
889 1831 1034 1896 enimvero
1063 1832 1172 1916 inepte
1195 1832 1330 1916 repetita
1353 1829 1475 1895 dudum
1500 1838 1730 1916 expunxerunt

530 1939 676 2005 editores.
707 1942 734 2004 A
758 1939 850 2002 citam
873 1959 989 2004 novam
1013 1944 1084 2002 tum
1106 1939 1266 2023 incipiunt
1288 1940 1490 2004 sententiam.
1513 1936 1579 2003 Sed
1602 1959 1729 2005 accusa

532 2049 640 2111 tivum
659 2067 733 2111 cum
752 2046 912 2112 infinitivo
931 2047 1022 2109 vitam
1034 2083 1076 2094 -
1083 2046 1242 2128 probatam
1260 2043 1344 2110 male
1364 2067 1438 2110 oum
1461 2045 1729 2131 praecedentibus

533 2152 696 2217 cohaerere
729 2157 830 2228 recte,
862 2158 898 2216 ut
929 2152 1077 2238 equidem
1106 2172 1233 2228 censeo,
1265 2149 1411 2217 nonnulli
1441 2158 1638 2218 statuerunt.
1669 2153 1729 2219 Sed

533 2258 617 2344 quod
648 2281 761 2323 amasse
784 2257 838 2324 vel
864 2259 956 2340 rqiero
977 2262 1180 2324 inseruerunt
1203 2265 1289 2336 (ante
1312 2257 1364 2323 vel
1387 2265 1458 2344 post
1480 2259 1589 2340 atam)
1612 2281 1730 2346 parum

533 2363 707 2451 probabilis
738 2386 774 2437 ea
806 2365 984 2431 emendatio
1013 2365 1152 2430 videtur.
1184 2363 1292 2430 Multo
1316 2372 1400 2430 certe
1423 2363 1541 2430 leniore
1567 2366 1730 2432 medicina

532 2474 578 2537 sic
600 2470 691 2538 locus
714 2474 896 2538 restituitur
917 2475 950 2537 iu
973 2475 1156 2558 integrum:
1310 2452 1316 2465 ¹

580 2581 764 2656 „enimvero
796 2577 942 2644 hborales
972 2599 1097 2663 semper
1125 2577 1236 2664 epulas
1268 2579 1422 2643 struxisse
1446 2580 1514 2643 rita
1537 2598 1679 2646 amoena
1700 2586 1730 2646 st

534 2685 622 2751 duris
645 2685 804 2751 indicibus
826 2706 940 2772 parum
964 2685 1116 2771 probata''
1718 2751 1721 2759 ,

579 2796 617 2856 ut
635 2792 699 2855 cito
717 2814 839 2857 amoeno
858 2800 886 2856 et
906 2839 960 2857 ...
977 2791 1105 2874 probata
1124 2793 1167 2857 sit
1186 2789 1345 2856 ablativus
1365 2790 1547 2868 absolutus,
1569 2813 1635 2878 qua
1648 2797 1727 2860 ratio

533 2897 686 2964 redditur.

578 3115 617 3178 A.
642 3111 712 3190 XV,
738 3109 799 3177 59:

580 3219 719 3297 „Fuore‚
755 3222 811 3304 qui
844 3218 970 3303 prodita
1004 3219 1237 3295 coniuratione,
1274 3217 1352 3282 dnm
1386 3218 1517 3284 auditur
1551 3219 1724 3299 Milichus,

533 3325 610 3390 dum
641 3324 769 3391 dubitat
792 3324 983 3403 Scaevinus,
1007 3325 1212 3390 hortarentur
1235 3324 1385 3391 Pisonem
1408 3346 1542 3411 pergere
1565 3330 1599 3391 in
1625 3336 1724 3393 cestra

532 3437 589 3497 aut
609 3440 711 3497 rostra
733 3431 898 3497 escendere
921 3432 1089 3518 studiaque
1112 3431 1257 3497 militum
1281 3438 1314 3497 et
1336 3430 1448 3517 populi
1471 3434 1668 3519 temptare.”

578 3539 658 3602 Dum
695 3539 813 3601 dubitat
845 3538 1014 3604 Scacoim
1050 3537 1134 3617 Quid
1168 3538 1220 3603 his
1253 3539 1386 3604 vocibus
1421 3538 1648 3626 significaturi
1682 3538 1722 3605 Ut

534 3648 645 3731 opinor
674 3645 832 3723 conditio,
864 3648 898 3709 in
934 3666 996 3730 qua
1029 3650 1177 3709 versatur
1210 3644 1384 3709 Scaevinus
1418 3667 1454 3711 eo
1486 3651 1633 3732 tempore
1664 3666 1722 3733 quo

533 3752 688 3818 Milichus
718 3755 936 3837 interrogatur
966 3748 1102 3835 paulovc
1132 3756 1257 3836 postea,
1287 3757 1370 3816 certe
1392 3758 1464 3816 ants
1487 3750 1571 3817 illud
1594 3761 1721 3839 tempus

533 3880 596 3944 quo
626 3861 784 3944 responsis
813 3855 955 3933 Natalis,
986 3877 1060 3921 cum
1090 3859 1192 3942 ipsius
1222 3877 1284 3922 non
1315 3858 1565 3943 congruentibus
1587 3865 1629 3939 (c.
1656 3859 1719 3939 56),

532 3966 667 4049 confiteri
689 3967 831 4051 cogitur:
856 3984 931 4028 nam
956 3969 1027 4026 tum
1051 3971 1135 4028 certe
1154 3964 1291 4027 dubitare
1311 3964 1415 4029 desiit.
1439 3963 1530 4045 Quod
1552 3974 1665 4032 autem
1684 3964 1720 4031 sd

531 4075 640 4158 ipsum
670 4070 752 4137 illud
775 4073 911 4157 pertinet
936 4075 1082 4154 tempus,
1106 4091 1168 4155 quo
1192 4091 1211 4135 a
1233 4070 1368 4136 Milicho
1391 4078 1438 4136 est
1459 4071 1640 4137 indicatus:
1665 4080 1722 4138 ste·

533 4180 594 4242 tim
626 4185 696 4243 turn
728 4178 768 4243 ad
797 4178 956 4244 Neronem
986 4185 1034 4241 est
1062 4175 1218 4241 adductus
1242 4183 1361 4259 (raptus
1378 4200 1438 4260 per
1460 4177 1573 4241 militer
1596 4199 1622 4242 o.
1651 4180 1720 4258 55);

533 4276 585 4349 hit
615 4286 661 4349 ita
691 4282 835 4370 loquitur
865 4290 901 4347 ut
931 4305 958 4349 e.
980 4305 1005 4348 o.
1036 4282 1149 4367 effusio
1172 4306 1312 4368 quaerere
1336 4284 1398 4347 dici
1422 4287 1537 4369 possit,
1563 4306 1627 4350 non
1651 4306 1722 4351 vero

534 4390 680 4455 dubitare.
712 4390 815 4470 Quem
846 4390 993 4455 effectum
1023 4387 1081 4453 illa
1112 4388 1229 4474 effugia
1260 4388 1431 4454 habuerint
1462 4388 1592 4455 'lucitus
1618 4393 1722 4457 verbis

534 4504 568 4560 ut
590 4498 705 4561 laboret
728 4497 874 4561 indictum
897 4502 937 4576 (c.
964 4495 1005 4559 55
1026 4499 1120 4575 extr.)
1138 4497 1305 4580 perspicue
1325 4494 1478 4574 declarat;
1500 4504 1597 4581 atque
1617 4507 1721 4565 nostro

533 4603 601 4669 loco
625 4626 693 4670 rem
716 4605 806 4669 nobis
828 4624 896 4668 esse
920 4623 994 4667 cum
1017 4622 1054 4665 eo
1078 4607 1220 4686 tempore
1241 4602 1324 4687 quod
1344 4603 1407 4667 fuit
1426 4610 1596 4688 postquam
1618 4603 1721 4670 labare

531 4710 686 4775 iudicium
715 4712 819 4794 coepit
848 4716 880 4774 et
912 4716 1083 4792 antequam
1114 4706 1286 4773 Scaemnus
1318 4708 1504 4794 Natalisque
1534 4709 1658 4776 diversi
1680 4714 1722 4776 in

532 4819 685 4902 terrogati
715 4821 814 4881 totam
848 4816 1099 4880 coniurationem
1130 4821 1322 4901 aperuerunt
1352 4836 1402 4881 ree
1432 4818 1501 4901 ipsa
1524 4815 1656 4883 clamat.
1680 4821 1720 4883 at
