4525 5950
985 665 1127 715 rsorrus.
1149 628 1154 637 ¹
1583 644 1644 709 135

507 832 550 896 Η.
582 831 623 909 11,
652 832 702 896 16.
739 832 800 897 Per
831 836 900 898 vim
931 831 1091 897 Decumus
1123 831 1274 897 Pacarius
1302 837 1485 917 procurator
1507 830 1643 896 insulam

462 937 635 1017 Corsicam,
668 960 748 1023 quae
778 940 931 1004 hactenus
963 938 1081 1003 Othoni
1105 937 1208 1004 fidelis
1232 946 1390 1004 manserat
1412 942 1445 1003 in
1468 945 1573 1023 partes
1596 936 1647 1002 Vi-

460 1044 543 1109 tellii
578 1045 740 1110 traducere
777 1053 888 1110 tentat.
932 1043 1110 1111 Consilium
1146 1046 1242 1111 habat
1277 1047 1468 1130 principum,
1505 1045 1646 1129 duosque

460 1154 627 1235 copiarum
651 1150 746 1216 duces
770 1159 879 1217 contra
902 1152 1005 1217 dicere
1028 1172 1121 1216 ausos
1143 1150 1279 1216 interfici
1301 1151 1407 1216 iubet:

509 1256 672 1336 „Quorum
696 1265 799 1324 morte
824 1260 982 1335 exterriti,
1006 1261 1061 1343 qui
1085 1257 1232 1333 aderant,
1252 1255 1350 1320 simul
1369 1259 1480 1342 ignara
1499 1261 1531 1321 et
1550 1254 1647 1320 alieni

463 1370 570 1427 metus
593 1366 677 1427 socia
699 1366 930 1448 imperatorum
955 1365 1048 1428 turba
1071 1367 1104 1428 in
1128 1364 1225 1429 verba
1248 1361 1371 1427 Vitellii
1395 1362 1573 1427 iuravere.''

505 1469 721 1551 Imperatorum
753 1477 801 1535 est
834 1473 865 1535 in
896 1470 1002 1535 codice
1009 1492 1016 1547 ;
1050 1492 1134 1535 nunc
1164 1470 1351 1555 plerumque
1379 1471 1590 1554 acquiescitur
1612 1470 1645 1532 in

460 1582 589 1641 vetusta
621 1580 815 1642 correctione
846 1578 1056 1659 impetitorem.
1090 1576 1192 1656 Quam
1222 1579 1329 1661 inepte
1359 1576 1515 1641 diceretur
1538 1576 1646 1657 ipsura

460 1683 663 1765 imperitorum
686 1685 783 1760 turbo,
808 1704 903 1769 quam
927 1683 1062 1748 absurda
1081 1703 1117 1747 ea
1136 1692 1219 1747 esset
1238 1688 1334 1767 atque
1353 1686 1456 1747 inanis
1474 1684 1644 1747 verborum

457 1791 584 1854 ubertas
618 1792 753 1854 sensisse
783 1790 912 1855 videtur
944 1811 1046 1855 namo.
1079 1789 1156 1853 Fuit
1185 1810 1258 1853 oum
1290 1789 1328 1854 ad
1360 1789 1524 1855 vitandam
1548 1792 1645 1854 istam

459 1896 672 1983 tautologiam
704 1918 761 1981 pro
793 1899 901 1979 ipnora
933 1896 1105 1982 legendum
1137 1903 1284 1980 putarem
1315 1897 1434 1977 macco,
1466 1896 1521 1961 scd
1550 1895 1645 1981 longe
1714 1903 1717 1908 ’

459 2001 592 2067 meliora
622 2024 675 2068 me
706 2024 789 2067 unus
819 2024 836 2068 e
860 2002 1136 2068 commilitonibus
1159 2002 1283 2079 docuit,
1307 2006 1399 2068 coins
1422 2002 1645 2068 felicissimum

456 2112 626 2174 inventum
658 2108 795 2174 libenter
826 2110 878 2174 hic
909 2130 1002 2194 pono.
1035 2109 1066 2173 ls
1098 2113 1182 2174 enim
1211 2110 1419 2192 imperatorum
1443 2110 1645 2175 retinendum

458 2217 513 2281 sed
544 2219 656 2280 statim
687 2224 759 2300 post
790 2217 897 2297 ignoro
924 2216 1105 2302 ponendum
1130 2216 1230 2281 vidit:
1257 2219 1390 2303 „ignara
1413 2220 1644 2303 imperatorum

458 2329 490 2387 et
523 2321 622 2387 alieni
654 2329 761 2387 metus
790 2324 874 2386 socia
905 2322 1031 2386 turba.”
1067 2321 1209 2387 insulani
1238 2325 1296 2387 isti
1327 2327 1382 2388 vix
1413 2326 1482 2408 ipso
1513 2322 1645 2388 Othonis

461 2427 647 2513 Vitelliique
678 2431 807 2493 nomina
836 2435 1007 2507 noverant3
1042 2434 1126 2493 corte
1158 2435 1231 2493 uter
1255 2431 1343 2515 peior
1365 2435 1449 2494 esset
1470 2430 1644 2514 imperator

458 2533 552 2619 plane
576 2536 768 2621 ignorabant
782 2532 817 2616 ¹).

502 2747 544 2811 H.
577 2747 618 2824 ΙΙ,
642 2747 695 2813 32.
729 2746 915 2814 Coniunctis
946 2745 1099 2814 Caecinae
1130 2756 1163 2813 et
1192 2746 1335 2813 Valentis
1357 2750 1455 2832 copiis
1480 2742 1644 2812 Vitelliani

456 2853 594 2918 certandi
630 2854 740 2919 ardent
770 2875 894 2932 amore;
930 2853 1101 2919 Othoniani
1132 2860 1243 2918 utrum
1275 2856 1385 2918 statim
1417 2856 1449 2917 in
1474 2852 1642 2918 discrimen

453 2982 523 3024 rem
543 2958 699 3025 adducant
719 2982 758 3026 on
778 2965 961 3046 exspectent
978 2963 1075 3026 etiam
1088 2959 1274 3037 deliberant.
1298 2959 1367 3025 Hoc
1379 2958 1552 3025 Suetonius
1564 2961 1645 3027 Pau·

453 3065 541 3130 linus
571 3067 699 3131 suadet:
731 3089 820 3132 more
850 3067 1080 3132 exhauriendas
1110 3068 1253 3132 hostium
1285 3069 1369 3132 vires
1400 3076 1522 3146 conset,
1547 3090 1642 3133 suum

455 3175 542 3237 enirn
563 3175 738 3237 exercitum
758 3173 869 3238 eadem
889 3194 1072 3239 accrescere.
1094 3173 1174 3238 llius
1194 3175 1290 3238 verba
1302 3181 1335 3239 et
1347 3172 1409 3238 alia
1421 3182 1495 3239 sunt
1507 3181 1539 3240 et
1551 3176 1641 3240 hoec:

503 3278 638 3353 „Paucis
672 3278 783 3343 diebus
819 3287 966 3364 quartam
1000 3280 1158 3345 decimam
1189 3279 1352 3367 legionem
1382 3303 1517 3362 mopso-m
1547 3281 1642 3363 boram

447 3385 581 3469 'femena
606 3384 754 3450 Moesicis
779 3407 854 3450 cum
877 3389 976 3470 copiis
1000 3386 1139 3451 adforc.''

500 3490 552 3556 Sic
582 3499 630 3556 est
660 3495 693 3556 in
717 3492 831 3557 codice.
857 3493 1026 3579 ¹Probatur
1057 3493 1121 3557 fero
1154 3492 1289 3559 Candidi
1312 3493 1511 3558 emendatio:
1536 3517 1643 3576 mopere

453 3599 550 3680 opsono
574 3599 676 3682 soma.
709 3599 898 3684 Perperam,
931 3606 967 3663 ut
998 3601 1118 3684 opinor.
1152 3598 1243 3665 Nihil
1273 3603 1361 3664 enim
1392 3603 1536 3685 seqnitur
1558 3602 1643 3687 quod

450 3705 506 3768 isti
538 3704 633 3785 aprum
663 3704 715 3769 vel
747 3712 925 3790 opponatur
956 3704 1009 3770 vel
1039 3705 1147 3791 aliqua
1178 3709 1300 3772 ratione
1330 3729 1404 3771 oum
1427 3728 1463 3771 eo
1487 3708 1642 3774 vocabulo

454 3809 630 3874 cohaereat.
659 3810 758 3875 Unice
790 3833 903 3876 verum
933 3811 1077 3876 videtur:
1109 3836 1244 3892 moqaom
1266 3814 1334 3894 abac
1351 3814 1460 3896 soma:
1485 3811 1553 3878 sola
1575 3817 1641 3880 iam
1716 3841 1720 3850 ·

454 3938 563 3981 rerum
594 3924 759 4003 gestarum
790 3916 895 4003 gloria
927 3939 1066 4004 magnus
1097 3926 1129 3983 et
1161 3918 1278 3983 nobilis
1301 3918 1358 3984 ille
1380 3926 1449 3983 orat
1472 3923 1641 3986 exercitus.
1724 3917 1729 3926 ’

454 4020 503 4088 Of.
537 4023 620 4106 quod
652 4026 795 4107 proxime
828 4024 1002 4108 praecedit:
1036 4032 1267 4109 „senatumque
1301 4031 1332 4089 et
1363 4024 1540 4109 populum,
1565 4049 1643 4091 nun-

452 4149 549 4212 quam
585 4129 717 4193 obscnra
751 4130 913 4195 nomina.''
949 4130 1113 4210 Quantum
1145 4132 1265 4195 roboris
1294 4134 1327 4194 in
1357 4134 1425 4215 ipso
1454 4134 1584 4198 romine
1607 4153 1642 4198 ac

452 4236 540 4300 fama
562 4239 680 4301 inesset
704 4237 799 4320 probo
825 4245 957 4302 noverat
981 4240 1103 4322 peritus
1127 4240 1306 4301 animorum
1332 4237 1406 4301 dux.

499 4447 606 4523 H.11,
632 4446 684 4511 59.
718 4445 901 4513 Honoribus
931 4448 1051 4514 afficere
1082 4447 1271 4526 Vitellium,
1296 4451 1349 4534 qui
1376 4448 1470 4515 modo
1494 4449 1640 4528 advenit,

453 4555 485 4619 st
509 4553 629 4618 milites
654 4554 789 4619 Romani
813 4555 846 4620 et
869 4560 1047 4641 municipes
1072 4554 1301 4641 Lugdunenses
1325 4563 1456 4620 certant.
1481 4556 1557 4622 llle:

457 4708 650 4715 --.-.—-——.

493 4799 518 4858 l)
535 4800 626 4847 Auctor
642 4796 801 4862 lepidissimus
819 4797 990 4847 emendationi·
1007 4800 1035 4848 Δ.
1055 4797 1170 4848 norom
1187 4810 1238 4849 vau
1257 4811 1306 4848 osa
1322 4799 1405 4849 boort
1422 4798 1459 4849 lit.
1476 4798 1542 4853 hum.
1559 4800 1627 4853 caud.
