4525 5950
885 705 920 752 rs
943 703 1024 752 anon
1046 703 1196 752 ruranro.
1569 685 1635 751 425

437 879 585 958 pataram
616 869 795 957 protendit,
827 871 958 934 sinistra
988 889 1063 933 vero
1095 867 1178 933 elata
1208 867 1334 955 galeam
1366 874 1471 946 tenet,
1500 870 1635 935 humero

439 981 513 1044 eius
537 980 667 1043 sinistro
692 975 853 1062 applicata
876 982 925 1040 est
947 973 1047 1061 longa
1070 977 1195 1060 cuspis,
1227 981 1301 1039 ante
1324 975 1420 1059 pedes
1443 977 1556 1061 ingens
1575 997 1638 1041 ser·

437 1105 520 1170 pens
543 1081 770 1168 conspicitur.''
794 1080 935 1167 Egregie
958 1082 1062 1166 igitur
1084 1085 1269 1165 congruunt
1292 1100 1349 1144 ras
1371 1079 1453 1145 illud
1475 1088 1508 1146 et
1530 1088 1637 1147 noster

435 1190 539 1275 lapis;
562 1210 636 1254 nam
656 1188 733 1254 licet
751 1191 786 1252 in
805 1190 947 1272 imagine
968 1186 1049 1251 desit
1068 1193 1176 1249 noctua
1194 1191 1227 1250 et
1245 1187 1278 1249 in
1298 1187 1505 1270 inscriptione
1517 1186 1636 1251 frustra

435 1298 642 1381 requiramus
662 1296 780 1358 bustam
798 1300 830 1359 et
846 1293 964 1373 poleam
984 1299 1016 1357 et
1033 1298 1205 1375 serpentem,
1219 1291 1390 1376 utrobique
1402 1291 1519 1356 adsunt
1524 1300 1635 1373 patero

437 1416 473 1468 et
492 1402 612 1480 toenia,
632 1422 683 1465 res
703 1401 816 1487 magni
836 1400 1012 1476 momenti;
1035 1401 1134 1463 etiam
1154 1398 1319 1462 inooreaet
1332 1398 1450 1462 timbron
1462 1418 1632 1484 agnoscere

436 1507 533 1572 nobis
561 1506 720 1579 videmur.
752 1511 784 1569 et
812 1506 847 1567 in
877 1509 1002 1579 statua,
1035 1523 1131 1588 quam
1163 1501 1282 1567 Iahnus
1311 1505 1345 1566 in
1375 1502 1488 1568 eadem
1523 1501 1633 1568 tabula

435 1611 570 1677 exhibet
602 1611 662 1675 sub
686 1612 829 1675 numeris
855 1611 872 1672 l
898 1614 931 1674 et
954 1606 1014 1689 2¹)
1038 1615 1070 1673 et
1094 1630 1168 1673 eum
1192 1611 1336 1694 imagine
1359 1608 1539 1673 saecularia
1562 1629 1632 1674 con·

435 1716 520 1793 fert,
541 1718 740 1801 conspicitur
764 1715 882 1795 „aegia
908 1734 989 1799 quae
1013 1712 1139 1799 pallioli
1161 1717 1263 1778 instar
1286 1712 1406 1778 collum
1429 1721 1460 1778 et
1482 1714 1633 1779 humeros

436 1827 537 1906 atque
567 1827 679 1906 pectus
704 1823 787 1906 tegit
912 1825 946 1883 et
966 1821 1001 1882 in
1025 1818 1131 1884 media
1155 1819 1267 1905 aegide
1290 1818 1422 1903 clupeus
1445 1818 1543 1884 altius
1565 1818 1633 1906 glo

435 1927 534 1991 batus
568 1927 766 2004 observatur,
800 1928 853 1990 cui
888 1927 966 2011 quin
1003 1925 1151 2005 Geryonis
1184 1931 1274 2006 capet
1310 1944 1439 1989 aereum
1473 1927 1632 1990 insertum

434 2033 553 2109 fuerit,
584 2052 658 2097 oum
688 2035 723 2096 in
753 2052 881 2096 summo
912 2032 1058 2116 margine
1089 2029 1232 2094 foramen
1263 2033 1419 2115 supersit,
1445 2052 1505 2095 non
1528 2035 1633 2115 potest

435 2136 614 2202 dubitari’'.
1522 2163 1524 2167 ’

483 2243 606 2308 Eadem
624 2244 749 2327 pictura
768 2250 895 2328 praeter
914 2241 1069 2306 feminam
1089 2241 1286 2307 sacerdotem
1305 2241 1450 2306 exhibet:
1470 2245 1632 2327 „porticus

438 2350 556 2415 doricis
580 2348 740 2414 columnis
762 2351 891 2414 innixae
913 2354 1039 2435 partem
1157 2368 1238 2433 pone
1258 2368 1354 2432 quam
1376 2368 1430 2413 ara
1450 2351 1553 2432 posita
1572 2356 1630 2427 est,

437 2475 560 2542 magna
590 2453 762 2540 effulgente
790 2453 936 2532 flamma;
970 2460 1041 2538 post
1071 2473 1158 2517 aram
1183 2453 1274 2517 bovis
1297 2455 1409 2538 magni
1434 2454 1501 2518 basi
1525 2459 1563 2517 ut
1586 2457 1631 2518 vi·

434 2561 534 2626 detur
550 2560 679 2624 cuidam
697 2562 844 2645 impositi
863 2580 936 2645 pars
954 2561 1092 2624 anterior
1111 2560 1274 2644 apparet.''
1294 2558 1414 2623 Iahnus
1431 2561 1521 2624 Arois
1535 2560 1631 2625 Athe·

434 2686 553 2731 narum
585 2663 713 2750 aliquod
745 2668 876 2751 signum
908 2666 1139 2749 repraesentari
1161 2670 1250 2729 ratus
1274 2667 1436 2750 porticum
1459 2664 1631 2731 Erechthei

434 2769 664 2856 intellegebat,
700 2772 792 2835 cuius
827 2768 963 2835 aedificii
997 2769 1142 2834 ordinem
1176 2772 1319 2834 ionicum
1349 2774 1524 2835 sententiae
1555 2792 1631 2837 suae

433 2898 501 2941 non
533 2876 657 2941 obstare
688 2876 910 2952 existimabat,
941 2875 1037 2961 idque
1070 2878 1193 2961 optimo
1222 2879 1309 2948 iure.
1341 2897 1416 2941 cum
1440 2880 1628 2962 praesertim

433 2985 572 3048 minime
591 2989 716 3048 constet
735 2982 953 3048 Erechtheum
972 2988 1066 3048 vetus
1084 2983 1193 3047 ordine
1208 2985 1312 3048 ionico
1325 2984 1424 3049 fuisse
1436 2990 1630 3052 extructum.

432 3088 498 3155 Sed
530 3091 682 3174 quoniam
714 3089 858 3155 domuum
890 3088 1049 3174 templum
1072 3091 1107 3152 in
1130 3087 1281 3174 Acropoli
1303 3092 1514 3176 cognovimus
1537 3091 1631 3157 hodie

433 3202 468 3260 et
500 3194 578 3260 deae
608 3215 688 3279 quae
720 3197 754 3258 in
785 3194 915 3260 vasculo
938 3194 995 3260 illo
1018 3195 1144 3279 depicta
1166 3204 1215 3259 est
1238 3217 1357 3282 magna
1379 3203 1428 3261 est
1451 3196 1631 3262 similitudo

433 3322 512 3367 cum
534 3300 593 3366 dea
614 3304 648 3365 in
670 3302 876 3386 inscriptione
895 3307 1004 3365 nostra
1022 3308 1292 3377 commemorata,
1313 3305 1461 3388 cogimur
1480 3304 1630 3388 quodam·

434 3405 534 3470 modo
558 3405 771 3483 considerare,
795 3405 904 3470 fierine
927 3407 1029 3490 possit
1052 3411 1090 3469 ut
1113 3407 1217 3490 pictor
1239 3408 1324 3470 vasis
1350 3406 1509 3491 templum
1532 3413 1627 3472 vetus

433 3510 603 3576 Minervae
626 3510 798 3597 depingere
820 3510 971 3576 voluerit.

482 3615 553 3680 Non
584 3619 740 3681 assentior
770 3616 868 3681 Iahno
900 3617 950 3680 his
972 3617 1080 3682 verbis
1103 3618 1235 3703 neganti
1259 3617 1374 3681 bovem
1397 3619 1494 3698 (sitne
1517 3625 1629 3684 taurus

432 3743 496 3786 non
529 3727 674 3807 apparet)
704 3722 744 3787 ad
775 3723 967 3787 sacrificium
996 3724 1172 3807 pertinere:
1198 3722 1276 3798 „ubi
1298 3724 1385 3787 enim
1408 3723 1560 3789 sacrificia
1584 3746 1629 3790 rc·

433 3835 690 3913 praesentantur,
727 3828 894 3907 animalia,
927 3849 1008 3913 quae
1037 3828 1206 3893 mactanda
1240 3835 1333 3906 sunt,
1368 3828 1558 3914 plerumque
1589 3831 1628 3895 ad

432 3953 523 3998 aram
549 3932 752 3998 adducuntur
775 3933 828 3998 vel
852 3936 886 3997 in
910 3954 947 3998 eo
971 3938 1047 3997 sunt
1071 3939 1108 3997 ut
1131 3932 1334 4019 iugulentur,
1359 3937 1428 3999 sive
1452 3934 1629 4001 sacerdotes

432 4036 488 4102 vel
511 4040 671 4116 ministri,
696 4041 765 4103 sive
789 4038 958 4104 daemones
982 4038 1114 4123 quidam
1137 4039 1196 4103 hoc
1221 4038 1322 4104 officio
1345 4039 1526 4125 funguntur

429 4146 465 4207 in
498 4152 609 4209 nostra
640 4165 714 4209 varo
746 4147 872 4230 pictura
902 4154 1033 4209 taurum
1065 4144 1212 4208 videmus
1234 4143 1406 4228 tranquille
1430 4144 1626 4222 adstantem,

432 4252 562 4314 nemine
586 4256 766 4334 praesente,
792 4253 847 4335 qui
872 4249 924 4315 rel
948 4249 1084 4315 adducat
1106 4249 1159 4315 vel
1183 4256 1289 4315 teneat
1312 4249 1367 4316 vel
1389 4252 1549 4315 occisums
1572 4254 1626 4329 sit,

431 4376 537 4441 neque
571 4355 692 4422 infulae
727 4377 829 4441 neque
863 4377 994 4421 coronae
1030 4355 1155 4421 additae
1190 4362 1283 4433 sunt,
1316 4356 1432 4440 quibus
1466 4355 1627 4421 indicetur

431 4463 550 4527 bovem
582 4461 622 4526 ad
652 4462 843 4528 sacrificium
870 4469 1017 4548 paratum
1041 4482 1119 4527 esse.
1144 4460 1292 4539 Accedit,
1318 4461 1403 4547 quod
1427 4467 1541 4527 taurus
1563 4466 1624 4529 iste

466 4728 493 4792 l)
517 4727 554 4776 Gi.
576 4728 603 4776 in
623 4726 721 4792 primia
745 4726 832 4785 Imber,
856 4742 908 4791 roy.
927 4742 991 4777 mon.
1009 4729 1048 4790 hg.
1066 4727 1124 4784 2.1;
1147 4730 1171 4775 ct
1188 4726 1323 4785 sehardum
1339 4742 1400 4776 mna.
1418 4727 1446 4775 ol
1459 4728 1527 4777 olm.
1544 4736 1591 4778 ent.
1611 4730 1624 4779 1

431 4827 455 4875 p.
476 4810 525 4859 1⁹0
534 4824 585 4873 sqq.
