4525 5950
544 700 607 765 192
1072 715 1215 764 simius.

539 881 743 946 admirationi
761 883 881 944 iuncta.
905 879 996 959 Quod
1017 878 1222 963 philosophos
1242 899 1281 943 ex
1300 879 1378 943 urbe
1390 879 1516 964 expulit
1528 878 1730 944 Domitianus

540 993 705 1072 tamquam
737 988 968 1071 gravissimum
993 989 1122 1071 tyranni
1146 988 1179 1048 in
1203 990 1305 1049 totam
1329 985 1567 1050 humanitatem
1593 988 1734 1071 proponi·

539 1097 593 1156 tur
614 1098 780 1177 peccatum
805 1092 897 1177 (Agr.
919 1091 964 1169 2),
990 1096 1023 1155 et
1047 1097 1155 1155 tamen
1181 1090 1308 1155 eosdem
1328 1088 1404 1155 illos
1425 1112 1487 1155 uon
1508 1092 1621 1155 minus
1642 1092 1733 1156 bonos

539 1197 745 1283 philosophos
780 1203 812 1261 et
847 1195 1068 1280 prudentiores
1100 1196 1246 1260 homines
1277 1196 1405 1261 futuros
1436 1195 1551 1273 fuisse,
1585 1198 1613 1260 si
1644 1195 1732 1260 silere

539 1306 734 1390 potuissent,
767 1305 823 1366 ubi
847 1310 933 1366 certa
954 1301 1078 1366 adesset
1101 1301 1201 1366 libere
1224 1301 1431 1386 loquentibus
1454 1303 1629 1386 pernicies,
1652 1301 1734 1366 iden-

539 1409 639 1473 tidem
664 1408 880 1473 demonstrare
903 1414 1034 1471 conatur
1138 1407 1274 1484 frustra,
1299 1413 1337 1471 ut
1359 1428 1420 1493 ego
1444 1428 1567 1473 censeo.
1593 1407 1679 1472 Hinc
1701 1407 1734 1472 tit

539 1520 578 1578 ut
607 1534 718 1579 revera
747 1515 842 1599 genio
871 1512 1040 1598 indulgere
1063 1512 1212 1576 videatur
1235 1534 1309 1576 cum
1334 1533 1446 1578 eorum
1469 1535 1572 1578 unum
1597 1512 1734 1578 ludibrio

540 1621 654 1684 habere
679 1621 782 1703 possit
805 1617 995 1682 Musonium
1019 1618 1157 1693 Rufum,
1183 1617 1220 1682 de
1245 1639 1307 1702 quo
1331 1621 1364 1681 in
1391 1603 1545 1683 Historiis
1565 1617 1658 1684 locus
1674 1626 1733 1695 est,

539 1728 595 1810 qui
615 1724 738 1798 facetus
760 1723 862 1788 videri
883 1729 1007 1809 posset,
1029 1725 1092 1787 nisi
1111 1729 1238 1787 tantum
1252 1726 1370 1788 inesset
1382 1724 1565 1788 acerbitatis
1578 1722 1650 1801 (lll,
1664 1724 1732 1799 eu:

586 1830 784 1906 „Miscuerat
816 1850 848 1893 se
879 1827 1018 1913 legatis”
1050 1835 1143 1912 (quoe
1166 1831 1234 1912 ipse
1258 1834 1388 1893 senatus
1412 1829 1451 1893 ad
1474 1830 1611 1894 Antonii
1635 1830 1733 1893 Primi

539 1935 660 2000 milites
680 1938 810 2000 miserat
830 1935 1032 1999 concordiam
1049 1955 1225 2019 pacemque
1237 1942 1401 2014 suasuros)
1414 1933 1609 2010 „Musonius
1621 1935 1732 2012 Rufus,

538 2043 695 2125 equestris
729 2039 866 2117 ordinis,
904 2038 1049 2103 studium
1085 2038 1307 2123 philosophiae
1341 2044 1373 2103 et
1403 2037 1521 2124 placita
1552 2038 1732 2105 Stoicorum

538 2145 737 2221 aemulatus,
759 2146 988 2229 coeptabatque
1008 2147 1190 2230 permixtus
1209 2144 1383 2229 manipulis
1401 2145 1483 2209 bona
1502 2146 1591 2230 pacis
1611 2166 1647 2210 ac
1660 2145 1734 2210 belli

538 2250 724 2314 discrimina
747 2249 903 2314 disserens
927 2257 1066 2313 armatos
1087 2269 1224 2314 monere.
1249 2248 1286 2312 Id
1305 2248 1465 2333 plerisque
1484 2248 1644 2328 ludibrio,
1669 2249 1733 2335 plu·

537 2357 626 2420 ribus
655 2354 777 2431 taedio;
803 2374 860 2418 nec
884 2354 1030 2430 deerant,
1054 2357 1110 2438 qui
1135 2352 1348 2438 propellerent
1373 2352 1674 2439 proculcarentque,
1702 2357 1733 2418 ni

537 2460 705 2524 admonitu
737 2458 967 2523 modestissimi
991 2461 1146 2542 cuiusque
1170 2465 1201 2522 et
1225 2457 1298 2522 aliis
1320 2459 1548 2524 minitantibus
1571 2461 1733 2524 omisisset

537 2567 801 2649 intempestivam
827 2562 1049 2648 sapientiam.’'

581 2669 664 2733 Nam
691 2669 859 2733 Musonius
883 2668 1002 2744 Rufus,
1028 2667 1103 2733 licet
1128 2668 1327 2733 dirissimum
1350 2667 1432 2732 illud
1456 2668 1637 2734 Domitiani
1656 2675 1733 2735 tem-

535 2797 596 2861 pus
631 2774 763 2839 fortasse
800 2796 862 2838 non
898 2773 1034 2850 viderit,
1072 2795 1212 2859 ergoque
1247 2773 1355 2838 Tacito
1391 2772 1561 2859 Agricolae
1597 2775 1732 2861 aliisque

534 2880 686 2945 modestis
710 2882 876 2965 cautisque
901 2880 1087 2943 hominibus
1110 2885 1272 2944 certamen
1291 2901 1365 2944 cum
1383 2878 1441 2944 illo
1460 2899 1522 2944 non
1542 2882 1602 2958 sit,
1623 2889 1731 2946 tamen

534 2989 698 3051 communi
729 2989 762 3049 in
794 2984 918 3050 Stoicos
949 2985 1072 3050 invidia
1095 2985 1385 3071 comprehenditur.
1411 2986 1496 3065 Quid
1520 2986 1605 3070 quod
1629 3009 1670 3053 ne
1693 2988 1730 3052 de

533 3091 674 3157 Thrasea
696 3091 826 3176 quidem
848 3097 880 3156 et
901 3091 1019 3156 Seneca
1039 3090 1172 3176 aliisque
1193 3090 1327 3156 Neronis
1344 3094 1487 3156 victimis
1507 3090 1600 3176 loqui
1624 3100 1729 3178 potest

532 3195 679 3273 Tacitus,
711 3200 789 3282 quin
820 3218 931 3261 eorum
962 3196 1112 3262 laudibus
1135 3197 1309 3262 admisceat
1333 3200 1435 3262 amari
1457 3196 1591 3281 aliquid.
1615 3198 1728 3263 Nonne

531 3302 568 3366 de
602 3302 781 3367 Domitiani
818 3303 1017 3387 temporibus
1053 3306 1177 3388 cogitat
1206 3324 1281 3367 cum
1312 3302 1487 3368 Thraseam
1527 3303 1606 3368 dicit
1645 3305 1728 3380 „sibi

531 3428 659 3472 causam
679 3406 814 3493 periculi
834 3409 961 3484 fecisse,
983 3412 1095 3473 ceteris
1116 3407 1275 3473 libertatis
1295 3411 1428 3472 initium
1447 3430 1507 3473 non
1521 3409 1727 3494 praebuisse”

531 3513 583 3592 (A.
610 3512 695 3588 XIV,
726 3510 800 3590 12)l
833 3512 875 3576 itt
899 3521 1006 3578 tamen
1030 3513 1107 3597 quid
1131 3519 1203 3577 tum
1227 3514 1343 3578 fecerat
1366 3511 1525 3578 Thrasea?
1549 3513 1655 3579 Locus
1680 3531 1727 3580 eet

531 3617 625 3702 paulo
650 3619 821 3693 obscurior,
847 3619 978 3683 fortasse
1002 3626 1188 3703 corruptus,
1218 3620 1278 3683 hoc
1302 3625 1410 3685 tamen
1435 3618 1539 3684 elucet
1562 3620 1726 3684 obstitisse

487 3800 494 3814 ἱ
531 3722 703 3787 Thraseam
735 3725 935 3788 senatoribus
959 3723 1076 3788 Neroni
1100 3726 1355 3789 abiectissimum
1379 3728 1412 3789 in
1435 3725 1568 3790 modum
1593 3724 1725 3790 adulan-

532 3829 630 3892 tibus.

576 3933 618 3997 Et
641 3954 680 3997 ne
704 3940 856 4018 putemus
880 3933 1027 3999 Tacitum
1051 3933 1132 3997 illud
1157 3934 1327 3999 consilium
1351 3956 1442 4000 suam
1466 3938 1629 4021 socerique
1654 3959 1727 4023 pru·

531 4039 672 4103 dentiam
703 4039 973 4123 modestiamque,
1005 4060 1079 4124 prae
1114 4039 1315 4115 „Stoicorum
1338 4043 1474 4105 istorum
1496 4044 1727 4127 intempestiva

530 4146 707 4229 sapientia''
732 4145 906 4210 extollendi
930 4148 1097 4222 omittere,
1122 4168 1196 4211 oum
1221 4147 1259 4212 de
1283 4147 1404 4213 ‘liberii
1427 4149 1539 4213 scribit
1562 4155 1726 4236 tempore,

531 4252 608 4316 haec
631 4251 867 4316 consideremus
892 4253 987 4316 verba
1010 4274 1047 4316 er
1073 4251 1132 4315 lV⁰
1156 4251 1238 4317 libro
1263 4252 1437 4318 Annalium
1461 4274 1487 4318 c.
1512 4253 1576 4318 20:

578 4357 694 4433 „Hunc
725 4378 784 4441 ego
816 4356 974 4442 Lepidum
1005 4358 1204 4441 temporibus
1236 4357 1302 4422 illis
1332 4380 1465 4445 gravem
1490 4366 1522 4423 et
1545 4364 1727 4445 sapientem

532 4465 641 4526 virum
673 4462 771 4526 fuisse
802 4464 989 4545 comperior,
1022 4483 1095 4526 nam
1121 4464 1272 4548 pleraque
1296 4465 1334 4529 ab
1357 4467 1461 4530 saevis
1484 4464 1727 4532 adulationibus

530 4567 665 4632 aliorum
699 4569 732 4629 in
765 4566 882 4630 melius
914 4567 1012 4630 flexit.
1047 4569 1157 4652 Neque
1190 4576 1296 4634 tamen
1322 4573 1568 4655 temperamenti
1592 4572 1750 4659 egebat„

528 4694 603 4737 cum
642 4670 801 4755 aequabili
840 4674 1030 4736 auctorit-ate
1065 4679 1097 4738 et
1126 4678 1232 4769 gratia
1262 4681 1339 4761 aput
1370 4674 1537 4741 liberium
1568 4680 1726 4763 viguerit.

532 4776 620 4841 Unde
655 4776 802 4840 dubitare
837 4796 943 4860 cogor,
979 4778 1045 4841 fato
1076 4787 1109 4841 et
1140 4784 1225 4843 sorte
1256 4780 1420 4854 nascendi,
1453 4788 1491 4843 ut
1521 4788 1645 4857 cetera,
1681 4785 1727 4847 ita
