4525 5950
660 683 726 747 310
1165 700 1321 750 nonanus.

655 887 749 931 nemo
788 864 880 930 facile
921 864 1054 941 dixerit,
1095 886 1152 930 nec
1186 886 1302 931 verum
1335 872 1394 933 est.
1430 865 1669 954 corrigendum
1705 868 1854 934 videtur:

657 970 831 1057 „<apud>
867 970 987 1035 iudices
1022 974 1230 1056 pronuntiare
1265 971 1401 1049 soleut”,
1433 993 1547 1058 nempe
1577 976 1622 1050 ii,
1654 977 1714 1059 qui
1750 995 1786 1039 se
1817 973 1853 1038 ad

655 1077 739 1143 male
772 1075 954 1142 faciendum
985 1077 1024 1140 ab
1055 1075 1127 1141 aliis
1158 1077 1384 1162 perductos
1414 1079 1447 1143 b.
1468 1099 1496 1144 e.
1526 1077 1688 1164 pellectos
1712 1101 1787 1145 ease
1808 1101 1856 1145 ex·

654 1190 777 1249 cusant.
810 1180 1281 1250 cf.cie.verr.1169fine.
1314 1185 1393 1270 Nep.
1418 1183 1512 1250 Dion.
1536 1183 1564 1249 V
1586 1184 1622 1249 2.
1654 1185 1786 1252 Locum
1809 1208 1856 1252 uo

654 1293 739 1356 tavit
762 1290 812 1356 W.
844 1289 900 1370 (D)

701 1474 743 1540 56
779 1476 827 1555 (1)
861 1473 1010 1552 „Habet”
1042 1473 1147 1540 idest
1171 1475 1360 1540 vulneratus
1384 1480 1449 1553 est;
1473 1475 1638 1560 qbabsre
1663 1477 1760 1542 enim
1784 1477 1856 1542 dici·

655 1588 718 1660 tur,
749 1584 804 1667 qui
835 1602 1002 1667 percussus
1033 1587 1091 1646 est.
1151 1580 1281 1666 Repetit
1310 1583 1430 1667 partim
1459 1580 1577 1647 Donati
1602 1581 1779 1648 scholium
1803 1583 1855 1663 (2),

653 1688 708 1753 sed
730 1686 880 1766 liberius,
905 1709 1003 1773 quam
1026 1689 1055 1752 A
1077 1687 1136 1752 hoe
1160 1688 1261 1753 facere
1285 1687 1399 1753 solitus
1422 1693 1480 1753 est.
1505 1686 1562 1767 (D)

699 1870 743 1935 80
763 1871 841 1935 Post
863 1868 985 1934 scholia
1004 1869 1120 1934 Donati
1140 1869 1188 1948 (I)
1208 1874 1240 1934 et
1260 1868 1446 1955 Philosophi
1457 1870 1506 1950 (2)
1518 1868 1662 1949 (Mnem.
1677 1869 1717 1936 II.
1732 1892 1766 1957 p.
1782 1871 1853 1947 221)

652 1979 798 2063 sequitur
828 1975 990 2041 adnotatio
1021 1978 1129 2041 minus
1157 1978 1301 2062 apposita
1323 1974 1390 2056 (3):
1414 1981 1447 2042 et
1471 1976 1670 2061 „frequens”
1699 1984 1743 2043 ut
1768 1977 1852 2043 miles

652 2083 737 2168 apud
761 2083 863 2167 signa.
888 2080 944 2162 (D)

698 2264 741 2329 88
775 2264 813 2328 In
836 2265 932 2328 funus
956 2264 1073 2349 prodeo

697 2370 827 2455 Repetit
856 2390 873 2435 e
904 2370 1028 2435 Donato
1060 2368 1145 2448 (81):
1178 2390 1218 2447 „a
1249 2369 1413 2435 funalibus
1443 2369 1567 2435 dictum
1599 2369 1676 2435 est’'
1704 2372 1764 2437 sed
1787 2371 1849 2437 deiu

651 2498 709 2541 suo
741 2475 847 2541 Marte
862 2475 884 2555 ¹)
909 2478 953 2540 sic
976 2477 1099 2562 pergIt:
1122 2475 1157 2540 id
1181 2482 1228 2541 est
1252 2479 1342 2541 uncis
1365 2483 1399 2542 et
1420 2475 1539 2541 aculeis
1563 2476 1848 2555 candelabrorum,

651 2583 768 2667 quibus
791 2581 928 2649 delibuti
950 2581 1042 2646 funes
1065 2588 1097 2646 et
1118 2585 1288 2667 ingenium
1311 2585 1394 2648 cerei
1416 2584 1546 2648 fomites
1569 2583 1811 2669 infigebantur.

697 2687 788 2753 Unde
811 2689 870 2753 hoc
894 2688 1009 2753 babeat
1032 2688 1124 2753 docet
1148 2710 1204 2754 nos
1227 2688 1360 2756 Servius
1383 2689 1423 2754 ad
1446 2690 1525 2753 Aen.
1548 2689 1563 2753 I
1592 2687 1675 2767 727,
1704 2692 1765 2756 ubi
1788 2698 1848 2776 post

650 2794 747 2860 verba
769 2800 944 2880 (corrupta)
966 2815 983 2858 e
1008 2793 1147 2859 Varrone
1170 2797 1216 2859 sic
1238 2794 1375 2882 legitur:
1407 2794 1555 2874 (funalia)
1579 2797 1766 2873 „nonnulli
1788 2817 1847 2862 cau·

650 2898 778 2965 delubra
800 2900 885 2964 dicta
909 2900 1056 2977 tradunt,
1081 2921 1162 2987 quae
1185 2904 1218 2965 iu
1240 2902 1398 2987 capitibus
1423 2904 1556 2966 uncinos
1581 2902 1766 2983 haberent,
1791 2905 1848 2990 qui·

647 3008 706 3072 bus
735 3007 823 3093 affigi
854 3006 997 3073 solebant
1027 3006 1080 3072 vel
1109 3006 1256 3073 candelae
1280 3011 1313 3088 (i.
1340 3028 1367 3072 e.
1392 3010 1473 3075 cerei
1497 3008 1647 3089 fomites)
1682 3011 1742 3076 vel
1766 3012 1846 3075 fana

647 3115 716 3198 pice
740 3112 933 3178 delibutae”.

693 3220 784 3284 Hanc
814 3219 1058 3305 explicationem
1091 3219 1313 3305 undecumque
1349 3221 1499 3285 haustam
1534 3224 1703 3307 magister
1739 3225 1845 3287 misere

648 3326 843 3412 depravavit.
880 3325 1012 3410 Irrepeit
1047 3331 1156 3391 autem
1188 3325 1369 3409 corruptela
1400 3331 1441 3391 et
1471 3329 1723 3412 ingenium,
1758 3348 1845 3415 quam

647 3438 767 3497 temere
797 3431 928 3517 quidam
960 3438 1110 3496 sanarunt
1142 3434 1354 3517 corrigentes:
1390 3430 1545 3507 „delibuti
1568 3433 1667 3498 funes
1694 3438 1792 3520 pice
1813 3439 1846 3498 et

647 3560 673 3603 c.
705 3538 762 3615 f.”,
792 3537 862 3603 vel:
896 3537 946 3615 „d.
979 3537 1001 3601 f.
1033 3540 1125 3622 pice
1155 3543 1195 3602 et
1227 3559 1318 3603 cera
1348 3537 1395 3602 f.”
1430 3537 1623 3604 Wessuer
1647 3561 1733 3606 cum
1758 3540 1845 3606 Rab

647 3646 730 3710 bow
751 3645 847 3709 verba
865 3642 1013 3719 seclusit,
1035 3643 1088 3707 sed
1109 3646 1285 3729 requiritur
1302 3643 1335 3708 id
1355 3665 1418 3729 quo
1439 3644 1529 3708 funes
1548 3644 1696 3711 delibuti
1719 3649 1844 3718 fuerint,

646 3756 679 3814 et
708 3757 746 3813 ut
776 3749 953 3834 explicetur
975 3749 1173 3837 corruptelae
1198 3753 1298 3837 origo.
1328 3749 1413 3815 Puto
1435 3752 1633 3837 magistrum
1661 3758 1843 3842 scripsisse:

648 3855 731 3934 „del
755 3857 846 3921 funes
871 3859 1055 3941 unguine
1080 3862 1119 3920 et
1143 3878 1168 3921 c.
1194 3856 1250 3933 f‚’‘,
1275 3855 1345 3921 coll.
1369 3855 1465 3942 Verg.
1489 3855 1610 3944 Georg.
1635 3859 1843 3926 1114502e

645 3964 783 4048 pingues
807 3965 951 4047 unguine
975 3983 1078 4038 ceras,
1104 3962 1145 4026 ad
1169 3984 1265 4047 quem
1285 3962 1394 4028 Iocum
1413 3962 1559 4028 Servius:
1587 3970 1726 4040 „omnis
1746 3989 1844 4042 sucus,

646 4089 709 4152 quo
749 4070 851 4151 ungui
893 4073 1000 4152 potest
1030 4090 1160 4154 unguen
1192 4067 1320 4147 dicitur,
1353 4076 1385 4134 et
1415 4071 1577 4155 imprimis
1609 4071 1691 4139 coll.
1724 4074 1844 4141 Valerio

644 4172 756 4238 Flacco
780 4172 855 4237 VIII
879 4172 963 4238 302:
988 4179 1113 4239 armant
1138 4176 1217 4260 picis
1243 4177 1387 4261 unguine
1410 4174 1556 4240 flammas
1580 4177 1628 4256 (h.
1657 4200 1688 4244 e.
1717 4183 1843 4250 taedas).

692 4277 919 4343 Delibutus
950 4279 1034 4363 apud
1067 4279 1251 4343 Phaedrum
1283 4286 1315 4344 et
1346 4279 1425 4345 alios
1454 4300 1546 4366 saepe
1570 4302 1649 4346 cum
1679 4295 1842 4374 unguento

645 4387 793 4449 iunctum
816 4382 947 4471 legitur.
972 4383 1028 4463 (D)

680 4660 706 4718 I)
731 4657 779 4705 Hic
800 4656 875 4719 igitur
898 4655 1022 4705 discrimen
1046 4655 1204 4719 iutelligImus
1220 4657 1283 4706 luter
1301 4661 1321 4706 Δ
1340 4665 1364 4707 et
1381 4656 1416 4715 1),
1435 4662 1535 4722 uterque
1552 4675 1744 4728 nonnumquam
1763 4665 1841 4732 repete
1888 4689 1889 4705 r

644 4740 715 4788 rerba
734 4738 834 4795 Donati,
855 4740 880 4785 nt
898 4740 918 4784 Δ
936 4738 960 4785 in
979 4737 1022 4785 hac
1038 4737 1089 4802 ipsa
1107 4739 1245 4802 quaestione
1262 4739 1333 4788 rerba
1354 4744 1393 4788 ,et
1409 4743 1445 4788 eat
1462 4740 1533 4789 funus
1549 4756 1641 4809 pompa
1660 4745 1840 4813 exsequiarnn'

644 4822 685 4884 (ci.
703 4835 775 4886 supra
792 4836 814 4885 p.
832 4820 881 4869 295
898 4820 927 4868 ad
946 4819 957 4866 I
979 4820 998 4868 l.
1010 4819 1079 4881 100),
1095 4820 1136 4868 ssd
1154 4819 1203 4886 ipae
1221 4820 1281 4870 nibil
1300 4822 1386 4876 addere
1405 4822 1465 4871 solet
1484 4825 1510 4872 ut
1530 4825 1557 4882 D,
1576 4826 1620 4889 qni
1637 4828 1741 4881 doctior
1756 4837 1799 4883 aa
