4525 5950
649 680 716 749 236
1167 699 1322 748 nonanus.

695 868 778 934 Item
802 865 885 932 alius
908 869 1080 954 magister:
1112 866 1303 944 „acciderit”
1328 874 1361 933 et
1383 866 1422 933 ad
1444 888 1575 933 oausam
1597 867 1790 949 τοῖοι-τητᾷ)
1811 877 1839 934 et

647 982 748 1053 certe,
773 976 848 1060 quia
872 980 1010 1038 mortem
1034 976 1135 1059 patris
1157 974 1277 1039 bonum
1300 974 1475 1041 denuntiat.

692 1143 746 1208 25.
770 1141 853 1223 Quin
878 1139 984 1207 taces?

698 1249 797 1315 Don.:
830 1251 986 1333 correptio
1018 1254 1066 1313 est
1096 1248 1262 1314 silentium
1286 1252 1508 1337 praecipientis
1530 1251 1631 1317 daeo
1654 1251 1842 1333 dumtaxat,

645 1378 685 1421 ne
707 1358 820 1420 timeat
843 1354 882 1419 de
905 1356 1036 1440 nuptiis.

692 1461 796 1526 Phil:
833 1464 931 1546 „quin
963 1458 1090 1526 taces?''
1122 1481 1180 1526 cur
1210 1483 1273 1528 non
1305 1484 1435 1528 securus
1464 1461 1519 1528 esl
1553 1463 1738 1550 significat,
1772 1488 1842 1532 nam

647 1591 732 1635 nuno
756 1577 858 1633 tacere
883 1571 978 1646 (est)
1004 1589 1152 1633 securum
1172 1590 1257 1646 esse,
1278 1576 1316 1634 ut
1334 1572 1366 1634 in
1389 1569 1545 1656 Adelphis
1565 1570 1611 1649 (II
1632 1571 1739 1652 2.1);
1761 1580 1843 1652 tace,

643 1683 772 1764 egomet
802 1676 990 1739 conveniam
1022 1675 1241 1760 Pamphilum.
1273 1676 1315 1741 ut
1344 1676 1416 1742 ideo
1446 1676 1502 1742 ille
1530 1676 1684 1763 (Pamph.
1712 1701 1766 1746 vs.
1791 1681 1843 1760 25)

644 1792 682 1849 nt
704 1785 881 1849 consentire
904 1781 1022 1846 dicenti
1047 1782 1174 1859 „taces”
1199 1782 1372 1862 rideretur,
1399 1783 1545 1862 „dicam”
1566 1787 1676 1862 (ait),
1704 1795 1748 1851 ut
1769 1791 1843 1854 scias

644 1889 740 1955 illum
762 1910 825 1954 non
851 1887 1033 1964 silentium,
1057 1888 1112 1953 sed
1135 1892 1340 1954 securitatem
1362 1892 1545 1977 imperasse.

689 1997 893 2062 Postremum
920 2001 1149 2081 argumentum
1180 1999 1342 2081 imprimis
1372 2003 1534 2063 auctorem
1558 1997 1675 2064 soholii
1701 2002 1845 2067 ostendit

642 2107 858 2190 corrigentem
882 2101 1054 2167 Donatum.

688 2208 839 2277 Ceterum
872 2211 976 2294 prima
1004 2210 1117 2273 verba:
1151 2212 1249 2294 „quin
1280 2207 1387 2275 moes?
1418 2232 1444 2276 o.
1469 2234 1500 2276 n.
1525 2233 1550 2276 s.
1573 2209 1623 2277 e?
1656 2214 1843 2301 significat”

645 2319 776 2382 initium
800 2336 868 2381 esse
891 2321 1066 2400 potnerunt
1089 2314 1203 2380 scholii
1225 2314 1344 2382 Donati
1367 2320 1593 2403 suprapositi.

690 2422 784 2488 Alius
807 2423 963 2508 magister
986 2443 1060 2487 oum
1084 2421 1292 2508 philosopho,
1316 2423 1371 2488 sed
1394 2424 1534 2490 breviter
1557 2424 1622 2505 (6):

688 2529 723 2594 id
750 2535 815 2594 est:
840 2535 908 2593 esto
933 2549 1081 2606 securus,
1105 2548 1181 2592 nam
1204 2536 1308 2595 tacere
1331 2533 1434 2595 securi
1457 2538 1506 2596 est
1522 2529 1555 2611 ¹).

691 2697 744 2763 26.
769 2696 913 2763 Puerum
936 2704 1044 2762 autem
1068 2718 1108 2762 ne
1131 2700 1279 2762 resciscat
1302 2699 1349 2762 mi
1372 2718 1440 2763 esse
1463 2719 1501 2764 ex
1524 2697 1582 2764 illa

687 2802 882 2869 Scholiasta:
915 2801 1043 2867 videtur
1073 2803 1131 2868 hoo
1161 2801 1212 2867 illi
1242 2806 1437 2869 contrarium
1467 2825 1551 2882 esse,
1582 2807 1670 2889 quod
1707 2808 1798 2875 dixit
1817 2810 1841 2890 (Ι

644 2908 746 2992 3.14)
771 2909 943 2996 „quioquid
967 2912 1140 2995 peperisset
1164 2908 1373 2976 decreverunt
1396 2909 1540 2977 tollere’'.
1564 2909 1619 2977 Sic
1642 2934 1729 3001 ergo
1752 2917 1841 2983 solvi·

644 3023 713 3081 tur:
746 3016 829 3102 quod
860 3016 905 3081 ibi
929 3037 1040 3081 servus
1064 3038 1138 3081 cum
1163 3017 1326 3082 stomacho
1350 3017 1449 3095 dixit,
1474 3018 1527 3083 hic
1551 3026 1658 3084 tamen
1686 3022 1839 3109 Pamphi

641 3122 712 3189 lum
736 3123 914 3188 verecunde
937 3122 1083 3188 locutum
1107 3126 1293 3209 accipimus.

687 3229 837 3295 Scholion
869 3233 1006 3314 pertinet
1036 3233 1142 3315 potius
1174 3230 1214 3294 ad
1237 3233 1401 3314 sequentia
1425 3229 1588 3316 Pamphili
1611 3233 1719 3300 verba
1747 3258 1838 3313 „nam

642 3335 805 3423 pollicitus
827 3358 900 3401 sum
924 3337 1181 3422 suscepturum'’.
1206 3333 1409 3402 Contrarium
1433 3339 1536 3423 igitur
1557 3339 1591 3400 in
1616 3359 1653 3402 eo
1673 3345 1838 3424 positum,

644 3443 728 3530 quod
759 3444 868 3509 Davus
898 3443 913 3507 I
945 3441 1034 3507 3.14
1065 3464 1140 3508 cum
1171 3444 1333 3508 stomacho
1359 3442 1607 3519 „decreverunt”
1634 3443 1742 3525 dixit,
1768 3470 1837 3516 cum

643 3550 833 3636 Pamphilus
853 3548 1022 3616 consilium
1043 3548 1176 3615 tollendi
1196 3549 1405 3615 verecundius
1417 3553 1632 3634 expressisset.
1655 3551 1719 3619 Est
1737 3558 1839 3643 igitur

642 3657 780 3744 prudens
803 3657 982 3723 observatio
1006 3656 1133 3722 Donati.

687 3824 728 3888 II.
761 3824 836 3890 4.1.
869 3824 1029 3890 Donatus:
1055 3824 1140 3910 quod
1164 3845 1260 3909 supra
1283 3824 1382 3903 dixit,
1407 3846 1469 3889 non
1493 3827 1655 3910 paenituit
1678 3828 1774 3897 idem
1796 3853 1839 3897 re·

642 3937 748 4016 petere
770 3932 937 4007 „observes
957 3930 1076 4009 filium,
1097 3931 1175 4017 quid
1194 3937 1286 4017 agat,
1307 3930 1385 4015 quid
1404 3952 1478 3996 eum
1499 3930 1554 3997 illo
1566 3933 1695 3998 consilii
1709 3940 1837 4023 oapteP’

642 4035 828 4116 (11.142).
1540 4043 1542 4046 ’

687 4141 740 4207 Sic
774 4141 829 4206 ille
863 4146 1003 4219 concise,
1035 4151 1072 4208 ut
1103 4141 1194 4209 solet.
1226 4142 1440 4229 Philosophus
1471 4147 1601 4209 asserit:
1636 4150 1729 4232 quod
1755 4156 1841 4217 enim

646 4248 816 4335 prudenter
834 4249 956 4313 dictum
977 4250 1088 4327 fuerit,
1109 4271 1171 4313 non
1189 4252 1279 4336 piget
1293 4256 1432 4336 repetere
1442 4271 1449 4328 ;
1470 4253 1552 4316 actio
1564 4259 1673 4318 tamen
1686 4256 1843 4347 (Bentley

646 4364 748 4421 recte:
786 4364 908 4435 autem)
944 4377 981 4421 ex
1016 4357 1066 4421 his
1100 4358 1203 4421 tribus
1238 4360 1400 4422 consistit:
1435 4359 1649 4443 cogitatione,
1685 4362 1842 4445 dicendo,

643 4462 791 4549 gerendo.

597 4722 600 4727 ’
677 4733 709 4795 1)
728 4731 765 4780 De
786 4733 893 4781 ‚tacere'’
910 4736 934 4780 et
954 4731 1136 4780 -uciturnitw
1153 4732 1183 4780 ci.
1202 4732 1262 4781 Eun.
1280 4731 1320 4780 ΙΙΙ
1337 4732 1411 4790 228,
1429 4731 1459 4781 V.
1478 4732 1533 4781 M.
