4525 5950
969 670 1110 752 cremus.
1564 651 1628 718 143

437 857 558 922 paucae
590 841 716 901 tantum
741 835 926 900 exciderunt
948 833 1106 899 literulae.
1133 833 1268 920 Scripsit
1291 837 1374 899 enim
1399 834 1544 900 Tacitus:
1571 843 1630 913 „ut

437 950 652 1024 aspernaretur
683 963 763 1028 quae
796 941 911 1006 utilia''
929 940 961 1018 1’).
994 940 1133 1027 Egregie
1157 943 1240 1005 inter
1264 962 1297 1005 se
1319 942 1503 1023 aspernandi
1526 947 1558 1006 et
1581 965 1630 1005 oc·

438 1049 573 1131 crpierdi
599 1049 695 1114 verba
719 1054 933 1134 opponuntur.

485 1261 528 1326 H.
550 1261 607 1338 ΙΙΙ,
630 1261 684 1325 61.
705 1262 879 1346 Postquam
900 1263 1043 1325 narravit
1061 1260 1099 1326 de
1119 1261 1274 1347 praesidio
1294 1261 1431 1346 quodam
1443 1261 1626 1340 Vitelliam,

439 1370 525 1456 quod
561 1372 700 1454 turpiter
735 1390 767 1432 se
797 1369 941 1432 hostibus
973 1367 1110 1446 dedidit,
1142 1368 1180 1433 de
1208 1367 1450 1433 Vitellianorum
1481 1368 1626 1433 militum

438 1478 584 1542 moribus
606 1479 639 1540 in
664 1478 852 1539 universum
876 1477 920 1539 sic
944 1474 1086 1560 disputat
1109 1473 1257 1539 Tacitus:

489 1583 573 1659 „Nec
598 1581 681 1667 apud
706 1580 893 1646 Vitellianos
915 1581 1033 1667 flagitii
1057 1601 1173 1666 poena,
1197 1587 1229 1645 et
1253 1583 1403 1665 praemiis
1415 1578 1623 1648 'delectorum

440 1690 536 1753 verba
560 1687 670 1753 fides.’'

486 1795 549 1859 Pro
567 1794 716 1861 ‘absurdo
745 1796 832 1859 verda
863 1794 1101 1859 Freinshemius
1133 1793 1210 1859 olim
1241 1816 1326 1858 cereo
1349 1793 1447 1880 legit,
1472 1800 1567 1880 atque
1591 1797 1626 1858 in

441 1923 479 1966 ea
508 1905 691 1966 coniectura
722 1922 804 1965 nunc
835 1899 1023 1985 plerumque
1053 1902 1275 1984 acquiescitur.
1309 1900 1354 1963 At
1384 1921 1460 1986 ego,
1493 1911 1531 1965 ut
1561 1904 1626 1965 iam

439 2007 610 2072 concedam
642 2029 726 2070 ocrea
748 2008 831 2088 fider
863 2011 947 2071 recte
978 2005 1040 2069 dici
1071 2009 1139 2070 sive
1172 2028 1228 2091 pro
1253 2027 1289 2070 eo
1312 2006 1397 2092 quod
1420 2014 1467 2071 est
1489 2006 1628 2070 cedema

429 2116 515 2197 fides
549 2117 617 2178 sive
652 2113 690 2177 ad
722 2112 967 2199 significandum
997 2114 1119 2177 animos
1151 2112 1295 2177 militum
1327 2111 1572 2179 Vitellianorum
1596 2134 1629 2178 se

437 2222 632 2285 convertisse
653 2218 692 2283 ad
713 2218 957 2304 Vespasianum,
984 2218 1061 2304 quid
1080 2240 1164 2283 nunc
1185 2219 1273 2284 istud
1294 2219 1400 2305 „apud
1418 2218 1628 2284 Vitellianos'’

439 2327 503 2391 sibi
535 2325 614 2391 velit
644 2346 731 2410 rogo.
762 2322 861 2389 Nulla
893 2328 979 2390 enim
1002 2326 1055 2390 hic
1078 2325 1115 2389 fis
1139 2328 1309 2411 oppositio,
1333 2326 1387 2391 sed
1411 2332 1443 2390 et
1465 2325 1628 2408 impunitae

437 2431 498 2496 illa
520 2440 552 2495 et
575 2432 712 2494 subverse
733 2429 791 2494 illa
813 2430 866 2494 vel
888 2453 1027 2494 converso
1041 2433 1124 2513 fides
1146 2433 1179 2495 in
1210 2431 1384 2494 Vitellianis
1405 2433 1516 2496 castris
1534 2452 1627 2495 suam

436 2539 501 2602 sibi
519 2538 625 2602 sedem
646 2538 771 2601 habent.
795 2536 1052 2602 Pulcherrimam
1069 2558 1142 2602 vero
1161 2540 1368 2613 sententiam,
1382 2540 1472 2602 cuius
1483 2539 1627 2602 membre

437 2647 568 2730 egregie
600 2646 683 2708 inter
712 2664 745 2708 se
776 2651 985 2729 opponantur,
1016 2644 1198 2708 obtinemus
1221 2665 1278 2729 pro
1300 2645 1387 2707 verbo
1408 2643 1542 2730 legendo
1566 2666 1629 2709 non

438 2773 526 2813 versa
557 2750 611 2814 sed
643 2753 836 2815 correctione
868 2773 931 2815 non
963 2752 1071 2814 minus
1102 2749 1185 2827 leni,
1218 2750 1349 2815 fortasse
1372 2749 1505 2815 leniori:
1529 2758 1627 2814 certa:

438 2855 596 2941 quamdiu
626 2855 711 2941 apud
743 2855 909 2921 Vitellium
944 2857 1093 2921 manebat
1123 2855 1235 2933 miles,
1265 2859 1397 2940 impune
1420 2856 1554 2940 quodvis
1578 2855 1630 2921 fla·

433 2965 558 3050 gitium
583 2965 783 3027 committere
807 2967 930 3049 poterat
954 2968 1000 3040 (et
1014 2963 1170 3045 flagitium
1190 2966 1223 3027 in
1244 2985 1276 3028 re
1297 2961 1431 3027 militari
1451 2962 1527 3048 quid
1547 2969 1629 3029 esset

434 3069 580 3133 diximus
607 3072 710 3154 capite
735 3070 781 3135 IX
804 3074 837 3134 in
860 3072 969 3147 initio)
977 3091 985 3148 ;
1013 3069 1208 3155 simulatque
1232 3072 1383 3134 transibat
1406 3069 1446 3134 ad
1467 3068 1630 3155 'Vespasia-

433 3198 517 3242 num
541 3183 664 3242 certum
689 3180 718 3242 ei
742 3186 889 3262 paratum
914 3184 982 3241 erat
1005 3180 1195 3261 praemium.
1221 3174 1412 3242 Vitellianus
1435 3198 1510 3263 ergo
1534 3176 1629 3242 miles

436 3283 522 3348 male
557 3306 589 3348 se
623 3284 778 3370 gerendo,
815 3292 851 3347 ut
886 3305 944 3347 nos
979 3282 1153 3367 loquimur,
1195 3284 1364 3359 „amittere
1393 3288 1517 3367 poterat
1546 3283 1627 3347 nihil

434 3390 556 3454 lucrari
587 3388 724 3454 multa.”
758 3391 825 3465 „Ac
857 3388 1018 3475 reliquum
1048 3388 1196 3473 perfidiae
1219 3388 1400 3454 certamen'’
1424 3387 1553 3453 Tacitus
1576 3388 1627 3453 ad·

438 3496 506 3571 dit,
534 3499 556 3558 i.
577 3517 603 3559 e.
628 3497 791 3561 certabant
813 3518 889 3582 ergo
912 3499 996 3561 inter
1018 3518 1051 3562 se
1076 3499 1147 3582 quis
1170 3518 1231 3560 non
1255 3493 1407 3560 servando
1430 3501 1625 3560 sacramento

434 3622 496 3665 suo
520 3604 699 3665 maximum
723 3609 805 3666 esset
828 3602 972 3667 facturus
995 3602 1133 3666 lucrum.

484 3810 527 3875 H.
559 3811 615 3889 III,
641 3812 694 3878 63.
726 3813 906 3879 Transituri
937 3835 1013 3900 ergo
1045 3817 1078 3878 in
1108 3819 1213 3899 partes
1235 3813 1400 3879 Vitelliani
1422 3815 1543 3880 milites
1567 3816 1627 3880 sub

433 3921 539 4004 signis
570 3917 760 4004 vexillisque
783 3923 816 3984 in
841 3941 968 4005 campos
991 3920 1129 3985 Narniae
1153 3920 1313 3985 subiectos
1337 3920 1547 3998 descendunt,
1572 3923 1627 3987 ubi

435 4025 544 4089 densis
566 4024 731 4091 ordinibus
755 4032 842 4092 stant
863 4026 1028 4091 Flaviani:

483 4132 636 4216 „Accepti
665 4135 699 4196 in
722 4133 865 4198 medium
891 4130 1057 4198 Vitelliani
1082 4139 1113 4198 et
1137 4133 1350 4199 circumdatos
1373 4135 1504 4199 Primus
1529 4137 1628 4200 Anto-

435 4240 510 4301 nius
537 4237 709 4304 clementer
731 4239 924 4323 adloquitur.
955 4240 1033 4304 Pars
1057 4239 1212 4317 Narniae,
1237 4260 1309 4324 pars
1332 4239 1530 4306 Interamnae
1554 4242 1626 4306 sub

441 4437 636 4446 --—-....-...

471 4560 498 4622 l)
521 4558 587 4606 Idem
609 4561 662 4622 post
685 4573 735 4616 me,
754 4573 830 4621 neque
848 4561 929 4606 umen
947 4574 961 4606 c
979 4574 1015 4607 me
1032 4556 1176 4615 admonitus,
1193 4557 1284 4607 invenit
1300 4566 1324 4607 et
1341 4558 1365 4607 in
1384 4558 1490 4609 thesibus
1507 4560 1624 4610 adiunctis

433 4638 597 4689 dissertationi
620 4641 650 4688 dc
672 4640 735 4688 ledia
756 4640 885 4689 Eleusiniis
909 4639 996 4704 publici
1019 4639 1079 4687 iuris
1103 4639 1161 4688 lecit
1181 4657 1202 4688 v.
1221 4641 1244 4689 d.
1264 4644 1292 4689 Δ.
1310 4642 1414 4705 Rntgers
1431 4657 1476 4690 van
1494 4642 1535 4691 der
1553 4644 1625 4692 Isoeff.

435 4722 523 4771 lisdem
551 4737 587 4770 res
613 4738 656 4770 usn
682 4723 747 4770 venit
772 4722 917 4771 coniecturis
941 4721 1068 4786 propositis
1085 4723 1113 4770 sd
1135 4723 1167 4771 Η.
1188 4723 1237 4780 ΙΙΙ,
1256 4723 1287 4771 68
1303 4726 1325 4782 (e
1342 4723 1479 4773 victricibus
1493 4725 1625 4787 legionibus

435 4806 557 4868 cohortes)
574 4810 599 4853 st
616 4805 646 4853 sd
665 4805 697 4854 ll.
716 4804 743 4853 11
760 4805 792 4857 74
809 4806 974 4869 (progressum
992 4810 1065 4870 prout
1081 4804 1157 4854 velint
1174 4809 1198 4854 et
1215 4806 1267 4870 plus
1284 4806 1412 4869 minusve).
