4525 5950
641 660 685 725 60
1176 663 1341 725 n'uersnus.

640 845 738 920 latet,
770 850 802 908 et
833 846 972 927 suspicio
1002 844 1083 906 mihi
1114 850 1189 906 nata
1219 850 1267 906 est
1298 845 1456 926 seriptum
1489 843 1604 908 fuisse:
1637 838 1724 921 ᾦγε
1748 851 1833 908 τοῦτο

643 950 866 1027 ἐπέπρωτο,
902 949 986 1033 quod
1020 955 1189 1033 postquam
1221 950 1253 1011 in
1291 956 1442 1025 πρῶτον
1480 948 1577 1026 abiit,
1609 958 1647 1012 ut
1678 954 1835 1014 sententia

642 1062 818 1131 constaret,
846 1055 1025 1134 ὑπῆρχεν
1051 1054 1197 1118 additum
1222 1061 1280 1117 est.
1306 1053 1436 1138 Optime
1460 1054 1557 1118 verbe
1581 1076 1611 1138 q.
1636 1075 1662 1118 e.
1688 1055 1834 1128 πέπρα-

642 1185 711 1223 ται
744 1182 821 1224 usus
842 1165 908 1236 est,
933 1180 1008 1223 eum
1032 1162 1103 1243 ipsa
1126 1161 1243 1238 Τύχη
1267 1179 1359 1243 saepe
1385 1160 1401 1229 ἡ
1428 1159 1687 1241 πεπραμένη,
1713 1161 1756 1223 τὸ
1781 1185 1835 1224 πε-

641 1268 843 1345 πρωμένον
871 1265 1005 1329 dicatur.

687 1515 767 1581 ibid.
792 1513 828 1580 G.
855 1513 884 1578 5.
919 1514 947 1577 εί
976 1539 1021 1584 τις
1055 1514 1141 1592 ἡδονῇ
1166 1515 1268 1592 χαίρει
1294 1514 1360 1576 καί
1385 1516 1541 1586 ταύτην
1565 1514 1599 1590 ἐξ
1623 1512 1764 1585 ἅπαντας
1790 1519 1834 1579 θε

640 1623 827 1698 ραπειίει,
851 1618 952 1688 ὅπως
977 1617 1141 1693 μεθέξει
1168 1621 1306 1689 αὐτῆς.
1332 1618 1490 1683 Notabilis
1511 1619 1564 1683 hie
1584 1628 1632 1684 est
1651 1642 1731 1685 usus
1748 1622 1836 1686 verbi

640 1726 897 1803 θεραπεύειν,
931 1746 993 1810 quo
1024 1725 1110 1789 idern
1142 1723 1229 1789 valet
1260 1732 1292 1788 et
1322 1724 1433 1788 eadem
1465 1729 1702 1791 construetione
1733 1730 1836 1792 utitur

641 1841 737 1918 atque
767 1834 1051 1906 ἐπιμέλεσθαι.
1085 1830 1197 1915 ltaque
1230 1830 1521 1915 quemadmodum,
1554 1834 1581 1895 si
1612 1832 1672 1896 hoe
1699 1834 1832 1897 verbum

642 1942 750 2023 potius
769 1938 981 2012 adhibuisset,
1001 1958 1063 2001 non
1084 1940 1240 2008 ταύτης
1263 1937 1530 2012 ἐπιμέλεται,
1552 1934 1652 2006 ὅπως
1674 1940 1835 2013 μεθέξει

645 2049 763 2115 αὐτῆς
782 2046 960 2127 scripturus
973 2043 1095 2118 fuisset,
1108 2042 1163 2106 sed
1181 2043 1335 2117 τούτου,
1354 2044 1399 2106 sie
1412 2063 1496 2106 nune
1508 2063 1633 2128 queque
1651 2048 1773 2107 τοῦτο
1792 2052 1837 2109 est

645 2259 876 2332 μεμνῆσθαι
908 2255 1057 2330 ἀξιώσειε.
1090 2252 1208 2319 Oontra
1239 2253 1470 2338 expungendus
1495 2253 1651 2318 articulus
1674 2257 1709 2318 in
1733 2256 1838 2321 verbis

647 2360 682 2427 (l.
710 2361 767 2425 12:
804 2362 855 2423 καί
891 2359 925 2434 δὴ
956 2360 1131 2438 εὐτύχηταί
1164 2381 1208 2421 σοι
1233 2360 1338 2420 ποίντα
1364 2368 1434 2430 τῆς
1460 2361 1558 2437 εὐχῆς
1582 2358 1740 2438 μειζθνως.
1767 2361 1839 2425 Pru

645 2468 748 2532 verbii
772 2469 873 2530 instar
895 2465 971 2530 haee
995 2474 1088 2541 sunt,
1113 2472 1205 2528 utet
1229 2467 1262 2527 in
1286 2463 1363 2548 Cap.
1386 2463 1422 2528 6:
1448 2466 1549 2542 εὐχῇ
1573 2467 1637 2542 γαρ
1658 2465 1697 2528 ἂν
1718 2468 1838 2530 ἐοικότα

645 2571 708 2650 ala,
749 2575 793 2645 μίι
826 2574 1002 2644 πονήσαντα
1035 2569 1111 2643 μηδὲ
1143 2571 1288 2642 καμόντα
1320 2568 1438 2644 ἕτοιμον
1468 2572 1609 2647 οίρχιίρισν
1642 2571 1768 2646 λαβεῖν.
1804 2572 1838 2636 In

645 2678 707 2742 fine
741 2676 842 2742 libelli
874 2677 911 2741 de
943 2677 1066 2740 Liberis
1097 2674 1296 2751 Eduaandis,
1329 2696 1425 2760 quem
1457 2675 1558 2760 vulgo
1589 2675 1766 2743 Plutarcho
1790 2680 1839 2742 ad-

644 2787 801 2868 scriptum
835 2781 1100 2869 wyttenbachius
1132 2779 1245 2844 multis
1276 2790 1308 2845 et
1339 2784 1434 2845 certis
1466 2784 1667 2866 argumentis
1691 2787 1837 2868 spurium

644 2910 712 2954 esse
737 2889 886 2963 ostendit,
911 2887 1092 2951 Hereherus
1116 2907 1190 2950 eum
1214 2894 1303 2970 parte
1326 2885 1499 2951 librorum:
1525 2887 1560 2948 τὸ
1584 2888 1641 2960 μὲν
1661 2883 1709 2951 οὖν
1732 2886 1838 2961 παίσας

644 2998 704 3064 τας
736 2994 950 3072 προειρημένας
979 2995 1230 3069 συμπεριλαβεῖν
1264 2996 1454 3067 παραινέσεις
1489 2994 1619 3073 τοίχοις
1655 2993 1729 3066 ίσιος
1755 2996 1836 3074 ἔργον

645 3102 730 3177 ἔστί,
763 3122 838 3165 eum
861 3102 957 3164 ceteri
982 3105 1065 3162 reete
1091 3100 1216 3177 εὐχῆς
1241 3087 1422 3163 exhibeant.
1454 3098 1532 3177 Quis
1555 3101 1642 3164 enim
1666 3101 1718 3164 hie
1734 3104 1839 3187 fortae

645 3229 702 3270 ποο
725 3216 781 3271 aut
804 3206 888 3269 casui
911 3214 960 3270 est
982 3200 1093 3269 loeus?

691 3456 772 3521 lbid.
798 3455 833 3522 (l.
861 3455 912 3521 19.
937 3456 1060 3528 συνίημι
1084 3458 1121 3525 ὣς
1147 3456 1217 3535 οὐχί
1242 3458 1349 3527 μισθοῦ
1374 3455 1475 3518 έλπίδι
1501 3456 1731 3531 προσελήλυθας
1760 3458 1835 3533 ἥμοίν

644 3572 682 3642 τῇ
714 3564 811 3643 οίκία,
844 3568 900 3623 τῶν
927 3561 957 3623 ll
983 3560 1117 3623 ἄλλων
1142 3555 1232 3622 ἕνεκα
1243 3609 1251 3636 ,
1277 3568 1331 3633 τῆς
1357 3563 1472 3629 εὐνοίας
1498 3570 1554 3634 τῆς
1579 3564 1652 3636 παρ’
1678 3562 1764 3634 ἡμῶν
1789 3561 1835 3624 καί

644 3676 754 3743 τιμῆς,
779 3665 811 3739 ἣν
838 3669 922 3744 παρὰ
948 3671 1042 3729 πᾶσιν
1067 3663 1155 3741 ἕξεις.
1179 3665 1242 3730 Ρτο
1267 3666 1417 3741 ἄλλων,
1439 3667 1524 3751 quod
1547 3669 1628 3731 mire
1649 3665 1787 3752 languet
1807 3673 1835 3730 et

643 3776 698 3838 vix
728 3778 812 3837 reete
844 3794 918 3836 eum
950 3771 1085 3836 articulo
1114 3774 1274 3856 iungitur,
1308 3771 1411 3836 multo
1436 3771 1552 3837 melius
1575 3772 1752 3837 seribetur:
1778 3797 1833 3835 να-

644 3885 717 3942 λῶν
736 3882 823 3954 sive,
844 3877 928 3962 quod
941 3876 1169 3964 praetulerim:
1192 3881 1428 3942 καλλιόνων.
1449 3877 1486 3941 In
1500 3877 1535 3944 Ο.
1550 3877 1593 3941 20
1606 3876 1832 3961 supplendum:

645 3986 696 4047 καί
728 3985 800 4059 πρὸς
824 3982 933 4047 ἄλλα
957 3985 1121 4062 (πολλοὶ)
1146 3984 1259 4045 τούτων
1286 3985 1514 4059 σίναχιιαιθτερα
1541 3982 1724 4048 δαπανῶντι.

690 4233 769 4297 Ibid.
795 4231 830 4298 Ο.
857 4232 910 4298 28.
936 4234 969 4297 τὸ
994 4233 1049 4307 μέν
1074 4233 1137 4307 γαρ
1163 4234 1242 4307 λιμῷ
1268 4232 1395 4308 ξυνέντα
1421 4233 1473 4295 καί
1499 4236 1532 4305 νίρ
1559 4235 1621 4294 Δία
1642 4256 1680 4308 χε
1703 4233 1835 4309 διψῶντα

645 4346 727 4418 μύρῳ
760 4343 900 4418 χρίεσθαι
933 4341 984 4401 καί
1019 4342 1246 4414 στεφανοῦσθαι
1279 4341 1333 4409 τὴν
1360 4343 1511 4415 κεφαλήν,
1537 4339 1664 4414 ἡρέμα
1690 4341 1759 4402 καί
1783 4363 1838 4415 γε·

645 4454 764 4510 λοῑον.
798 4445 900 4509 Verba
931 4446 1047 4508 misere
1079 4456 1227 4529 corrupta
1257 4452 1289 4508 et
1321 4448 1408 4508 omni
1439 4466 1532 4509 sensu
1563 4465 1673 4509 vacua.
1704 4447 1757 4509 Ari
1779 4446 1839 4509 fuit

644 4550 873 4628 Ἡροίαλειε,
908 4554 951 4620 ὡς
983 4548 1124 4626 ysam?
1157 4550 1295 4615 Suadere
1328 4552 1386 4615 hoe
1417 4550 1553 4625 ridetur,
1586 4549 1671 4635 quod
1698 4553 1732 4614 in
1759 4549 1837 4617 G.8

644 4656 853 4721 simillimum
886 4661 1004 4720 exstat:
1040 4658 1274 4733 Ἠροίκλειε,
1299 4660 1343 4724 ὡς
1371 4657 1702 4733 καταγέλαστον.
1730 4658 1839 4722 Reme

646 4763 737 4827 dium
768 4771 816 4827 est
847 4761 1035 4838 violentius,
1060 4784 1122 4827 non
1146 4784 1237 4847 nego.
1263 4764 1362 4847 Atqui
1386 4761 1564 4846 compluria
1589 4762 1664 4826 huie
1688 4761 1773 4828 libro
1797 4767 1840 4828 in-
