4525 5950
1064 709 1205 758 rnorrue.
1657 691 1721 758 331

585 873 651 939 Ista
682 874 851 940 modorum
881 879 1019 940 varietas
1050 876 1213 955 (habuisset
1226 878 1438 955 -tutaerah
1468 875 1515 940 nil
1546 878 1726 963 habetque

538 980 728 1047 defendatur
750 989 969 1049 excusaturus.
994 983 1056 1048 Sed
1078 982 1151 1070 lege
1171 984 1329 1061 tribueret,
1354 984 1387 1048 et
1409 987 1637 1070 grammaticae
1657 1006 1728 1050 oon·

537 1085 665 1151 sultum
700 1091 761 1152 erit
792 1089 825 1153 ct
855 1089 1023 1155 historiae:
1056 1111 1117 1155 non
1150 1092 1236 1155 enim
1268 1089 1402 1155 dubium
1435 1093 1512 1175 quin
1536 1091 1593 1154 illo
1616 1114 1728 1176 quoque

537 1200 666 1276 ternpore
688 1193 806 1260 divinis
829 1195 1001 1261 honoribus
1025 1196 1147 1261 afficere
1168 1196 1393 1282 Theophanem
1414 1194 1527 1262 Graeci
1546 1201 1611 1262 sint
1629 1198 1726 1276 soliti,

539 1303 598 1384 qui
622 1307 694 1366 ante
721 1300 784 1366 100
808 1303 873 1367 fers
896 1323 993 1368 anuos
1017 1302 1177 1389 praeclare
1201 1301 1239 1367 de
1263 1305 1342 1388 ipsis
1365 1304 1461 1368 fuerit
1484 1308 1617 1370 meritis.

586 1406 640 1484 VI,
672 1408 726 1473 22.
761 1408 938 1494 Postquam
968 1409 1126 1494 quomodo
1158 1412 1330 1475 imminens
1361 1411 1421 1475 sibi
1452 1410 1631 1496 periculum
1661 1434 1728 1497 per·

539 1517 681 1601 sperarit
705 1514 896 1602 Thrasyllus
915 1522 947 1582 et
966 1516 1122 1601 quomodo
1142 1519 1225 1581 inter
1244 1514 1362 1582 Tiberii
1382 1523 1527 1602 receptus
1547 1520 1589 1582 sit
1607 1521 1727 1584 amicos

538 1624 686 1687 namarit
709 1620 855 1699 Tacitus,
879 1622 984 1688 multa
1008 1623 1152 1709 disputat
1175 1623 1213 1688 de
1237 1623 1303 1688 fato
1322 1622 1422 1707 deque
1441 1623 1539 1689 libero
1558 1625 1726 1689 hominum

538 1729 682 1794 arbitrio.
707 1728 791 1793 Tum
816 1732 861 1794 sic
883 1728 973 1793 illam
998 1730 1248 1815 disputationem
1272 1730 1451 1815 abrumpit:

587 1835 732 1920 „Quippe
752 1856 771 1900 a
789 1834 855 1900 filio
868 1835 1009 1901 ciusdem
1021 1835 1183 1923 Thrasylli
1196 1836 1396 1921 praedictum
1408 1835 1542 1902 Neronis
1553 1840 1726 1922 imperium

537 1945 573 2006 in
597 1949 740 2027 tempore
764 1944 1004 2019 memorabitur,
1028 1964 1067 2008 ne
1091 1964 1176 2009 nunc
1198 1946 1324 2028 incepto
1348 1942 1477 2029 longius
1500 1945 1666 2009 abierim.'’

584 2047 762 2113 immanem
785 2048 1009 2115 soloecismum
1030 2073 1067 2113 ne
1085 2073 1164 2113 erma
1184 2050 1316 2127 othum,
1337 2052 1458 2134 optime
1478 2049 1572 2115 tollas
1590 2050 1726 2138 legendo

538 2157 668 2219 marem
692 2177 748 2240 pro
772 2155 903 2220 abierim.
926 2155 997 2220 Hoc
1020 2158 1104 2220 enim
1130 2155 1207 2221 dicit
1231 2155 1377 2220 Tacitus:
1403 2159 1501 2233 „satis
1522 2155 1638 2243 longus
1661 2160 1726 2222 iam
1783 2187 1791 2205 ·

536 2263 589 2327 hic
613 2264 716 2327 erasit
739 2283 906 2344 excursus,
931 2262 1004 2328 nolo
1026 2283 1102 2327 eum
1126 2265 1223 2328 stiam
1248 2284 1365 2350 augere
1386 2265 1670 2328 commemorandis
1687 2268 1727 2330 iis

537 2369 650 2448 rebus,
675 2390 755 2454 quae
778 2369 883 2434 multo
907 2376 978 2455 post
1002 2377 1194 2447 evenerunt,
1218 2369 1273 2435 sed
1296 2370 1335 2434 ad
1359 2372 1558 2455 propositum
1582 2370 1726 2436 ordinem

537 2474 665 2541 redeo.''

1098 2900 1167 2967 XV.

581 3126 653 3190 Iam
683 3128 716 3189 in
745 3123 943 3210 praecedenti
966 3125 1070 3208 capite
1092 3143 1194 3187 unum
1218 3121 1419 3207 alterumque
1441 3122 1580 3188 indicavi
1602 3121 1724 3201 locum,

534 3235 594 3317 qui
629 3230 718 3296 nullo
753 3229 816 3296 alio
850 3232 954 3295 sanari
985 3229 1078 3294 modo
1110 3235 1217 3313 posset
1248 3248 1344 3314 quam
1374 3227 1538 3293 vocabulis
1563 3227 1726 3313 aliquota

534 3344 629 3404 textu
662 3337 848 3401 eximendis.
880 3336 939 3401 ast
963 3338 1046 3400 enim
1073 3335 1158 3419 apud
1180 3333 1329 3399 Tacitum
1353 3334 1474 3400 affatim
1496 3333 1638 3399 locorum
1662 3355 1726 3399 cor-

534 3452 726 3531 ruptorum,
758 3444 874 3528 quibus
905 3443 963 3507 hac
993 3440 1117 3506 medela
1148 3440 1251 3506 afferri
1274 3440 1359 3505 salus
1383 3440 1512 3518 debeat,
1538 3444 1724 3526 praesertim

534 3556 570 3616 in
602 3554 643 3615 iis
672 3550 779 3628 libris,
812 3571 890 3635 quos
921 3549 1019 3614 codex
1049 3548 1213 3613 Mediceus
1245 3546 1326 3611 alter
1357 3550 1513 3625 serravit,
1545 3547 1599 3612 scd
1622 3569 1724 3633 neque

532 3660 623 3743 prior
652 3659 693 3721 iis
724 3663 818 3721 caret.
850 3655 918 3720 Hos
949 3676 1050 3733 nunc,
1080 3657 1107 3719 si
1130 3676 1192 3719 non
1217 3674 1344 3732 omnes,
1368 3659 1401 3718 at
1423 3652 1590 3739 plerosque
1614 3676 1724 3741 propo

535 3783 632 3840 nam,
657 3769 689 3827 et

866 3870 1016 3952 quoniam
1040 3868 1117 3932 haec
1141 3869 1222 3931 ratio
1246 3864 1436 3951 plerumque
1460 3866 1590 3931 videtur

694 3974 811 4040 Futilis
833 3996 899 4039 esse
923 3975 1039 4059 quibus
1062 3995 1123 4038 non
1149 3979 1198 4039 est
1218 3978 1371 4050 tractata,
1396 3980 1542 4058 retroque

694 4081 820 4168 Vulgus
842 4082 990 4146 abhorret
1013 4080 1052 4145 ab
1077 4080 1154 4157 hac,

530 4189 588 4257 vel
611 4192 718 4275 potius
740 4190 891 4274 quoniam
914 4187 1000 4252 haud
1025 4189 1118 4273 pauci
1138 4184 1262 4250 nullam
1281 4186 1334 4249 hic
1353 4192 1529 4271 agnoscunt
1548 4188 1721 4264 rationem,

531 4296 590 4363 scd
622 4317 741 4360 meram
771 4293 991 4359 tantummodo
1015 4295 1230 4357 temeritatem
1252 4290 1499 4376 levitatemque,
1523 4291 1631 4355 ordine
1655 4314 1721 4377 pro·

530 4402 645 4470 cedam
675 4404 904 4487 ingentemque
934 4401 1102 4463 materiem
1132 4400 1179 4462 ita
1207 4400 1241 4460 in
1265 4401 1349 4462 certa
1372 4396 1515 4461 dividam
1539 4399 1660 4482 capita,
1684 4404 1722 4463 ut

529 4508 716 4595 legentibus
735 4508 766 4572 st
786 4527 882 4592 quarn
903 4508 1042 4571 maxime
1062 4504 1266 4590 persuadeam
1288 4504 1335 4581 et,
1356 4505 1383 4567 si
1403 4503 1471 4567 fieri
1486 4505 1602 4588 possit,
1623 4506 1721 4568 etiam

528 4614 712 4700 voluptatis
736 4613 863 4678 afferam
888 4612 1020 4697 aliquid.
1044 4614 1149 4696 Atque
1173 4613 1314 4697 primum
1341 4610 1378 4675 de
1403 4610 1550 4686 setania,
1575 4630 1654 4693 quae
1677 4610 1722 4674 di·

528 4728 660 4799 cuntur,
686 4742 780 4808 agam
803 4720 949 4797 iudiciis,
974 4718 1258 4802 demonstrahoque
1282 4717 1335 4782 hic
1360 4716 1489 4782 illiciis
1513 4714 1723 4782 commacula-

530 4843 611 4904 tum
631 4850 698 4894 esse
721 4826 946 4894 additamentis
969 4832 1094 4892 textum
1119 4823 1302 4902 Taciteum,
1327 4845 1407 4911 quaa
1427 4822 1503 4889 olim
1523 4825 1557 4887 in
1577 4825 1722 4910 margine
