4525 5950
936 721 975 768 on
1000 719 1143 768 oranius.
1569 701 1635 766 25³

437 885 647 951 Doriensium
670 887 845 950 exercitum
870 885 1052 972 pestilentia
1076 906 1223 962 vexasse,
1249 884 1346 950 donec
1371 890 1477 950 vatem
1503 888 1636 951 Acarna

436 1013 514 1056 nem
545 990 704 1077 placarint
733 984 968 1069 sacrificiisset
992 990 1113 1057 abillo
1138 990 1211 1055 inde
1235 995 1379 1075 tempore
1403 992 1488 1056 bunc
1511 1013 1635 1056 morem

437 1101 472 1163 in
497 1098 718 1184 Peloponneso
742 1100 897 1183 riguisse.

484 1205 656 1269 Perhibuit
681 1203 892 1269 Wilamowitc
916 1200 1057 1270 Carnum
1082 1202 1178 1267 illum
1203 1204 1403 1268 Acarnanum
1428 1225 1495 1268 esse
1518 1225 1635 1290 epony-

439 1333 553 1390 mum,
586 1310 753 1375 Dorienses
784 1317 892 1376 autern
925 1331 999 1374 cum
1031 1309 1154 1374 diutius
1178 1312 1211 1373 in
1236 1312 1365 1395 regione
1389 1330 1469 1395 quae
1494 1310 1636 1395 Apollini

438 1438 530 1481 sacra
565 1423 648 1481 esset
681 1416 895 1493 habitassent,
932 1415 1027 1480 deum
1064 1416 1278 1481 Acarnaniam
1311 1437 1419 1480 secum
1451 1437 1569 1482 novam
1602 1420 1635 1481 in

437 1524 581 1608 patriam
615 1520 743 1587 duxisse
759 1521 792 1602 ¹).
829 1521 950 1587 Revera
980 1519 1086 1586 insula
1116 1521 1275 1606 quaedam
1306 1522 1391 1607 apud
1423 1523 1635 1588 Acarnaniam

437 1632 502 1694 sita
535 1631 552 1702 ί
586 1629 696 1707 Κάρνον
726 1627 946 1714 appellabatur
958 1629 995 1705 ί),
1027 1626 1148 1692 incolae
1172 1630 1241 1692 eius
1264 1629 1290 1691 oi
1317 1629 1451 1705 Κνίρωω,
1477 1629 1561 1713 quod
1584 1650 1636 1694 no

437 1756 514 1800 men
534 1736 568 1798 in
592 1737 782 1800 memoriam
807 1741 934 1799 revocat
957 1735 1026 1804 τοὺς
1052 1734 1194 1812 Κρωνίννς
1221 1733 1412 1820 oppidulum
1437 1734 1636 1820 tetrapolidis

436 1839 684 1926 Cephallenicae
699 1838 734 1920 ³).
766 1840 919 1926 Repperit
950 1846 1061 1905 autem
1091 1840 1265 1905 Pausanias
1296 1841 1328 1903 in
1360 1843 1413 1905 via
1437 1861 1499 1925 qua
1523 1840 1636 1926 Sparta

435 1951 506 2013 itur
529 1950 564 2011 in
588 1946 757 2012 Arcadiam
779 1950 904 2024 Κρανίον
924 1950 1046 2022 τέμενος
1068 1947 1228 2020 ἐπίκλησιν
1244 1949 1448 2021 Στεμματίου
1462 1946 1498 2024 ⁴).
1520 1946 1636 2012 Exstat

436 2073 566 2139 quoque
598 2052 684 2137 apud
714 2052 957 2133 Bokkerum⁵):
990 2060 1238 2129 στεμμωτνωίον·
1267 2053 1397 2127 μίμημα
1424 2058 1481 2115 τῶν
1506 2054 1634 2131 σχεδιῶν

437 2155 488 2231 alc
517 2157 674 2222 ἔπλευσαν
700 2160 724 2222 ol
752 2157 949 2237 Ἡρακλεῖδαι
976 2161 1026 2223 τὸν
1052 2155 1175 2234 μεταξὺ
1201 2160 1258 2220 τῶν
1284 2158 1369 2222 Ῥίων
1389 2157 1516 2237 πίρωνῦ)
1540 2164 1635 2243 atquo

437 2264 528 2350 apud
551 2264 756 2351 Hesychium
779 2286 804 2328 s.
817 2286 848 2330 v.
870 2267 1118 2340 στεωμωτνωίον·
1141 2264 1311 2336 dicatiori
1333 2264 1362 2326 ἕν
1383 2265 1468 2342 ἑορτῇ
1489 2267 1635 2339 reunion

438 2370 584 2446 δαίμονος
599 2370 633 2447 ⁷).
670 2370 814 2455 Denique
837 2369 928 2435 docet
952 2368 1057 2435 Schol.
1082 2369 1212 2435 Theocr.
1237 2368 1274 2447 V,
1299 2368 1342 2433 83
1368 2370 1537 2434 daemones
1561 2368 1635 2434 illos

437 2477 557 2541 fnisse:
593 2473 703 2541 Iovem
735 2478 892 2555 Ἀννίτορνι
925 2482 957 2541 et
987 2474 1179 2561 Apollinem.
1212 2474 1302 2539 Unde
1329 2480 1460 2560 apparet
1491 2481 1635 2559 tempore

436 2582 594 2646 historico
633 2602 651 2646 a
691 2580 898 2647 Doriensibus
932 2588 1035 2648 actam
1071 2602 1138 2647 esse
1174 2582 1275 2659 ἔνρτνίν
1310 2581 1470 2666 quandam
1505 2584 1634 2646 nomine

434 2688 626 2766 Ἀνντορίων
640 2686 677 2767 ⁸),
709 2690 742 2753 in
775 2708 838 2772 qua
861 2689 1144 2754 circumferebatur
1167 2687 1261 2765 roth,
1287 2687 1375 2772 quali
1398 2690 1535 2753 maiores
1560 2710 1635 2753 suos

434 2814 513 2858 usos
545 2813 613 2857 esse
646 2792 848 2878 perhiberent
879 2797 1134 2858 transmittentes
1160 2796 1268 2858 sinum
1293 2791 1534 2859 Corinthiacum
1560 2793 1635 2859 love

435 2905 471 2965 et
505 2896 654 2984 Apolline
684 2898 827 2964 ducibus.
862 2899 972 2965 Fuisse
1005 2900 1090 2964 hunc
1119 2898 1300 2986 Apollinem
1325 2902 1382 2962 τῶν
1409 2900 1540 2978 Καρνίων
1565 2921 1635 2987 epo

436 3027 596 3093 nymum,
620 3027 755 3091 eamque
778 3008 817 3072 ob
840 3027 969 3072 causam
994 3013 1102 3092 postea
1123 3009 1158 3071 in
1180 3010 1231 3071 via
1252 3028 1315 3092 qua
1334 3006 1484 3092 Spartam
1502 3010 1634 3093 petivis-

435 3119 511 3177 sent
535 3111 705 3177 Dorienses
733 3111 791 3177 deo
814 3110 934 3178 Carneo
957 3110 1008 3176 vel
1032 3109 1147 3177 Granio
1172 3110 1331 3197 templum
1355 3116 1502 3179 erexisse.
1526 3111 1634 3199 Vulgo

433 3240 516 3284 vero
551 3218 636 3282 buno
671 3217 768 3283 deum
799 3218 860 3282 cirri
892 3222 944 3282 τοῦ
975 3221 1218 3295 στεμμνιτωιίου,
1251 3217 1335 3303 quod
1366 3221 1399 3282 in
1424 3240 1541 3304 pompa
1565 3222 1634 3284 sius

434 3326 664 3410 aspiciebatur,
685 3346 751 3390 esse
771 3323 968 3410 appellatum
990 3325 1203 3400 Στεμμνίτων.
1224 3324 1468 3390 Hostiisautem
1482 3330 1633 3411 quoniam

435 3429 556 3515 Apollo
590 3429 647 3496 ille
675 3431 801 3513 placari
835 3429 972 3508 solebat,
1009 3452 1058 3495 res
1093 3438 1130 3495 ut
1161 3432 1243 3496 infra
1276 3431 1458 3495 videbimus
1488 3431 1567 3496 olim
1600 3437 1634 3498 in

434 3535 660 3620 Peloponneso
690 3540 797 3601 minus
827 3535 963 3622 vulgata
993 3542 1025 3601 et
1055 3536 1164 3614 solita,
1188 3542 1225 3600 nt
1249 3557 1330 3601 novo
1355 3538 1430 3602 huic
1454 3541 1538 3603 mori
1562 3540 1635 3604 sub·

431 3648 619 3707 strueretur
649 3641 896 3706 fundamentum
927 3642 1117 3707 historicum
1150 3648 1223 3707 nata
1254 3649 1302 3706 est
1329 3641 1445 3707 fabella
1468 3644 1506 3708 de
1531 3642 1633 3711 Carno

432 3754 514 3815 vate
549 3750 665 3813 misere
698 3751 892 3834 interempto
927 3748 981 3814 sed
1016 3749 1054 3813 ab
1089 3747 1238 3834 Apolline
1274 3749 1445 3813 vindicato.
1479 3748 1632 3816 (larnium

431 3855 537 3918 deum
570 3854 662 3918 facile
690 3876 764 3919 cum
788 3857 919 3940 antiquo
945 3861 1109 3940 pastorum
1134 3853 1191 3919 deo
1215 3852 1336 3920 (larneo
1359 3852 1513 3919 coaluisse
1537 3861 1633 3942 atque

430 3959 514 4025 inde
546 3958 729 4046 Apollinem
761 3958 921 4027 Carneum
951 3963 1037 4025 nasci
1067 3963 1209 4046 potuisse
1240 3982 1301 4025 non
1325 3961 1439 4025 multis
1462 3967 1500 4025 ut
1523 3966 1634 4048 opinor
1662 4014 1664 4017 .

429 4067 546 4133 verbis
565 4066 776 4132 demonstrari
796 4088 876 4152 opus
894 4074 951 4132 eet.
973 4067 1125 4146 Quinimo
1146 4066 1344 4144 συγκρίσεως
1364 4065 1453 4130 illius
1471 4069 1568 4131 etiam
1583 4090 1634 4133 ex-

427 4180 523 4239 stare
544 4174 682 4258 vestigia
702 4176 851 4258 quamvis
871 4176 989 4261 exigua
1008 4175 1161 4258 suspicor,
1175 4194 1249 4237 cum
1262 4173 1346 4259 apud
1361 4171 1592 4259 Apollodorum
1607 4174 1633 4255 ⁰)

432 4326 637 4338 ,.-.-.....-.

471 4420 501 4481 1)
520 4416 593 4465 Arist.
612 4430 636 4466 n.
656 4416 735 4465 Athon
752 4432 776 4481 p.
793 4417 825 4467 25
844 4419 868 4465 et
884 4419 925 4466 44.
1100 4416 1128 4478 2)
1146 4416 1228 4480 Steph.
1246 4414 1301 4479 Byz.
1320 4415 1336 4462 i.
1355 4431 1376 4462 v.

470 4503 500 4564 3)
521 4499 594 4548 'l'bnc
614 4499 641 4548 ll
660 4499 734 4556 uua.
1100 4498 1128 4559 4)
1147 4498 1218 4546 Pane.
1235 4497 1284 4556 Ill,
1302 4497 1376 4556 aba·

468 4584 499 4646 b)
519 4581 607 4630 Anecd.
625 4580 648 4636 1,
665 4582 722 4629 805.

466 4664 497 4724 ὓ)
517 4663 556 4711 Sic
570 4662 654 4726 scripsi
660 4683 667 4720 ;
684 4661 803 4712 traditum
820 4664 856 4711 est
872 4662 955 4711 τίνων.

465 4746 495 4806 Ἰ)
516 4743 646 4809 Proposnit
663 4746 694 4794 Ο.
713 4744 805 4794 Mnller
821 4744 946 4808 legendum
965 4741 1094 4804 δαιμόνων.

465 4830 494 4890 8)
516 4826 568 4874 Vid.
589 4825 691 4890 Heeycb.
711 4826 726 4875 i.
746 4841 769 4875 v.
1104 4827 1130 4887 9)
1149 4825 1185 4884 Il,
1203 4826 1225 4874 8.
1239 4826 1262 4873 3.
