<?xml version="1.0" encoding="UTF-8"?>
<!DOCTYPE html PUBLIC "-//W3C//DTD XHTML 1.0 Transitional//EN"
    "http://www.w3.org/TR/xhtml1/DTD/xhtml1-transitional.dtd">
<html xmlns="http://www.w3.org/1999/xhtml" xml:lang="en" lang="en">
 <head>
  <title>
</title>
<meta http-equiv="Content-Type" content="text/html;charset=utf-8" />
  <meta name='ocr-system' content='tesseract 3.04.00' />
  <meta name='ocr-capabilities' content='ocr_page ocr_carea ocr_par ocr_line ocrx_word'/>
</head>
<body>
  <div class='ocr_page' id='page_1' title='image "./mnemosyne07verdgoog_0164.png"; bbox 0 0 4525 5950; ppageno 0'>
   <div class='ocr_carea' id='block_1_1' title="bbox 957 695 1634 762">
    <p class='ocr_par' dir='ltr' id='par_1_1' title="bbox 957 695 1634 762">
     <span class='ocr_line' id='line_1_1' title="bbox 957 695 1634 762; baseline 0.006 -5"><span class='ocrx_word' id='word_1_1' title='bbox 957 710 1109 758; x_wconf 84' lang='lat' dir='ltr'>rmurus.</span> <span class='ocrx_word' id='word_1_2' title='bbox 1572 695 1634 762; x_wconf 78' lang='lat'>147</span> 
     </span>
    </p>
   </div>
   <div class='ocr_carea' id='block_1_2' title="bbox 432 876 1638 4018">
    <p class='ocr_par' dir='ltr' id='par_1_2' title="bbox 435 876 1638 1385">
     <span class='ocr_line' id='line_1_2' title="bbox 435 876 1636 962; baseline 0 -18"><span class='ocrx_word' id='word_1_3' title='bbox 435 877 683 944; x_wconf 69' lang='lat' dir='ltr'>oonwchinatus</span> <span class='ocrx_word' id='word_1_4' title='bbox 713 877 903 962; x_wconf 92' lang='lat' dir='ltr'>quippiam”</span> <span class='ocrx_word' id='word_1_5' title='bbox 933 876 1059 955; x_wconf 80' lang='lat'>(1096),</span> <span class='ocrx_word' id='word_1_6' title='bbox 1092 883 1187 961; x_wconf 88' lang='lat' dir='ltr'>atque</span> <span class='ocrx_word' id='word_1_7' title='bbox 1210 876 1313 941; x_wconf 91' lang='lat' dir='ltr'>eidem</span> <span class='ocrx_word' id='word_1_8' title='bbox 1338 899 1371 942; x_wconf 92' lang='lat' dir='ltr'>se</span> <span class='ocrx_word' id='word_1_9' title='bbox 1395 900 1506 943; x_wconf 90' lang='lat' dir='ltr'>verum</span> <span class='ocrx_word' id='word_1_10' title='bbox 1533 879 1636 944; x_wconf 86' lang='lat' dir='ltr'>dicere</span> 
     </span>
     <span class='ocr_line' id='line_1_3' title="bbox 435 981 1638 1069; baseline 0.002 -22"><span class='ocrx_word' id='word_1_11' title='bbox 435 986 589 1068; x_wconf 80' lang='lat' dir='ltr'>probanti</span> <span class='ocrx_word' id='word_1_12' title='bbox 619 981 805 1069; x_wconf 79' lang='lat' dir='ltr'>gratulatur</span> <span class='ocrx_word' id='word_1_13' title='bbox 835 981 984 1067; x_wconf 90' lang='lat' dir='ltr'>quidem,</span> <span class='ocrx_word' id='word_1_14' title='bbox 1009 981 1063 1046; x_wconf 91' lang='lat' dir='ltr'>sed</span> <span class='ocrx_word' id='word_1_15' title='bbox 1087 981 1291 1047; x_wconf 85' lang='lat' dir='ltr'>brevissime:</span> <span class='ocrx_word' id='word_1_16' title='bbox 1317 983 1424 1059; x_wconf 89' lang='lat' dir='ltr'>„Bene</span> <span class='ocrx_word' id='word_1_17' title='bbox 1447 985 1552 1049; x_wconf 89' lang='lat' dir='ltr'>hercle</span> <span class='ocrx_word' id='word_1_18' title='bbox 1575 986 1638 1050; x_wconf 89' lang='lat' dir='ltr'>fac·</span> 
     </span>
     <span class='ocr_line' id='line_1_4' title="bbox 437 1087 1636 1174; baseline 0.003 -22"><span class='ocrx_word' id='word_1_19' title='bbox 437 1091 534 1152; x_wconf 89' lang='lat' dir='ltr'>tnm&#39;’</span> <span class='ocrx_word' id='word_1_20' title='bbox 561 1087 688 1168; x_wconf 80' lang='lat'>(1099),</span> <span class='ocrx_word' id='word_1_21' title='bbox 713 1095 745 1152; x_wconf 91' lang='lat' dir='ltr'>et</span> <span class='ocrx_word' id='word_1_22' title='bbox 768 1091 879 1152; x_wconf 87' lang='lat' dir='ltr'>statim</span> <span class='ocrx_word' id='word_1_23' title='bbox 902 1091 1004 1152; x_wconf 89' lang='lat' dir='ltr'>iratus</span> <span class='ocrx_word' id='word_1_24' title='bbox 1028 1089 1095 1152; x_wconf 89' lang='lat' dir='ltr'>abit</span> <span class='ocrx_word' id='word_1_25' title='bbox 1117 1109 1253 1172; x_wconf 88' lang='lat' dir='ltr'>poenam</span> <span class='ocrx_word' id='word_1_26' title='bbox 1273 1097 1462 1174; x_wconf 89' lang='lat' dir='ltr'>sumpturus</span> <span class='ocrx_word' id='word_1_27' title='bbox 1482 1091 1519 1155; x_wconf 92' lang='lat' dir='ltr'>de</span> <span class='ocrx_word' id='word_1_28' title='bbox 1540 1092 1636 1156; x_wconf 91' lang='lat' dir='ltr'>Pseu-</span> 
     </span>
     <span class='ocr_line' id='line_1_5' title="bbox 436 1191 1636 1280; baseline 0 -20"><span class='ocrx_word' id='word_1_29' title='bbox 436 1194 511 1260; x_wconf 90' lang='lat' dir='ltr'>dolo</span> <span class='ocrx_word' id='word_1_30' title='bbox 537 1203 665 1279; x_wconf 89' lang='lat' dir='ltr'>propter</span> <span class='ocrx_word' id='word_1_31' title='bbox 685 1194 818 1258; x_wconf 81' lang='lat' dir='ltr'>cladem.</span> <span class='ocrx_word' id='word_1_32' title='bbox 839 1193 1009 1258; x_wconf 89' lang='lat' dir='ltr'>Retinetur</span> <span class='ocrx_word' id='word_1_33' title='bbox 1029 1191 1168 1257; x_wconf 89' lang='lat' dir='ltr'>adventu</span> <span class='ocrx_word' id='word_1_34' title='bbox 1188 1192 1351 1280; x_wconf 85' lang='lat' dir='ltr'>Harpagis</span> <span class='ocrx_word' id='word_1_35' title='bbox 1371 1204 1403 1260; x_wconf 93' lang='lat' dir='ltr'>et</span> <span class='ocrx_word' id='word_1_36' title='bbox 1422 1217 1514 1261; x_wconf 90' lang='lat' dir='ltr'>scene</span> <span class='ocrx_word' id='word_1_37' title='bbox 1534 1200 1636 1261; x_wconf 90' lang='lat' dir='ltr'>uritur</span> 
     </span>
     <span class='ocr_line' id='line_1_6' title="bbox 435 1298 1421 1385; baseline -0.001 -21"><span class='ocrx_word' id='word_1_38' title='bbox 435 1300 504 1379; x_wconf 81' lang='lat' dir='ltr'>(IV.</span> <span class='ocrx_word' id='word_1_39' title='bbox 532 1302 565 1379; x_wconf 83' lang='lat'>7)</span> <span class='ocrx_word' id='word_1_40' title='bbox 589 1320 669 1385; x_wconf 90' lang='lat' dir='ltr'>quae</span> <span class='ocrx_word' id='word_1_41' title='bbox 694 1302 818 1364; x_wconf 82' lang='lat' dir='ltr'>variam</span> <span class='ocrx_word' id='word_1_42' title='bbox 841 1301 925 1363; x_wconf 84' lang='lat' dir='ltr'>senis</span> <span class='ocrx_word' id='word_1_43' title='bbox 948 1298 1091 1363; x_wconf 83' lang='lat' dir='ltr'>indolem</span> <span class='ocrx_word' id='word_1_44' title='bbox 1116 1301 1239 1383; x_wconf 88' lang='lat' dir='ltr'>optime</span> <span class='ocrx_word' id='word_1_45' title='bbox 1262 1298 1421 1364; x_wconf 90' lang='lat' dir='ltr'>illustrat:</span> 
     </span>
    </p>

    <p class='ocr_par' dir='ltr' id='par_1_3' title="bbox 434 1403 1636 2960">
     <span class='ocr_line' id='line_1_7' title="bbox 484 1403 1634 1490; baseline -0.002 -18"><span class='ocrx_word' id='word_1_46' title='bbox 484 1404 569 1472; x_wconf 85' lang='lat' dir='ltr'>Gum</span> <span class='ocrx_word' id='word_1_47' title='bbox 594 1405 695 1470; x_wconf 87' lang='lat' dir='ltr'>Ballio</span> <span class='ocrx_word' id='word_1_48' title='bbox 718 1408 753 1469; x_wconf 93' lang='lat' dir='ltr'>in</span> <span class='ocrx_word' id='word_1_49' title='bbox 776 1403 963 1490; x_wconf 88' lang='lat' dir='ltr'>Harpagem</span> <span class='ocrx_word' id='word_1_50' title='bbox 987 1404 1012 1466; x_wconf 91' lang='lat' dir='ltr'>V</span> <span class='ocrx_word' id='word_1_51' title='bbox 1036 1407 1140 1469; x_wconf 90' lang='lat' dir='ltr'>minas</span> <span class='ocrx_word' id='word_1_52' title='bbox 1164 1407 1380 1490; x_wconf 75' lang='lat' dir='ltr'>porrigentem</span> <span class='ocrx_word' id='word_1_53' title='bbox 1404 1405 1529 1471; x_wconf 89' lang='lat' dir='ltr'>involat</span> <span class='ocrx_word' id='word_1_54' title='bbox 1552 1413 1634 1471; x_wconf 91' lang='lat' dir='ltr'>tam-</span> 
     </span>
     <span class='ocr_line' id='line_1_8' title="bbox 438 1508 1631 1598; baseline 0 -22"><span class='ocrx_word' id='word_1_55' title='bbox 438 1533 538 1598; x_wconf 89' lang='lat' dir='ltr'>quam</span> <span class='ocrx_word' id='word_1_56' title='bbox 569 1510 681 1575; x_wconf 90' lang='lat' dir='ltr'>vultur</span> <span class='ocrx_word' id='word_1_57' title='bbox 709 1514 742 1575; x_wconf 93' lang='lat' dir='ltr'>in</span> <span class='ocrx_word' id='word_1_58' title='bbox 774 1509 942 1595; x_wconf 87' lang='lat' dir='ltr'>praedam,</span> <span class='ocrx_word' id='word_1_59' title='bbox 975 1508 1064 1573; x_wconf 82' lang='lat' dir='ltr'>Simo</span> <span class='ocrx_word' id='word_1_60' title='bbox 1095 1511 1196 1573; x_wconf 90' lang='lat' dir='ltr'>istum</span> <span class='ocrx_word' id='word_1_61' title='bbox 1229 1510 1377 1575; x_wconf 89' lang='lat' dir='ltr'>abhorret</span> <span class='ocrx_word' id='word_1_62' title='bbox 1401 1518 1433 1575; x_wconf 92' lang='lat' dir='ltr'>et</span> <span class='ocrx_word' id='word_1_63' title='bbox 1457 1511 1631 1576; x_wconf 81' lang='lat' dir='ltr'>exclamat:</span> 
     </span>
     <span class='ocr_line' id='line_1_9' title="bbox 438 1614 1633 1701; baseline 0 -19"><span class='ocrx_word' id='word_1_64' title='bbox 438 1617 590 1696; x_wconf 87' lang='lat' dir='ltr'>„Malum</span> <span class='ocrx_word' id='word_1_65' title='bbox 621 1616 704 1701; x_wconf 92' lang='lat' dir='ltr'>quod</span> <span class='ocrx_word' id='word_1_66' title='bbox 736 1617 768 1680; x_wconf 93' lang='lat' dir='ltr'>di</span> <span class='ocrx_word' id='word_1_67' title='bbox 793 1618 852 1680; x_wconf 91' lang='lat' dir='ltr'>tibi</span> <span class='ocrx_word' id='word_1_68' title='bbox 884 1616 1020 1691; x_wconf 87' lang='lat' dir='ltr'>dabunt,</span> <span class='ocrx_word' id='word_1_69' title='bbox 1052 1617 1097 1679; x_wconf 91' lang='lat' dir='ltr'>sic</span> <span class='ocrx_word' id='word_1_70' title='bbox 1128 1614 1315 1679; x_wconf 88' lang='lat' dir='ltr'>scelestu&#39;s”</span> <span class='ocrx_word' id='word_1_71' title='bbox 1347 1615 1481 1695; x_wconf 77' lang='lat'>(1130),</span> <span class='ocrx_word' id='word_1_72' title='bbox 1514 1620 1633 1682; x_wconf 90' lang='lat' dir='ltr'>ierum</span> 
     </span>
     <span class='ocr_line' id='line_1_10' title="bbox 435 1720 1634 1809; baseline 0 -22"><span class='ocrx_word' id='word_1_73' title='bbox 435 1745 513 1787; x_wconf 90' lang='lat' dir='ltr'>cum</span> <span class='ocrx_word' id='word_1_74' title='bbox 537 1722 669 1806; x_wconf 85' lang='lat' dir='ltr'>Harpax</span> <span class='ocrx_word' id='word_1_75' title='bbox 694 1725 726 1785; x_wconf 92' lang='lat' dir='ltr'>in</span> <span class='ocrx_word' id='word_1_76' title='bbox 750 1742 860 1786; x_wconf 89' lang='lat' dir='ltr'>senem</span> <span class='ocrx_word' id='word_1_77' title='bbox 883 1720 1027 1806; x_wconf 91' lang='lat' dir='ltr'>digitum</span> <span class='ocrx_word' id='word_1_78' title='bbox 1050 1720 1220 1785; x_wconf 89' lang='lat' dir='ltr'>intendens</span> <span class='ocrx_word' id='word_1_79' title='bbox 1243 1726 1353 1809; x_wconf 89' lang='lat' dir='ltr'>rogat:</span> <span class='ocrx_word' id='word_1_80' title='bbox 1377 1720 1469 1798; x_wconf 77' lang='lat' dir='ltr'>„Tun</span> <span class='ocrx_word' id='word_1_81' title='bbox 1488 1724 1516 1786; x_wconf 90' lang='lat' dir='ltr'>is</span> <span class='ocrx_word' id='word_1_82' title='bbox 1536 1722 1634 1801; x_wconf 86' lang='lat' dir='ltr'>(leno)</span> 
     </span>
     <span class='ocr_line' id='line_1_11' title="bbox 437 1823 1635 1912; baseline 0 -20"><span class='ocrx_word' id='word_1_83' title='bbox 437 1825 514 1892; x_wconf 81' lang='lat' dir='ltr'>esl&#39;&#39;</span> <span class='ocrx_word' id='word_1_84' title='bbox 548 1827 810 1912; x_wconf 83' lang='lat' dir='ltr'>indignabundus</span> <span class='ocrx_word' id='word_1_85' title='bbox 833 1825 939 1891; x_wconf 88' lang='lat' dir='ltr'>Simo:</span> <span class='ocrx_word' id='word_1_86' title='bbox 967 1823 1220 1911; x_wconf 83' lang='lat' dir='ltr'>„Oblamydate,</span> <span class='ocrx_word' id='word_1_87' title='bbox 1245 1847 1322 1891; x_wconf 88' lang='lat' dir='ltr'>cave</span> <span class='ocrx_word' id='word_1_88' title='bbox 1345 1829 1405 1903; x_wconf 90' lang='lat' dir='ltr'>sis,</span> <span class='ocrx_word' id='word_1_89' title='bbox 1429 1829 1549 1912; x_wconf 87' lang='lat' dir='ltr'>inquit,</span> <span class='ocrx_word' id='word_1_90' title='bbox 1575 1830 1635 1892; x_wconf 91' lang='lat' dir='ltr'>tibi</span> 
     </span>
     <span class='ocr_line' id='line_1_12' title="bbox 438 1930 1633 2017; baseline 0 -21"><span class='ocrx_word' id='word_1_91' title='bbox 438 1954 476 2009; x_wconf 89' lang='lat' dir='ltr'>„a</span> <span class='ocrx_word' id='word_1_92' title='bbox 501 1954 601 1997; x_wconf 89' lang='lat' dir='ltr'>curvo</span> <span class='ocrx_word' id='word_1_93' title='bbox 625 1932 800 1996; x_wconf 88' lang='lat' dir='ltr'>infortunio</span> <span class='ocrx_word' id='word_1_94' title='bbox 824 1939 920 2016; x_wconf 88' lang='lat' dir='ltr'>etque</span> <span class='ocrx_word' id='word_1_95' title='bbox 943 1934 978 1995; x_wconf 90' lang='lat' dir='ltr'>iu</span> <span class='ocrx_word' id='word_1_96' title='bbox 997 1932 1082 1995; x_wconf 89' lang='lat' dir='ltr'>hunc</span> <span class='ocrx_word' id='word_1_97' title='bbox 1102 1930 1232 1996; x_wconf 85' lang='lat' dir='ltr'>intende</span> <span class='ocrx_word' id='word_1_98' title='bbox 1253 1932 1413 2017; x_wconf 81' lang='lat' dir='ltr'>digitum:</span> <span class='ocrx_word' id='word_1_99' title='bbox 1433 1932 1633 1997; x_wconf 88' lang='lat' dir='ltr'>hiclenest.’&#39;</span> 
     </span>
     <span class='ocr_line' id='line_1_13' title="bbox 434 2035 1636 2124; baseline 0.002 -23"><span class='ocrx_word' id='word_1_100' title='bbox 434 2037 590 2101; x_wconf 82' lang='lat' dir='ltr'>Irascitur</span> <span class='ocrx_word' id='word_1_101' title='bbox 621 2035 724 2101; x_wconf 90' lang='lat' dir='ltr'>Ballio</span> <span class='ocrx_word' id='word_1_102' title='bbox 756 2045 789 2100; x_wconf 92' lang='lat' dir='ltr'>et</span> <span class='ocrx_word' id='word_1_103' title='bbox 819 2057 894 2101; x_wconf 91' lang='lat' dir='ltr'>cum</span> <span class='ocrx_word' id='word_1_104' title='bbox 924 2039 1027 2102; x_wconf 90' lang='lat' dir='ltr'>ironia</span> <span class='ocrx_word' id='word_1_105' title='bbox 1058 2037 1135 2102; x_wconf 90' lang='lat' dir='ltr'>haec</span> <span class='ocrx_word' id='word_1_106' title='bbox 1165 2041 1302 2124; x_wconf 90' lang='lat' dir='ltr'>regerit:</span> <span class='ocrx_word' id='word_1_107' title='bbox 1337 2040 1401 2114; x_wconf 86' lang='lat' dir='ltr'>„At</span> <span class='ocrx_word' id='word_1_108' title='bbox 1431 2039 1484 2103; x_wconf 91' lang='lat' dir='ltr'>hic</span> <span class='ocrx_word' id='word_1_109' title='bbox 1514 2047 1561 2104; x_wconf 92' lang='lat' dir='ltr'>est</span> <span class='ocrx_word' id='word_1_110' title='bbox 1586 2044 1636 2104; x_wconf 89' lang='lat' dir='ltr'>vir</span> 
     </span>
     <span class='ocr_line' id='line_1_14' title="bbox 436 2141 1635 2230; baseline 0.004 -25"><span class='ocrx_word' id='word_1_111' title='bbox 436 2143 571 2219; x_wconf 81' lang='lat' dir='ltr'>„bonus</span> <span class='ocrx_word' id='word_1_112' title='bbox 597 2141 658 2206; x_wconf 87' lang='lat' dir='ltr'>Sed</span> <span class='ocrx_word' id='word_1_113' title='bbox 682 2148 736 2217; x_wconf 90' lang='lat' dir='ltr'>tu,</span> <span class='ocrx_word' id='word_1_114' title='bbox 762 2143 841 2207; x_wconf 93' lang='lat' dir='ltr'>bone</span> <span class='ocrx_word' id='word_1_115' title='bbox 866 2146 926 2216; x_wconf 85' lang='lat' dir='ltr'>vir„</span> <span class='ocrx_word' id='word_1_116' title='bbox 950 2142 1096 2229; x_wconf 87' lang='lat' dir='ltr'>flagitare</span> <span class='ocrx_word' id='word_1_117' title='bbox 1117 2164 1210 2228; x_wconf 88' lang='lat' dir='ltr'>saepe</span> <span class='ocrx_word' id='word_1_118' title='bbox 1230 2143 1368 2209; x_wconf 90' lang='lat' dir='ltr'>clamore</span> <span class='ocrx_word' id='word_1_119' title='bbox 1387 2147 1420 2208; x_wconf 92' lang='lat' dir='ltr'>in</span> <span class='ocrx_word' id='word_1_120' title='bbox 1441 2145 1518 2222; x_wconf 89' lang='lat' dir='ltr'>foro,</span> <span class='ocrx_word' id='word_1_121' title='bbox 1537 2167 1635 2230; x_wconf 91' lang='lat' dir='ltr'>quom</span> 
     </span>
     <span class='ocr_line' id='line_1_15' title="bbox 438 2246 1635 2333; baseline 0.004 -22"><span class='ocrx_word' id='word_1_122' title='bbox 438 2246 573 2325; x_wconf 86' lang='lat' dir='ltr'>„libella</span> <span class='ocrx_word' id='word_1_123' title='bbox 596 2254 804 2331; x_wconf 79' lang='lat' dir='ltr'>nusquamst,</span> <span class='ocrx_word' id='word_1_124' title='bbox 829 2250 892 2312; x_wconf 90' lang='lat' dir='ltr'>nisi</span> <span class='ocrx_word' id='word_1_125' title='bbox 915 2248 993 2333; x_wconf 93' lang='lat' dir='ltr'>quid</span> <span class='ocrx_word' id='word_1_126' title='bbox 1016 2247 1088 2312; x_wconf 90' lang='lat' dir='ltr'>leno</span> <span class='ocrx_word' id='word_1_127' title='bbox 1112 2249 1165 2313; x_wconf 91' lang='lat' dir='ltr'>hic</span> <span class='ocrx_word' id='word_1_128' title='bbox 1189 2250 1338 2313; x_wconf 83' lang='lat' dir='ltr'>subvenit</span> <span class='ocrx_word' id='word_1_129' title='bbox 1362 2250 1443 2314; x_wconf 86' lang='lat' dir='ltr'>tibi’&#39;</span> <span class='ocrx_word' id='word_1_130' title='bbox 1469 2251 1586 2331; x_wconf 81' lang='lat'>(1142)</span> <span class='ocrx_word' id='word_1_131' title='bbox 1602 2251 1635 2324; x_wconf 75' lang='grc' dir='ltr'>1ι.</span> 
     </span>
     <span class='ocr_line' id='line_1_16' title="bbox 438 2351 1634 2441; baseline 0.002 -22"><span class='ocrx_word' id='word_1_132' title='bbox 438 2351 523 2419; x_wconf 79' lang='lat' dir='ltr'>Cum</span> <span class='ocrx_word' id='word_1_133' title='bbox 556 2374 632 2417; x_wconf 85' lang='lat' dir='ltr'>mox</span> <span class='ocrx_word' id='word_1_134' title='bbox 663 2352 767 2417; x_wconf 88' lang='lat' dir='ltr'>Ballio</span> <span class='ocrx_word' id='word_1_135' title='bbox 801 2354 963 2419; x_wconf 89' lang='lat' dir='ltr'>observet:</span> <span class='ocrx_word' id='word_1_136' title='bbox 1001 2353 1200 2431; x_wconf 87' lang='lat' dir='ltr'>„Pseudolus</span> <span class='ocrx_word' id='word_1_137' title='bbox 1234 2361 1311 2419; x_wconf 89' lang='lat' dir='ltr'>tuus</span> <span class='ocrx_word' id='word_1_138' title='bbox 1346 2354 1501 2441; x_wconf 85' lang='lat' dir='ltr'>allegavit</span> <span class='ocrx_word' id='word_1_139' title='bbox 1532 2358 1634 2434; x_wconf 91' lang='lat' dir='ltr'>hunc,</span> 
     </span>
     <span class='ocr_line' id='line_1_17' title="bbox 437 2457 1635 2545; baseline 0.003 -23"><span class='ocrx_word' id='word_1_140' title='bbox 437 2461 530 2543; x_wconf 86' lang='lat' dir='ltr'>quasi</span> <span class='ocrx_word' id='word_1_141' title='bbox 560 2478 580 2522; x_wconf 90' lang='lat' dir='ltr'>a</span> <span class='ocrx_word' id='word_1_142' title='bbox 602 2457 790 2522; x_wconf 83' lang='lat' dir='ltr'>Macedonio</span> <span class='ocrx_word' id='word_1_143' title='bbox 814 2457 918 2522; x_wconf 89' lang='lat' dir='ltr'>milite</span> <span class='ocrx_word' id='word_1_144' title='bbox 942 2459 1056 2535; x_wconf 87' lang='lat' dir='ltr'>esset&#39;’,</span> <span class='ocrx_word' id='word_1_145' title='bbox 1081 2458 1171 2524; x_wconf 82' lang='lat' dir='ltr'>Simo</span> <span class='ocrx_word' id='word_1_146' title='bbox 1195 2481 1269 2524; x_wconf 92' lang='lat' dir='ltr'>eum</span> <span class='ocrx_word' id='word_1_147' title='bbox 1293 2467 1404 2545; x_wconf 89' lang='lat' dir='ltr'>regat:</span> <span class='ocrx_word' id='word_1_148' title='bbox 1430 2461 1565 2537; x_wconf 85' lang='lat' dir='ltr'>„Haben</span> <span class='ocrx_word' id='word_1_149' title='bbox 1589 2485 1635 2527; x_wconf 87' lang='lat' dir='ltr'>ar·</span> 
     </span>
     <span class='ocr_line' id='line_1_18' title="bbox 436 2561 1635 2651; baseline 0.004 -24"><span class='ocrx_word' id='word_1_150' title='bbox 436 2572 576 2650; x_wconf 89' lang='lat' dir='ltr'>gentum</span> <span class='ocrx_word' id='word_1_151' title='bbox 598 2563 637 2627; x_wconf 89' lang='lat' dir='ltr'>ab</span> <span class='ocrx_word' id='word_1_152' title='bbox 660 2561 832 2627; x_wconf 80' lang='lat' dir='ltr'>homine?’&#39;</span> <span class='ocrx_word' id='word_1_153' title='bbox 858 2571 929 2627; x_wconf 90' lang='lat' dir='ltr'>tum</span> <span class='ocrx_word' id='word_1_154' title='bbox 953 2563 1073 2629; x_wconf 89' lang='lat' dir='ltr'>Ballio:</span> <span class='ocrx_word' id='word_1_155' title='bbox 1100 2565 1257 2651; x_wconf 85' lang='lat' dir='ltr'>„Rogitas</span> <span class='ocrx_word' id='word_1_156' title='bbox 1280 2565 1365 2651; x_wconf 87' lang='lat' dir='ltr'>quod</span> <span class='ocrx_word' id='word_1_157' title='bbox 1386 2564 1519 2631; x_wconf 80' lang='lat' dir='ltr'>videsl’&#39;</span> <span class='ocrx_word' id='word_1_158' title='bbox 1545 2566 1635 2632; x_wconf 89' lang='lat' dir='ltr'>Simo</span> 
     </span>
     <span class='ocr_line' id='line_1_19' title="bbox 435 2667 1636 2758; baseline 0.003 -25"><span class='ocrx_word' id='word_1_159' title='bbox 435 2688 567 2733; x_wconf 87' lang='lat' dir='ltr'>rursus:</span> <span class='ocrx_word' id='word_1_160' title='bbox 597 2667 727 2744; x_wconf 85' lang='lat' dir='ltr'>„Heus‚</span> <span class='ocrx_word' id='word_1_161' title='bbox 753 2676 914 2733; x_wconf 92' lang='lat' dir='ltr'>memento</span> <span class='ocrx_word' id='word_1_162' title='bbox 938 2691 1014 2754; x_wconf 92' lang='lat' dir='ltr'>ergo</span> <span class='ocrx_word' id='word_1_163' title='bbox 1037 2670 1211 2734; x_wconf 90' lang='lat' dir='ltr'>dimidium</span> <span class='ocrx_word' id='word_1_164' title='bbox 1233 2673 1327 2735; x_wconf 91' lang='lat' dir='ltr'>istinc</span> <span class='ocrx_word' id='word_1_165' title='bbox 1350 2673 1433 2736; x_wconf 92' lang='lat' dir='ltr'>mihi</span> <span class='ocrx_word' id='word_1_166' title='bbox 1458 2672 1496 2737; x_wconf 93' lang='lat' dir='ltr'>de</span> <span class='ocrx_word' id='word_1_167' title='bbox 1520 2674 1636 2758; x_wconf 89' lang='lat' dir='ltr'>praeda</span> 
     </span>
     <span class='ocr_line' id='line_1_20' title="bbox 435 2775 1635 2859; baseline 0.004 -21"><span class='ocrx_word' id='word_1_168' title='bbox 435 2775 527 2839; x_wconf 88' lang='lat' dir='ltr'>dare:</span> <span class='ocrx_word' id='word_1_169' title='bbox 561 2795 731 2838; x_wconf 90' lang='lat' dir='ltr'>commune</span> <span class='ocrx_word' id='word_1_170' title='bbox 762 2777 848 2838; x_wconf 90' lang='lat' dir='ltr'>istuc</span> <span class='ocrx_word' id='word_1_171' title='bbox 878 2795 944 2839; x_wconf 89' lang='lat' dir='ltr'>esse</span> <span class='ocrx_word' id='word_1_172' title='bbox 975 2775 1133 2859; x_wconf 88' lang='lat' dir='ltr'>oportet&#39;’,</span> <span class='ocrx_word' id='word_1_173' title='bbox 1158 2782 1190 2840; x_wconf 90' lang='lat' dir='ltr'>et</span> <span class='ocrx_word' id='word_1_174' title='bbox 1214 2775 1334 2840; x_wconf 89' lang='lat' dir='ltr'>Ballio:</span> <span class='ocrx_word' id='word_1_175' title='bbox 1362 2777 1466 2857; x_wconf 81' lang='lat' dir='ltr'>„Quid</span> <span class='ocrx_word' id='word_1_176' title='bbox 1490 2777 1635 2843; x_wconf 86' lang='lat' dir='ltr'>maluml</span> 
     </span>
     <span class='ocr_line' id='line_1_21' title="bbox 434 2879 1062 2960; baseline 0.002 -17"><span class='ocrx_word' id='word_1_177' title='bbox 434 2880 467 2944; x_wconf 93' lang='lat' dir='ltr'>id</span> <span class='ocrx_word' id='word_1_178' title='bbox 493 2886 601 2945; x_wconf 91' lang='lat' dir='ltr'>totum</span> <span class='ocrx_word' id='word_1_179' title='bbox 627 2879 771 2944; x_wconf 91' lang='lat' dir='ltr'>tuomst’&#39;</span> <span class='ocrx_word' id='word_1_180' title='bbox 797 2879 1062 2960; x_wconf 79' lang='lat'>(1162-1165).</span> 
     </span>
    </p>

    <p class='ocr_par' dir='ltr' id='par_1_4' title="bbox 432 2986 1634 4018">
     <span class='ocr_line' id='line_1_22' title="bbox 482 2986 1633 3071; baseline 0.006 -23"><span class='ocrx_word' id='word_1_181' title='bbox 482 2986 600 3051; x_wconf 87' lang='lat' dir='ltr'>Vereor</span> <span class='ocrx_word' id='word_1_182' title='bbox 621 2993 659 3050; x_wconf 91' lang='lat' dir='ltr'>ut</span> <span class='ocrx_word' id='word_1_183' title='bbox 677 2989 866 3071; x_wconf 88' lang='lat' dir='ltr'>interpretes</span> <span class='ocrx_word' id='word_1_184' title='bbox 886 2994 1085 3071; x_wconf 86' lang='lat' dir='ltr'>postremum</span> <span class='ocrx_word' id='word_1_185' title='bbox 1097 2987 1206 3052; x_wconf 89' lang='lat' dir='ltr'>locum</span> <span class='ocrx_word' id='word_1_186' title='bbox 1219 2995 1303 3053; x_wconf 91' lang='lat' dir='ltr'>recte</span> <span class='ocrx_word' id='word_1_187' title='bbox 1315 2988 1546 3066; x_wconf 85' lang='lat' dir='ltr'>intellexerint,</span> <span class='ocrx_word' id='word_1_188' title='bbox 1559 3011 1633 3055; x_wconf 90' lang='lat' dir='ltr'>cum</span> 
     </span>
     <span class='ocr_line' id='line_1_23' title="bbox 433 3092 1634 3179; baseline 0.003 -23"><span class='ocrx_word' id='word_1_189' title='bbox 433 3093 510 3156; x_wconf 93' lang='lat' dir='ltr'>inde</span> <span class='ocrx_word' id='word_1_190' title='bbox 535 3093 654 3156; x_wconf 84' lang='lat' dir='ltr'>crimen</span> <span class='ocrx_word' id='word_1_191' title='bbox 679 3094 834 3156; x_wconf 88' lang='lat' dir='ltr'>avaritiae</span> <span class='ocrx_word' id='word_1_192' title='bbox 854 3092 1026 3157; x_wconf 89' lang='lat' dir='ltr'>conflarent</span> <span class='ocrx_word' id='word_1_193' title='bbox 1043 3095 1077 3156; x_wconf 92' lang='lat' dir='ltr'>in</span> <span class='ocrx_word' id='word_1_194' title='bbox 1097 3093 1261 3158; x_wconf 86' lang='lat' dir='ltr'>Simonem</span> <span class='ocrx_word' id='word_1_195' title='bbox 1284 3100 1450 3179; x_wconf 89' lang='lat' dir='ltr'>tamquam</span> <span class='ocrx_word' id='word_1_196' title='bbox 1470 3094 1634 3160; x_wconf 88' lang='lat' dir='ltr'>sordidum</span> 
     </span>
     <span class='ocr_line' id='line_1_24' title="bbox 435 3195 1634 3282; baseline 0.003 -21"><span class='ocrx_word' id='word_1_197' title='bbox 435 3200 469 3261; x_wconf 88' lang='lat' dir='ltr'>et</span> <span class='ocrx_word' id='word_1_198' title='bbox 492 3217 511 3259; x_wconf 89' lang='lat' dir='ltr'>a</span> <span class='ocrx_word' id='word_1_199' title='bbox 535 3195 648 3260; x_wconf 92' lang='lat' dir='ltr'>lenone</span> <span class='ocrx_word' id='word_1_200' title='bbox 666 3195 750 3260; x_wconf 88' lang='lat' dir='ltr'>lucri</span> <span class='ocrx_word' id='word_1_201' title='bbox 769 3196 933 3282; x_wconf 89' lang='lat' dir='ltr'>cupidum.</span> <span class='ocrx_word' id='word_1_202' title='bbox 958 3197 1241 3262; x_wconf 89' lang='lat' dir='ltr'>Praetervidernnt</span> <span class='ocrx_word' id='word_1_203' title='bbox 1260 3199 1435 3264; x_wconf 87' lang='lat' dir='ltr'>secundum</span> <span class='ocrx_word' id='word_1_204' title='bbox 1455 3199 1634 3265; x_wconf 88' lang='lat' dir='ltr'>Ballionem</span> 
     </span>
     <span class='ocr_line' id='line_1_25' title="bbox 434 3301 1633 3393; baseline 0.003 -27"><span class='ocrx_word' id='word_1_205' title='bbox 434 3308 468 3366; x_wconf 88' lang='lat' dir='ltr'>et</span> <span class='ocrx_word' id='word_1_206' title='bbox 499 3301 665 3367; x_wconf 89' lang='lat' dir='ltr'>Simonem</span> <span class='ocrx_word' id='word_1_207' title='bbox 697 3301 912 3380; x_wconf 88' lang='lat' dir='ltr'>(„Pseudolus</span> <span class='ocrx_word' id='word_1_208' title='bbox 937 3310 1009 3368; x_wconf 91' lang='lat' dir='ltr'>tuos</span> <span class='ocrx_word' id='word_1_209' title='bbox 1033 3302 1190 3389; x_wconf 87' lang='lat' dir='ltr'>allegavit</span> <span class='ocrx_word' id='word_1_210' title='bbox 1213 3303 1318 3368; x_wconf 91' lang='lat' dir='ltr'>hunc’&#39;</span> <span class='ocrx_word' id='word_1_211' title='bbox 1344 3310 1423 3390; x_wconf 87' lang='lat' dir='ltr'>seq.)</span> <span class='ocrx_word' id='word_1_212' title='bbox 1447 3304 1633 3393; x_wconf 87' lang='lat' dir='ltr'>Harpagem</span> 
     </span>
     <span class='ocr_line' id='line_1_26' title="bbox 435 3407 1632 3497; baseline 0.004 -27"><span class='ocrx_word' id='word_1_213' title='bbox 435 3429 500 3471; x_wconf 91' lang='lat' dir='ltr'>non</span> <span class='ocrx_word' id='word_1_214' title='bbox 533 3410 641 3472; x_wconf 87' lang='lat' dir='ltr'>venire</span> <span class='ocrx_word' id='word_1_215' title='bbox 672 3429 690 3472; x_wconf 89' lang='lat' dir='ltr'>a</span> <span class='ocrx_word' id='word_1_216' title='bbox 719 3407 842 3484; x_wconf 87' lang='lat' dir='ltr'>milite,</span> <span class='ocrx_word' id='word_1_217' title='bbox 875 3407 930 3472; x_wconf 89' lang='lat' dir='ltr'>sed</span> <span class='ocrx_word' id='word_1_218' title='bbox 961 3430 979 3473; x_wconf 90' lang='lat' dir='ltr'>a</span> <span class='ocrx_word' id='word_1_219' title='bbox 1010 3408 1186 3485; x_wconf 84' lang='lat' dir='ltr'>Pseudolo,</span> <span class='ocrx_word' id='word_1_220' title='bbox 1217 3413 1326 3495; x_wconf 90' lang='lat' dir='ltr'>itaque</span> <span class='ocrx_word' id='word_1_221' title='bbox 1350 3416 1521 3496; x_wconf 87' lang='lat' dir='ltr'>argentum</span> <span class='ocrx_word' id='word_1_222' title='bbox 1547 3412 1632 3497; x_wconf 90' lang='lat' dir='ltr'>quod</span> 
     </span>
     <span class='ocr_line' id='line_1_27' title="bbox 434 3512 1633 3602; baseline 0.004 -27"><span class='ocrx_word' id='word_1_223' title='bbox 434 3512 544 3576; x_wconf 92' lang='lat' dir='ltr'>lenoni</span> <span class='ocrx_word' id='word_1_224' title='bbox 576 3512 680 3589; x_wconf 89' lang='lat' dir='ltr'>dedit,</span> <span class='ocrx_word' id='word_1_225' title='bbox 714 3512 923 3597; x_wconf 87' lang='lat' dir='ltr'>probabiliter</span> <span class='ocrx_word' id='word_1_226' title='bbox 954 3522 1140 3598; x_wconf 87' lang='lat' dir='ltr'>surreptum</span> <span class='ocrx_word' id='word_1_227' title='bbox 1171 3536 1237 3579; x_wconf 88' lang='lat' dir='ltr'>esse</span> <span class='ocrx_word' id='word_1_228' title='bbox 1269 3515 1411 3592; x_wconf 87' lang='lat' dir='ltr'>Simoni,</span> <span class='ocrx_word' id='word_1_229' title='bbox 1441 3519 1499 3601; x_wconf 91' lang='lat' dir='ltr'>qni</span> <span class='ocrx_word' id='word_1_230' title='bbox 1529 3519 1633 3602; x_wconf 88' lang='lat' dir='ltr'>igitur</span> 
     </span>
     <span class='ocr_line' id='line_1_28' title="bbox 435 3619 1630 3705; baseline 0.004 -24"><span class='ocrx_word' id='word_1_231' title='bbox 435 3639 534 3682; x_wconf 90' lang='lat' dir='ltr'>snum</span> <span class='ocrx_word' id='word_1_232' title='bbox 554 3620 625 3682; x_wconf 91' lang='lat' dir='ltr'>iure</span> <span class='ocrx_word' id='word_1_233' title='bbox 644 3622 759 3703; x_wconf 91' lang='lat' dir='ltr'>repetit</span> <span class='ocrx_word' id='word_1_234' title='bbox 778 3625 977 3694; x_wconf 88' lang='lat' dir='ltr'>(„memento</span> <span class='ocrx_word' id='word_1_235' title='bbox 998 3641 1039 3684; x_wconf 90' lang='lat' dir='ltr'>er</span> <span class='ocrx_word' id='word_1_236' title='bbox 1046 3620 1133 3704; x_wconf 87' lang='lat' dir='ltr'>go’&#39;)</span> <span class='ocrx_word' id='word_1_237' title='bbox 1146 3627 1178 3684; x_wconf 90' lang='lat' dir='ltr'>et</span> <span class='ocrx_word' id='word_1_238' title='bbox 1188 3619 1299 3705; x_wconf 90' lang='lat' dir='ltr'>largus</span> <span class='ocrx_word' id='word_1_239' title='bbox 1312 3629 1361 3684; x_wconf 90' lang='lat' dir='ltr'>est</span> <span class='ocrx_word' id='word_1_240' title='bbox 1372 3642 1445 3685; x_wconf 89' lang='lat' dir='ltr'>cnm</span> <span class='ocrx_word' id='word_1_241' title='bbox 1459 3622 1630 3687; x_wconf 90' lang='lat' dir='ltr'>dimidium</span> 
     </span>
     <span class='ocr_line' id='line_1_29' title="bbox 433 3722 1632 3812; baseline 0.003 -25"><span class='ocrx_word' id='word_1_242' title='bbox 433 3722 563 3787; x_wconf 92' lang='lat' dir='ltr'>Balloni</span> <span class='ocrx_word' id='word_1_243' title='bbox 589 3723 752 3807; x_wconf 90' lang='lat' dir='ltr'>relinquit.</span> <span class='ocrx_word' id='word_1_244' title='bbox 777 3723 887 3809; x_wconf 88' lang='lat' dir='ltr'>Neque</span> <span class='ocrx_word' id='word_1_245' title='bbox 907 3745 1017 3789; x_wconf 90' lang='lat' dir='ltr'>omnes</span> <span class='ocrx_word' id='word_1_246' title='bbox 1037 3724 1301 3790; x_wconf 83' lang='lat' dir='ltr'>animadvertisse</span> <span class='ocrx_word' id='word_1_247' title='bbox 1321 3726 1473 3791; x_wconf 88' lang='lat' dir='ltr'>videntur</span> <span class='ocrx_word' id='word_1_248' title='bbox 1492 3726 1632 3812; x_wconf 92' lang='lat' dir='ltr'>lepidam</span> 
     </span>
     <span class='ocr_line' id='line_1_30' title="bbox 433 3830 1634 3914; baseline 0.002 -21"><span class='ocrx_word' id='word_1_249' title='bbox 433 3831 686 3914; x_wconf 89' lang='lat' dir='ltr'>ambiguitatem</span> <span class='ocrx_word' id='word_1_250' title='bbox 728 3832 761 3892; x_wconf 94' lang='lat' dir='ltr'>in</span> <span class='ocrx_word' id='word_1_251' title='bbox 797 3832 967 3913; x_wconf 87' lang='lat' dir='ltr'>postremis</span> <span class='ocrx_word' id='word_1_252' title='bbox 1001 3830 1125 3907; x_wconf 86' lang='lat' dir='ltr'>verbis„</span> <span class='ocrx_word' id='word_1_253' title='bbox 1161 3850 1242 3914; x_wconf 90' lang='lat' dir='ltr'>quae</span> <span class='ocrx_word' id='word_1_254' title='bbox 1277 3838 1361 3895; x_wconf 87' lang='lat' dir='ltr'>recte</span> <span class='ocrx_word' id='word_1_255' title='bbox 1396 3831 1493 3896; x_wconf 86' lang='lat' dir='ltr'>editio</span> <span class='ocrx_word' id='word_1_256' title='bbox 1529 3835 1634 3897; x_wconf 92' lang='lat' dir='ltr'>minor</span> 
     </span>
     <span class='ocr_line' id='line_1_31' title="bbox 432 3932 1632 4018; baseline 0.004 -20"><span class='ocrx_word' id='word_1_257' title='bbox 432 3934 657 3998; x_wconf 78' lang='lat' dir='ltr'>Teubneriana</span> <span class='ocrx_word' id='word_1_258' title='bbox 679 3936 724 3997; x_wconf 91' lang='lat' dir='ltr'>sic</span> <span class='ocrx_word' id='word_1_259' title='bbox 746 3936 948 4018; x_wconf 83' lang='lat' dir='ltr'>interpunxit</span> <span class='ocrx_word' id='word_1_260' title='bbox 974 3934 1079 4013; x_wconf 81' lang='lat' dir='ltr'>„Quid</span> <span class='ocrx_word' id='word_1_261' title='bbox 1103 3932 1270 3999; x_wconf 80' lang='lat' dir='ltr'>maluml’&#39;</span> <span class='ocrx_word' id='word_1_262' title='bbox 1296 3936 1327 4000; x_wconf 92' lang='lat' dir='ltr'>b.</span> <span class='ocrx_word' id='word_1_263' title='bbox 1352 3957 1379 4000; x_wconf 90' lang='lat' dir='ltr'>e.</span> <span class='ocrx_word' id='word_1_264' title='bbox 1413 3937 1482 4012; x_wconf 92' lang='lat' dir='ltr'>„Ne</span> <span class='ocrx_word' id='word_1_265' title='bbox 1506 3946 1632 4003; x_wconf 87' lang='lat' dir='ltr'>metuas</span> 
     </span>
    </p>
   </div>
   <div class='ocr_carea' id='block_1_3' title="bbox 428 4145 1632 4846">
    <p class='ocr_par' dir='ltr' id='par_1_5' title="bbox 430 4145 1632 4456">
     <span class='ocr_line' id='line_1_32' title="bbox 465 4145 1632 4212; baseline 0.001 -15"><span class='ocrx_word' id='word_1_266' title='bbox 465 4151 494 4209; x_wconf 91' lang='lat'>1)</span> <span class='ocrx_word' id='word_1_267' title='bbox 513 4150 586 4196; x_wconf 73' lang='lat' dir='ltr'>Senes</span> <span class='ocrx_word' id='word_1_268' title='bbox 604 4145 689 4194; x_wconf 74' lang='lat' dir='ltr'>diriter</span> <span class='ocrx_word' id='word_1_269' title='bbox 707 4161 720 4193; x_wconf 85' lang='lat' dir='ltr'>a</span> <span class='ocrx_word' id='word_1_270' title='bbox 737 4145 822 4194; x_wconf 87' lang='lat' dir='ltr'>lenone</span> <span class='ocrx_word' id='word_1_271' title='bbox 838 4145 964 4210; x_wconf 83' lang='lat' dir='ltr'>pecuniam</span> <span class='ocrx_word' id='word_1_272' title='bbox 982 4154 1089 4195; x_wconf 80' lang='lat' dir='ltr'>mutuum</span> <span class='ocrx_word' id='word_1_273' title='bbox 1107 4161 1156 4194; x_wconf 91' lang='lat' dir='ltr'>non</span> <span class='ocrx_word' id='word_1_274' title='bbox 1173 4145 1311 4203; x_wconf 78' lang='lat' dir='ltr'>sumebant,</span> <span class='ocrx_word' id='word_1_275' title='bbox 1327 4163 1402 4212; x_wconf 87' lang='lat' dir='ltr'>neque</span> <span class='ocrx_word' id='word_1_276' title='bbox 1416 4149 1565 4211; x_wconf 82' lang='lat' dir='ltr'>argentariae</span> <span class='ocrx_word' id='word_1_277' title='bbox 1580 4154 1632 4198; x_wconf 85' lang='lat' dir='ltr'>erat</span> 
     </span>
     <span class='ocr_line' id='line_1_33' title="bbox 434 4226 1632 4295; baseline 0.002 -18"><span class='ocrx_word' id='word_1_278' title='bbox 434 4228 515 4277; x_wconf 84' lang='lat' dir='ltr'>Ballio</span> <span class='ocrx_word' id='word_1_279' title='bbox 532 4227 573 4288; x_wconf 81' lang='lat' dir='ltr'>(cl.</span> <span class='ocrx_word' id='word_1_280' title='bbox 592 4228 674 4288; x_wconf 81' lang='lat' dir='ltr'>tato),</span> <span class='ocrx_word' id='word_1_281' title='bbox 691 4228 744 4275; x_wconf 89' lang='lat' dir='ltr'>ideo</span> <span class='ocrx_word' id='word_1_282' title='bbox 761 4227 818 4275; x_wconf 82' lang='lat' dir='ltr'>baec</span> <span class='ocrx_word' id='word_1_283' title='bbox 835 4226 907 4275; x_wconf 80' lang='lat' dir='ltr'>rerba</span> <span class='ocrx_word' id='word_1_284' title='bbox 924 4227 958 4275; x_wconf 82' lang='lat' dir='ltr'>ita</span> <span class='ocrx_word' id='word_1_285' title='bbox 975 4231 1068 4276; x_wconf 82' lang='lat' dir='ltr'>tantum</span> <span class='ocrx_word' id='word_1_286' title='bbox 1087 4228 1209 4290; x_wconf 84' lang='lat' dir='ltr'>quadrent</span> <span class='ocrx_word' id='word_1_287' title='bbox 1225 4228 1250 4276; x_wconf 93' lang='lat' dir='ltr'>in</span> <span class='ocrx_word' id='word_1_288' title='bbox 1268 4227 1402 4287; x_wconf 86' lang='lat' dir='ltr'>Simonem,</span> <span class='ocrx_word' id='word_1_289' title='bbox 1421 4230 1440 4277; x_wconf 87' lang='lat' dir='ltr'>ei</span> <span class='ocrx_word' id='word_1_290' title='bbox 1456 4238 1550 4294; x_wconf 83' lang='lat' dir='ltr'>tempus</span> <span class='ocrx_word' id='word_1_291' title='bbox 1565 4247 1632 4295; x_wconf 85' lang='lat' dir='ltr'>prae·</span> 
     </span>
     <span class='ocr_line' id='line_1_34' title="bbox 430 4308 1629 4376; baseline 0.002 -17"><span class='ocrx_word' id='word_1_292' title='bbox 430 4326 486 4359; x_wconf 78' lang='lat' dir='ltr'>eene</span> <span class='ocrx_word' id='word_1_293' title='bbox 510 4309 665 4372; x_wconf 74' lang='lat' dir='ltr'>flagitare</span> <span class='ocrx_word' id='word_1_294' title='bbox 687 4309 721 4357; x_wconf 84' lang='lat' dir='ltr'>eie</span> <span class='ocrx_word' id='word_1_295' title='bbox 742 4310 939 4373; x_wconf 77' lang='lat' dir='ltr'>interpretamur,</span> <span class='ocrx_word' id='word_1_296' title='bbox 963 4314 991 4358; x_wconf 87' lang='grc' dir='ltr'>ιιι</span> <span class='ocrx_word' id='word_1_297' title='bbox 1015 4308 1093 4357; x_wconf 76' lang='grc' dir='ltr'>Βιιιὶο</span> <span class='ocrx_word' id='word_1_298' title='bbox 1118 4325 1189 4358; x_wconf 85' lang='lat' dir='ltr'>omne</span> <span class='ocrx_word' id='word_1_299' title='bbox 1211 4326 1285 4373; x_wconf 79' lang='lat' dir='ltr'>genus</span> <span class='ocrx_word' id='word_1_300' title='bbox 1308 4311 1404 4359; x_wconf 83' lang='lat' dir='ltr'>denotet</span> <span class='ocrx_word' id='word_1_301' title='bbox 1426 4327 1523 4369; x_wconf 88' lang='lat' dir='ltr'>eorum,</span> <span class='ocrx_word' id='word_1_302' title='bbox 1546 4313 1629 4376; x_wconf 91' lang='lat' dir='ltr'>quiin</span> 
     </span>
     <span class='ocr_line' id='line_1_35' title="bbox 431 4388 1528 4456; baseline 0.002 -17"><span class='ocrx_word' id='word_1_303' title='bbox 431 4391 594 4440; x_wconf 79' lang='lat' dir='ltr'>edoleecentiu</span> <span class='ocrx_word' id='word_1_304' title='bbox 612 4390 703 4438; x_wconf 83' lang='lat' dir='ltr'>lenonie</span> <span class='ocrx_word' id='word_1_305' title='bbox 719 4405 763 4454; x_wconf 88' lang='lat' dir='ltr'>ope</span> <span class='ocrx_word' id='word_1_306' title='bbox 781 4388 926 4452; x_wconf 84' lang='lat' dir='ltr'>indigebant,</span> <span class='ocrx_word' id='word_1_307' title='bbox 943 4391 982 4437; x_wconf 79' lang='lat' dir='ltr'>red</span> <span class='ocrx_word' id='word_1_308' title='bbox 999 4397 1081 4454; x_wconf 81' lang='lat' dir='ltr'>poutea</span> <span class='ocrx_word' id='word_1_309' title='bbox 1098 4391 1185 4449; x_wconf 88' lang='lat' dir='ltr'>boni,</span> <span class='ocrx_word' id='word_1_310' title='bbox 1203 4389 1306 4452; x_wconf 72' lang='grc' dir='ltr'>ἀγαθοὶ,</span> <span class='ocrx_word' id='word_1_311' title='bbox 1324 4392 1528 4456; x_wconf 84' lang='lat' dir='ltr'>nuncupabantur.</span> 
     </span>
    </p>

    <p class='ocr_par' dir='ltr' id='par_1_6' title="bbox 428 4470 1630 4846">
     <span class='ocr_line' id='line_1_36' title="bbox 467 4470 1627 4533; baseline 0.002 -12"><span class='ocrx_word' id='word_1_312' title='bbox 467 4474 549 4521; x_wconf 81' lang='lat' dir='ltr'>lneeee</span> <span class='ocrx_word' id='word_1_313' title='bbox 570 4476 651 4519; x_wconf 79' lang='lat' dir='ltr'>eutem</span> <span class='ocrx_word' id='word_1_314' title='bbox 675 4471 700 4519; x_wconf 85' lang='lat' dir='ltr'>in</span> <span class='ocrx_word' id='word_1_315' title='bbox 718 4472 756 4519; x_wconf 84' lang='lat' dir='ltr'>bie</span> <span class='ocrx_word' id='word_1_316' title='bbox 774 4470 854 4520; x_wconf 79' lang='lat' dir='ltr'>verbis</span> <span class='ocrx_word' id='word_1_317' title='bbox 870 4471 984 4521; x_wconf 85' lang='lat' dir='ltr'>indicium</span> <span class='ocrx_word' id='word_1_318' title='bbox 1003 4472 1165 4520; x_wconf 80' lang='lat' dir='ltr'>amicitiae</span> <span class='ocrx_word' id='word_1_319' title='bbox 1184 4472 1249 4520; x_wconf 87' lang='lat' dir='ltr'>inter</span> <span class='ocrx_word' id='word_1_320' title='bbox 1265 4488 1344 4520; x_wconf 79' lang='lat' dir='ltr'>senem</span> <span class='ocrx_word' id='word_1_321' title='bbox 1361 4478 1386 4521; x_wconf 87' lang='lat' dir='ltr'>et</span> <span class='ocrx_word' id='word_1_322' title='bbox 1404 4473 1526 4532; x_wconf 84' lang='lat' dir='ltr'>lenonem,</span> <span class='ocrx_word' id='word_1_323' title='bbox 1545 4490 1627 4533; x_wconf 85' lang='lat' dir='ltr'>nemo,</span> 
     </span>
     <span class='ocr_line' id='line_1_37' title="bbox 429 4552 1629 4620; baseline 0.002 -17"><span class='ocrx_word' id='word_1_324' title='bbox 429 4556 519 4620; x_wconf 86' lang='lat' dir='ltr'>opinor</span> <span class='ocrx_word' id='word_1_325' title='bbox 544 4554 688 4602; x_wconf 79' lang='lat' dir='ltr'>Biermae</span> <span class='ocrx_word' id='word_1_326' title='bbox 708 4554 835 4611; x_wconf 84' lang='lat' dir='ltr'>concedet,</span> <span class='ocrx_word' id='word_1_327' title='bbox 857 4553 898 4616; x_wconf 90' lang='lat' dir='ltr'>qui</span> <span class='ocrx_word' id='word_1_328' title='bbox 916 4569 939 4617; x_wconf 90' lang='lat' dir='ltr'>p.</span> <span class='ocrx_word' id='word_1_329' title='bbox 956 4555 989 4602; x_wconf 74' lang='lat' dir='ltr'>tt</span> <span class='ocrx_word' id='word_1_330' title='bbox 1008 4553 1052 4602; x_wconf 87' lang='lat' dir='ltr'>boc</span> <span class='ocrx_word' id='word_1_331' title='bbox 1069 4552 1163 4602; x_wconf 79' lang='lat' dir='ltr'>scribit:</span> <span class='ocrx_word' id='word_1_332' title='bbox 1186 4554 1250 4601; x_wconf 60' lang='lat' dir='ltr'>*llic</span> <span class='ocrx_word' id='word_1_333' title='bbox 1267 4554 1335 4601; x_wconf 81' lang='lat' dir='ltr'>valde</span> <span class='ocrx_word' id='word_1_334' title='bbox 1352 4571 1390 4603; x_wconf 87' lang='lat' dir='ltr'>mc</span> <span class='ocrx_word' id='word_1_335' title='bbox 1408 4557 1507 4604; x_wconf 79' lang='lat' dir='ltr'>offendit</span> <span class='ocrx_word' id='word_1_336' title='bbox 1524 4557 1629 4605; x_wconf 84' lang='lat' dir='ltr'>amicitia</span> 
     </span>
     <span class='ocr_line' id='line_1_38' title="bbox 432 4632 1630 4692; baseline 0.001 -7"><span class='ocrx_word' id='word_1_337' title='bbox 432 4635 543 4685; x_wconf 69' lang='lat' dir='ltr'>,lenonie</span> <span class='ocrx_word' id='word_1_338' title='bbox 565 4640 590 4682; x_wconf 85' lang='lat' dir='ltr'>et</span> <span class='ocrx_word' id='word_1_339' title='bbox 612 4633 727 4691; x_wconf 84' lang='lat' dir='ltr'>Simonie;</span> <span class='ocrx_word' id='word_1_340' title='bbox 751 4640 775 4682; x_wconf 84' lang='lat' dir='ltr'>et</span> <span class='ocrx_word' id='word_1_341' title='bbox 797 4634 894 4683; x_wconf 79' lang='lat' dir='ltr'>miratio</span> <span class='ocrx_word' id='word_1_342' title='bbox 917 4632 996 4692; x_wconf 74' lang='lat' dir='ltr'>cubit„</span> <span class='ocrx_word' id='word_1_343' title='bbox 1018 4634 1136 4684; x_wconf 87' lang='lat' dir='ltr'>nemiuem</span> <span class='ocrx_word' id='word_1_344' title='bbox 1157 4639 1212 4682; x_wconf 85' lang='lat' dir='ltr'>ente</span> <span class='ocrx_word' id='word_1_345' title='bbox 1230 4651 1268 4684; x_wconf 86' lang='lat' dir='ltr'>me</span> <span class='ocrx_word' id='word_1_346' title='bbox 1285 4635 1323 4684; x_wconf 89' lang='lat' dir='ltr'>bic</span> <span class='ocrx_word' id='word_1_347' title='bbox 1341 4636 1416 4684; x_wconf 83' lang='lat' dir='ltr'>videri</span> <span class='ocrx_word' id='word_1_348' title='bbox 1436 4636 1560 4685; x_wconf 81' lang='lat' dir='ltr'>hueeieee”.</span> <span class='ocrx_word' id='word_1_349' title='bbox 1584 4638 1630 4686; x_wconf 87' lang='lat' dir='ltr'>Ille</span> 
     </span>
     <span class='ocr_line' id='line_1_39' title="bbox 428 4716 1630 4785; baseline 0.002 -20"><span class='ocrx_word' id='word_1_350' title='bbox 428 4718 492 4765; x_wconf 77' lang='lat' dir='ltr'>bunc</span> <span class='ocrx_word' id='word_1_351' title='bbox 507 4716 629 4780; x_wconf 77' lang='lat' dir='ltr'>imprimis</span> <span class='ocrx_word' id='word_1_352' title='bbox 643 4716 672 4764; x_wconf 93' lang='lat' dir='ltr'>ob</span> <span class='ocrx_word' id='word_1_353' title='bbox 686 4731 780 4764; x_wconf 70' lang='lat' dir='ltr'>cauum</span> <span class='ocrx_word' id='word_1_354' title='bbox 797 4732 818 4780; x_wconf 84' lang='lat' dir='ltr'>p.</span> <span class='ocrx_word' id='word_1_355' title='bbox 837 4716 868 4764; x_wconf 77' lang='grc'>92</span> <span class='ocrx_word' id='word_1_356' title='bbox 878 4732 912 4780; x_wconf 85' lang='lat' dir='ltr'>eq.</span> <span class='ocrx_word' id='word_1_357' title='bbox 926 4716 1058 4774; x_wconf 81' lang='lat' dir='ltr'>concludit,</span> <span class='ocrx_word' id='word_1_358' title='bbox 1074 4718 1099 4764; x_wconf 91' lang='lat' dir='ltr'>in</span> <span class='ocrx_word' id='word_1_359' title='bbox 1115 4716 1159 4764; x_wconf 80' lang='lat' dir='ltr'>bac</span> <span class='ocrx_word' id='word_1_360' title='bbox 1174 4732 1242 4764; x_wconf 76' lang='lat' dir='ltr'>scena</span> <span class='ocrx_word' id='word_1_361' title='bbox 1258 4717 1379 4766; x_wconf 82' lang='lat' dir='ltr'>Simonem</span> <span class='ocrx_word' id='word_1_362' title='bbox 1395 4718 1420 4766; x_wconf 88' lang='lat' dir='ltr'>in</span> <span class='ocrx_word' id='word_1_363' title='bbox 1429 4733 1513 4782; x_wconf 81' lang='lat' dir='ltr'>graeco</span> <span class='ocrx_word' id='word_1_364' title='bbox 1522 4720 1630 4785; x_wconf 85' lang='lat' dir='ltr'>exemplo</span> 
     </span>
     <span class='ocr_line' id='line_1_40' title="bbox 431 4796 787 4846; baseline -0.003 0"><span class='ocrx_word' id='word_1_365' title='bbox 431 4804 474 4846; x_wconf 81' lang='lat' dir='ltr'>eut</span> <span class='ocrx_word' id='word_1_366' title='bbox 492 4812 539 4846; x_wconf 90' lang='lat' dir='ltr'>non</span> <span class='ocrx_word' id='word_1_367' title='bbox 558 4796 631 4845; x_wconf 74' lang='lat' dir='ltr'>sciere</span> <span class='ocrx_word' id='word_1_368' title='bbox 647 4802 689 4845; x_wconf 82' lang='lat' dir='ltr'>eut</span> <span class='ocrx_word' id='word_1_369' title='bbox 705 4796 787 4846; x_wconf 78' lang='lat' dir='ltr'>alium.</span> 
     </span>
    </p>
   </div>
   <div class='ocr_carea' id='block_1_4' title="bbox 0 0 2268 5944">
    <p class='ocr_par' dir='ltr' id='par_1_7' title="bbox 0 0 2268 5944">
     <span class='ocr_line' id='line_1_41' title="bbox 0 0 2268 5944; baseline 0 0"><span class='ocrx_word' id='word_1_370' title='bbox 0 0 2268 5944; x_wconf 95' lang='lat' dir='ltr'> </span> 
     </span>
    </p>
   </div>
  </div>
 </body>
</html>
