4525 5950
995 710 1132 758 omnine.
1575 691 1640 756 409

445 885 506 946 ant
536 880 571 944 in
601 876 742 964 epyllio,
775 881 833 942 aut
862 878 895 940 in
928 874 1109 960 tragoedia,
1142 887 1199 941 aut
1229 877 1263 939 in
1286 878 1426 941 carmine
1448 875 1560 954 docto,
1584 881 1641 941 aut

447 986 587 1070 deanue
616 987 651 1049 in
682 981 858 1048 enchiridio
887 980 977 1047 locus
1007 1002 1075 1047 esse
1105 983 1257 1066 potuerit.
1288 980 1377 1047 Dabo
1407 982 1478 1060 hic,
1502 981 1641 1068 utquid

445 1092 533 1157 mihi
567 1089 668 1156 velim
702 1093 870 1175 appareat,
906 1086 1053 1172 exempla
1087 1087 1261 1173 quaedam,
1293 1108 1374 1173 qnae
1406 1088 1489 1152 mihi
1517 1108 1642 1173 semper

444 1199 590 1263 maxime
612 1197 754 1281 insignia
780 1196 848 1261 visa
870 1199 956 1258 aunt.
980 1192 1054 1260 Alie
1076 1193 1190 1259 addere
1213 1196 1356 1259 cuiusvis
1379 1200 1437 1258 est.

495 1304 510 1369 I
543 1300 607 1369 667
651 1302 833 1367 Mercurius
866 1300 993 1386 Argum
1033 1303 1178 1386 consopit
1210 1300 1308 1387 longo
1342 1320 1488 1366 sermone
1523 1300 1641 1386 diuque

445 1407 558 1474 fistula
587 1407 745 1484 canendo,
777 1406 815 1472 de
838 1426 902 1492 qua
925 1411 1057 1492 rogatus
1080 1406 1238 1492 quomodo
1261 1408 1305 1470 sit
1325 1407 1474 1483 inventa,
1499 1404 1641 1471 fabulam

445 1514 575 1581 orditur
609 1514 647 1579 de
681 1512 838 1600 Syringa,
874 1510 929 1577 sed
963 1513 1030 1576 iam
1061 1532 1173 1576 somno
1204 1532 1375 1597 oppressus
1405 1514 1488 1578 iacet
1520 1512 1639 1600 Argus.

442 1620 519 1685 Non
553 1625 661 1685 tamen
695 1619 776 1683 hanc
810 1615 999 1683 facultatem
1031 1619 1221 1682 narrationis
1251 1617 1435 1683 inserendae
1465 1620 1639 1684 narrationi

444 1727 572 1791 amittit
601 1730 712 1810 poeta,
745 1722 800 1789 sed
829 1724 898 1809 ipse
929 1725 996 1788 suis
1027 1723 1151 1800 verbis,
1183 1723 1279 1808 idque
1310 1725 1453 1789 oratione
1483 1724 1639 1790 indirecta

444 1829 667 1912 (700-711),
691 1850 727 1896 ea
750 1829 864 1906 refert,
888 1848 970 1914 quae
992 1830 1060 1893 iam
1083 1849 1146 1894 non
1169 1834 1274 1914 potest
1298 1830 1385 1916 Argo
1410 1850 1536 1895 narrare
1555 1830 1641 1895 Mer·

444 1939 566 2002 curius.
590 1935 840 2021 lepidissimum
863 1934 1004 2019 profecto
1026 1935 1216 2011 inventum,
1235 1934 1384 2020 quodque
1404 1937 1641 2000 venustissimis

443 2049 578 2109 exornat
602 2041 746 2106 semibus
767 2039 920 2116 Ovidius,
940 2039 995 2105 aed
1014 2039 1089 2117 ubi,
1109 2060 1244 2125 quaeso,
1265 2045 1350 2105 recte
1369 2039 1514 2106 adhiberi
1533 2043 1641 2127 potuit

443 2147 530 2213 illud
553 2149 615 2211 nisi
638 2149 671 2211 in
695 2148 765 2231 ipso
789 2145 827 2210 de
850 2144 1000 2210 omnibns
1021 2146 1056 2208 in
1078 2165 1179 2210 novas
1202 2145 1321 2210 formas
1345 2148 1480 2210 mutatis
1503 2148 1641 2232 corpori·

444 2256 508 2321 bus
532 2250 691 2319 carmine?

496 2359 653 2425 Homines
675 2361 760 2423 inter
782 2378 815 2422 se
838 2357 1111 2442 metamorphoses
1134 2362 1298 2422 narrantes
1317 2356 1443 2422 inducit
1460 2362 1493 2423 et
1511 2356 1589 2424 altbi
1609 2363 1642 2423 et

448 2466 522 2531 VIII
554 2462 746 2542 547-875,
777 2463 835 2529 ubi
864 2466 987 2529 strenui
1018 2461 1068 2527 illi
1099 2468 1280 2542 venatores,
1314 2461 1477 2550 Calydone
1505 2463 1640 2529 domum

444 2572 634 2649 redeuntes,
667 2572 762 2637 otiosi
792 2569 878 2655 apud
901 2567 1080 2634 Acheloum
1103 2568 1256 2633 desident.
1280 2568 1359 2648 Quis
1382 2573 1542 2657 tragicus,
1567 2573 1639 2656 quis

447 2678 554 2743 airino
590 2675 828 2763 epylliorumve
859 2680 972 2762 poeta,
1012 2676 1084 2760 qnia
1114 2673 1364 2740 enchiridiornm
1396 2677 1532 2761 scriptor
1561 2678 1638 2742 haec

445 2786 492 2849 sic
515 2786 622 2869 potuit
642 2784 778 2869 iungere
800 2786 896 2866 atque
919 2776 1107 2866 disponeret

496 2888 564 2967 v11,
577 2886 758 2953 350-400
778 2885 911 2951 Medeae
923 2886 1036 2971 fugam
1049 2885 1228 2951 describens
1239 2907 1302 2950 non
1314 2885 1421 2952 solum
1433 2909 1543 2953 omnes
1553 2887 1640 2954 locos

443 2995 569 3061 volanti
592 2994 792 3061 subiacentes
816 2995 978 3068 nominat,
1003 2991 1057 3057 sed
1080 2993 1196 3077 arripit
1215 2992 1296 3057 hanc
1315 2991 1504 3060 facultatem
1523 2993 1640 3081 longae

441 3100 628 3167 inserendae
648 3099 946 3184 metamorphoseon
966 3100 1077 3175 seriei,
1089 3119 1171 3183 quae
1183 3120 1308 3185 quoque
1320 3098 1450 3165 illorum
1462 3103 1635 3166 evenerint.

492 3206 576 3286 Quid
596 3204 680 3292 qnod
699 3204 801 3271 semel
820 3203 886 3283 (IV,
899 3202 1047 3283 ‹sa-52)
1066 3203 1216 3267 reticendo
1236 3205 1321 3270 haud
1341 3226 1458 3291 paucas
1473 3212 1641 3272 enumerat

444 3312 728 3396 metamorphoses.
752 3309 936 3395 Minyeides
955 3310 1001 3374 ibi
1022 3310 1132 3387 „vario
1153 3309 1320 3375 sermone''
1339 3309 1447 3376 levare
1466 3311 1640 3377 decernunt

447 3438 627 3499 „manuum
647 3416 761 3501 opus'’,
782 3415 837 3481 sed
854 3435 935 3501 quae
956 3414 1104 3480 narrandi
1123 3415 1248 3479 factura
1266 3421 1315 3480 est
1333 3417 1466 3481 initium
1484 3420 1638 3503 primum,

444 3545 544 3611 quam
575 3544 615 3587 ex
645 3522 760 3587 multis
790 3520 874 3599 illis,
899 3540 978 3606 quas
1001 3522 1157 3586 memorIa
1180 3525 1284 3597 tenet,
1308 3524 1514 3607 potissimum
1537 3523 1638 3611 eligat

443 3629 559 3705 dobin,
592 3627 753 3693 sororibus
784 3626 839 3691 dat
869 3628 1032 3711 optionem
1149 3632 1183 3691 et
1213 3629 1323 3711 paucis
1352 3629 1459 3694 verbis
1488 3633 1636 3695 omnium

441 3738 674 3821 argumentum
694 3735 854 3819 proponit.
875 3730 1090 3797 Utilissimam
1109 3732 1252 3817 profecto
1265 3734 1341 3799 haec
1353 3735 1495 3822 Minyeis
1507 3757 1636 3822 operam

442 3840 574 3927 praebet
608 3839 911 3925 Metamorphoseon
944 3843 1074 3923 poetae,
1118 3838 1174 3903 sed
1210 3837 1267 3904 alii
1302 3845 1415 3925 poetae
1449 3844 1637 3928 scriptorive

443 3944 545 4023 nihil,
570 3950 608 4011 nt
628 3947 750 4030 opinor,
775 3951 842 4009 erat
866 3945 1043 4029 profutura.

490 4050 575 4131 Quid
598 4052 707 4116 fecerit
731 4056 770 4115 ut
788 4048 928 4126 fabulas,
949 4071 1028 4136 quas
1047 4050 1182 4115 diversis
1201 4049 1280 4117 loeis
1298 4053 1437 4118 iacentes
1456 4055 1636 4133 invenerat,

441 4161 529 4223 inter
559 4178 593 4222 se
623 4160 773 4243 iungeret
803 4161 836 4221 et
866 4155 942 4222 alibi
973 4157 1079 4242 prodit
1110 4163 1143 4223 et
1173 4157 1229 4237 XI,
1255 4156 1332 4223 413.
1355 4158 1445 4246 Ceyx
1469 4160 1637 4227 oraculum

443 4260 649 4327 consulturus
673 4260 818 4329 Clarium
841 4283 957 4327 navem
981 4263 1181 4328 conscendit:

1053 4368 1137 4433 Nam
1160 4368 1281 4455 templa
1304 4371 1455 4456 profanus

625 4472 717 4539 Invia
740 4494 815 4538 cnm
839 4471 994 4560 Phlegyis
1017 4474 1154 4540 faciebat
1176 4474 1332 4562 Delphica
1354 4477 1507 4544 Phorbas.

441 4579 586 4665 Utraque
614 4582 701 4644 enim
725 4600 758 4645 re
781 4600 860 4665 opus
885 4587 934 4645 est
957 4585 1086 4665 poetae,
1110 4580 1144 4646 et
1166 4584 1388 4668 navigatione,
1411 4586 1445 4648 in
1469 4606 1532 4670 qna
1555 4590 1636 4672 peri-

441 4690 535 4750 turus
566 4688 610 4750 sIt
642 4683 747 4772 Ceyx,
779 4685 812 4751 ct
844 4684 971 4751 oraculo
1003 4687 1042 4751 ab
1073 4707 1110 4751 eo
1141 4687 1296 4752 consulto.
1329 4690 1411 4754 Nam
1436 4690 1572 4756 adduxit
1594 4694 1634 4759 ad

443 4788 585 4877 (leycem
620 4790 731 4868 Pelea,
767 4794 820 4856 cui
855 4791 940 4877 apud
976 4795 1289 4877 praestantissimum
1325 4794 1421 4860 illum
1454 4795 1635 4864 deversanti
