4525 5950
778 1373 1209 1466 OBSERVATIONES
1238 1374 1486 1467 ORl'llOAll

1111 1569 1155 1615 ΔΙ)

920 1722 1336 1814 DEMOSTHENEM.

1070 1941 1194 1982 sumrsr'r
1244 1985 1246 1988 ,

994 2108 1028 2174 S.
1052 2110 1091 2173 A.
1115 2110 1269 2176 NABIlR.

1052 2409 1211 2450 *e*-

961 2673 1246 2732 ΟΛΤΝΘΙΛΚΟΣ
1270 2677 1308 2731 Α.

580 2850 664 2935 §22
689 2871 720 2935 p.
749 2848 806 2914 15:
832 2848 934 2925 ἤκουον
958 2847 984 2912 δ’
1009 2846 1111 2925 έγωγέ
1134 2870 1231 2926 τινων,
1256 2850 1296 2919 ὡς
1320 2848 1386 2913 οὐδὲ
1410 2849 1480 2921 τοὺς
1504 2847 1633 2926 λιμένας
1658 2852 1725 2915 καὶ

529 2957 612 3028 σιὶς
635 2955 792 3036 α’γορέις
818 2953 863 3020 έτι
887 2956 1005 3020 διθσοιεν
1029 2954 1112 3033 αὐτῷ
1137 2954 1334 3032 καρποῦσθαι.
1359 2954 1430 3020 Scio
1453 2977 1526 3021 sane
1546 2957 1674 3032 λιμένας
1695 2962 1728 3023 et

531 3060 653 3140 ιίγοριές
682 3060 769 3126 haud
795 3081 866 3125 raro
889 3062 1085 3125 coniunctim
1110 3062 1295 3136 memorari,
1319 3059 1422 3125 veluti
1446 3060 1528 3126 Plat.
1553 3061 1654 3147 Legg.
1679 3062 1727 3127 IX

530 3190 564 3254 p.
592 3164 716 3233 871A:
749 3167 830 3242 μήτε
861 3163 945 3246 ιἐροέ,
976 3168 1058 3243 μήτε
1089 3164 1217 3242 οὶγοριέν,
1249 3166 1329 3240 μήτε
1353 3167 1500 3245 λιμένας,
1525 3169 1605 3241 μήτε
1631 3166 1727 3231 ἄλλον

530 3271 627 3338 κοινθν
657 3270 810 3349 ξύλλογον
841 3270 957 3347 μηδένα
981 3272 1118 3348 μιαένιον.
1143 3270 1229 3336 Hinc
1252 3271 1346 3338 facile
1370 3278 1418 3337 est
1441 3274 1625 3338 existimare
1649 3272 1726 3357 quid

529 3376 710 3464 legendum
740 3380 784 3442 sit
813 3377 898 3463 apud
929 3375 1106 3463 Polybium
1138 3375 1165 3440 V
1197 3376 1249 3440 ll.
1263 3376 1294 3455 3,
1327 3398 1423 3462 quem
1452 3377 1559 3443 lucum
1592 3380 1727 3444 tractavi

534 3483 647 3547 Mrem.
682 3481 768 3548 1857
800 3503 831 3567 p.
862 3479 944 3548 237:
982 3481 1200 3561 καταφθείρειν
1234 3482 1383 3561 φρούρια,
1418 3484 1565 3561 λιμένας,
1602 3484 1706 3555 πόλεις
1717 3530 1725 3561 ,

531 3588 683 3667 ἄνδρας
694 3636 702 3666 ,
724 3593 814 3665 ναῦς,
836 3587 987 3666 καρπούς,
1007 3608 1081 3652 uam
1104 3586 1289 3673 planissime
1301 3586 1475 3672 legendum
1487 3595 1534 3653 est
1554 3589 1682 3666 α’γοροέ
1693 3612 1726 3667 ς,

530 3716 591 3760 nec
615 3696 714 3759 miror
737 3694 851 3759 horum
876 3692 1108 3759 vocabulorum
1129 3693 1364 3773 confusionem,
1389 3715 1464 3759 cum
1487 3695 1585 3759 verba
1605 3694 1675 3769 ὅραι
1695 3699 1728 3759 et

530 3802 606 3878 δρᾶν
636 3804 711 3864 uota
742 3800 780 3864 de
811 3819 906 3864 causa
936 3801 1056 3884 pariter
1079 3798 1229 3863 confundi
1253 3798 1384 3864 soleant.
1408 3798 1442 3864 Si
1467 3801 1539 3884 quis
1563 3798 1656 3884 plura
1679 3820 1726 3863 re-

531 3907 652 3991 quirit,
677 3926 745 3969 rem
768 3903 905 3969 ulterius
927 3903 1102 3969 illustrabit
1125 3903 1304 3989 Xenophon
1328 3904 1367 3970 de
1386 3904 1509 3990 Vectig.
1530 3903 1650 3970 1v40:
1675 3905 1726 3970 aa

531 4011 570 4075 σθ
601 4010 745 4074 πλειθνινν
775 4009 1033 4087 ξοναγειρομένων
1065 4008 1224 4086 ανθρώπων
1253 4009 1350 4074 οιλεέιν
1375 4009 1556 4086 εἰσάγεσθαι
1581 4009 1633 4072 καὶ
1658 4007 1727 4084 έξοέ-

530 4115 645 4194 γεσθαι
678 4115 729 4178 καὶ
762 4114 812 4178 διὰ
837 4116 871 4180 σθ
897 4115 926 4178 έν
948 4115 1047 4191 λιμένι
1073 4114 1125 4177 καὶ
1151 4116 1211 4186 τοὶς
1235 4114 1352 4194 οὶγοριὶς
1377 4113 1574 4189 αὐξάνεσθαι.
1598 4113 1645 4179 De
1667 4113 1727 4179 De-

529 4220 710 4286 mosthenis
740 4219 809 4285 lucc
842 4226 891 4286 est
922 4225 1029 4286 tamen
1053 4241 1110 4285 cur
1132 4220 1294 4300 dubitem;
1320 4242 1394 4286 nam
1417 4243 1518 4306 quum
1543 4241 1647 4285 sermo
1671 4219 1726 4285 fiat

528 4327 570 4392 de
600 4325 761 4391 Thessalis
792 4333 825 4391 et
856 4323 997 4392 Galenus
1029 4324 1098 4391 Vol.
1130 4325 1174 4391 IV
1198 4348 1230 4411 p.
1255 4325 1389 4391 296.33
1414 4327 1519 4392 tradat
1543 4325 1725 4397 Θετταλοὺς

491 4509 495 4514 p
529 4434 587 4505 rire
612 4433 695 4508 ἡμῶν
718 4430 1016 4511 προσαγορευομένην
1042 4431 1160 4509 αγορὰν
1184 4432 1295 4507 λιμένα
1319 4432 1487 4513 ὀνομάζειν,
1511 4432 1653 4518 proclive
1678 4436 1726 4496 est

532 4539 690 4622 suspicari
717 4537 884 4602 Oratorem
915 4540 1096 4622 scripsisse:
1130 4538 1167 4608 ὥς
1200 4538 1266 4602 οὐδέ
1290 4539 1360 4610 τοὺς
1385 4541 1514 4615 λιμένας
1538 4538 1582 4601 ἔτι
1606 4538 1725 4602 δώσοιεν

531 4644 617 4720 αὐτῷ
649 4643 857 4720 καρποῦσθαι,
885 4641 1021 4707 sciolum
1045 4644 1145 4707 fuisse
1170 4646 1225 4727 qui
1248 4644 1422 4709 addiderit:
1448 4644 1513 4708 acl
1540 4644 1614 4715 τὰς
1639 4644 1725 4720 syc

531 4747 612 4828 ρές.
638 4746 717 4814 Vide
740 4755 902 4835 praeterea
926 4748 966 4814 ad
989 4748 1075 4814 Phil.
1099 4748 1204 4834 Epist.
1229 4749 1279 4834 §7
1304 4772 1334 4835 p.
1363 4749 1436 4814 154.

1565 4872 1575 4918 1
