4525 5950
535 693 601 760 2⁴28
1051 714 1208 763 6666666.

582 879 632 943 14.
669 878 712 943 Et
743 879 853 944 fecisse
885 900 917 945 66
949 886 981 945 61
1012 879 1115 944 61166
1147 880 1247 945 facere
1271 879 1425 958 ostendit,
1450 855 1607 966 bnamvis
1631 904 1725 949 manu

533 987 669 1050 emissus
692 988 743 1051 sit.
813 987 985 1052 Adnotetio
1009 989 1107 1052 nimis
1131 989 1241 1052 611666.

580 1152 632 1218 19.
664 1152 734 1231 „lte
764 1154 901 1220 faciem'’
933 1155 992 1220 hoc
1024 1160 1088 1231 est,
1121 1175 1184 1220 uno
1217 1155 1311 1220 verbo
1343 1155 1457 1220 dicam.
1490 1155 1549 1222 Sic
1575 1155 1729 1224 Donatus.

532 1258 616 1326 Phil.
653 1261 712 1326 hoe
745 1263 790 1326 sic
825 1261 1009 1346 ampliavit:
1042 1269 1073 1327 61
1104 1260 1188 1346 quod
1218 1263 1354 1326 verbum
1386 1261 1560 1348 promisit?
1586 1264 1730 1344 (illud),

530 1368 587 1431 ubi
610 1366 689 1432 dicit
714 1389 818 1446 „nunc
842 1375 936 1433 tuum
960 1376 1008 1433 est
1031 1367 1193 1432 officium’'
1218 1389 1245 1433 e.
1258 1389 1288 1453 q.
1301 1389 1327 1433 6.
1350 1376 1411 1448 (66.
1440 1367 1532 1450 141).

575 1533 628 1599 24.
654 1534 815 1600 Donatus:
841 1537 1015 1601 necessario
1040 1537 1183 1621 positum
1210 1536 1280 1614 „is”
1295 1506 1489 1622 pronomen,
1515 1539 1674 1624 ἀναφορᾷ
1698 1539 1735 1606 61

528 1639 612 1705 illud
645 1646 757 1729 „gnati
786 1643 920 1708 611616”.
954 1642 1065 1728 Pergit
1098 1640 1196 1707 alter:
1230 1663 1304 1707 nam
1335 1646 1362 1708 si
1394 1665 1455 1708 non
1479 1648 1656 1728 posuisset
1679 1649 1736 1714 166

529 1768 711 1833 pronomen,
736 1747 826 1813 Sosia
848 1754 916 1813 erat
937 1745 1229 1833 intelligendus.(l)

574 1901 627 1979 33,
651 1901 704 1966 34.
730 1901 777 1966 De
802 1901 906 1967 661116
929 1899 1038 1966 Sosiae
1063 1900 1103 1967 ad
1128 1900 1311 1966 Simonem:

573 2006 645 2072 Non
674 2010 809 2073 iniuria:
838 2007 969 2073 numid
991 2009 1127 2072 arbitror
1153 2007 1296 2094 adprime
1319 2011 1352 2071 in
1375 2009 1445 2073 6116
1468 2029 1541 2074 6666
1567 2008 1679 2090 61116,
1703 2028 1737 2078 61

527 2114 667 2199 nequid
692 2116 789 2179 nimie

570 2219 656 2284 Phil.
681 2221 845 2285 observat:
876 2222 1104 2304 intempestive
1129 2218 1237 2284 Sosiae
1261 2219 1445 2306 respondet,
1471 2222 1530 2286 sed
1557 2226 1736 2308 prudentie

527 2331 634 2391 tantae
658 2329 831 2391 sententiae
855 2331 900 2406 (n.
921 2347 951 2410 q.
972 2331 1018 2404 n.)
1042 2328 1262 2410 compensavit
1284 2329 1582 2411 importunitatem.

571 2431 768 2496 Huiusmodi
799 2432 1075 2518 reprehensionem
1099 2434 1238 2517 respexit
1261 2431 1485 2518 Eugraphius:
1512 2434 1668 2514 Quidem
1692 2458 1730 2503 ar·

525 2545 632 2625 guunt
654 2537 858 2615 Terentium,
884 2539 968 2624 quod
990 2541 1087 2602 istam
1110 2542 1302 2604 sententiam
1326 2539 1443 2604 dixerit
1466 2562 1605 2620 servus,
1634 2566 1731 2632 quem

525 2647 707 2729 sapientum
729 2666 876 2709 summus
900 2666 939 2708 ex
962 2652 1085 2728 septem
1110 2644 1284 2731 protulisse
1308 2644 1425 2711 dicitur
1448 2667 1475 2711 6.
1488 2668 1519 2731 q.
1535 2669 1562 2712 s.

570 2750 713 2815 Donatus
736 2750 803 2831 (2):
835 2754 993 2816 sententia
1015 2770 1078 2814 non
1101 2752 1278 2837 incongrua
1301 2772 1409 2827 servo,
1435 2755 1511 2836 quia
1535 2761 1569 2819 61
1595 2756 1729 2841 661661-

524 2863 600 2943 gata
621 2864 717 2932 (est)
738 2864 770 2922 61
790 2879 852 2921 non
872 2857 1007 2922 refertur
1028 2857 1067 2922 ad
1087 2878 1253 2942 personam
1274 2857 1396 2922 domini
1417 2857 1555 2925 dicentis
1569 2864 1608 2942 (i.
1625 2885 1655 2929 e.
1670 2887 1729 2930 non

525 2963 564 3028 ed
587 2962 768 3041 Simonem,
799 2962 853 3030 sed
876 2963 914 3028 ad
938 2961 1065 3042 filium).
1136 2963 1216 3029 Dein
1239 2963 1450 3050 philosophus
1474 2987 1618 3052 pergere
1644 2970 1728 3036 vide

520 3079 575 3135 tur
596 3092 652 3155 per
675 3073 957 3157 interrogationem
981 3078 1090 3135 contra
1109 3069 1289 3136 Donatum:
1311 3070 1373 3135 Sed
1394 3072 1515 3158 dequo
1538 3074 1690 3142 dieitur?
1705 3078 1725 3157 ¹)

523 3197 562 3241 en
596 3180 702 3262 magis
736 3180 811 3262 quie
846 3179 995 3241 convenit
1030 3175 1138 3242 Sosiae
1168 3199 1219 3242 cor
1251 3180 1326 3257 (1.6.
1359 3178 1503 3259 andacia)
1537 3184 1724 3260 eiusmodi,

522 3289 685 3363 χαρακτήρ
708 3287 741 3347 in
765 3284 870 3348 verbis
894 3280 964 3348 est?

567 3388 708 3475 Usurpat
737 3388 792 3455 1116
824 3409 1065 3474 nonnumquam
1097 3394 1193 3454 66616
1217 3387 1338 3455 Graeca
1362 3389 1444 3455 mole
1467 3391 1654 3461 intellecta.
1679 3396 1723 3461 De

522 3496 755 3562 characteribus
779 3496 818 3560 cs.
844 3492 949 3561 Gloss.
974 3494 1001 3556 V
1029 3494 1170 3560 17613.
1197 3494 1369 3561 Sabbadini
1391 3496 1438 3561 l.l.
1464 3519 1493 3582 p.
1522 3498 1606 3566 339.

567 3603 774 3690 Eugrapbius
798 3624 873 3668 cum
898 3601 1021 3667 Donato
1044 3602 1127 3667 fere:
1152 3602 1236 3667 Fieri
1260 3610 1382 3689 potest,
1409 3606 1534 3668 611616
1559 3612 1723 3674 sententia

521 3731 539 3774 6
561 3712 703 3794 66616616
727 3709 1104 3794 (1161666161616611161
1128 3712 1274 3773 omnium
1299 3711 1333 3773 in
1356 3729 1410 3773 666
1434 3719 1596 3777 66166166.

567 3877 620 3941 41.
645 3876 841 3962 Obsequium
865 3877 983 3941 amieos
1007 3878 1125 3941 6611166
1150 3875 1260 3940 odium
1284 3878 1368 3961 parit

566 3982 670 4048 Phil.:
702 3983 810 4047 Huius
842 4004 952 4048 666666
985 4003 1057 4067 6616
1088 3981 1150 4060 (1.1.
1184 3988 1252 4068 661)
1283 3982 1460 4067 improbior
1490 3990 1542 4047 est
1576 3992 1723 4063 „veritas

521 4090 631 4155 odium
655 4089 771 4175 parit'’.
796 4089 928 4154 Falsum
952 4096 1002 4155 est
1025 4095 1152 4167 autem,
1177 4090 1260 4174 quod
1285 4086 1396 4155 016616
1423 4097 1518 4176 66161
1542 4092 1723 4175 (1166189)

522 4195 754 4281 „obsequium”
785 4199 889 4281 primo
913 4196 1030 4260 dixisse
1054 4196 1241 4261 Terentium
1264 4217 1338 4262 cum
1363 4204 1395 4262 et
1418 4195 1560 4263 Plautus
1583 4208 1621 4266 et
1645 4204 1724 4271 Nae

519 4305 594 4366 vius
618 4309 690 4367 ante
714 4302 862 4367 dixerint.

566 4408 657 4473 Hanc
688 4408 814 4495 culpam
846 4407 990 4476 Ciceroni
1018 4407 1117 4473 616116
1141 4410 1320 4493 1166616611
1342 4430 1381 4473 ex
1404 4411 1474 4474 eius
1498 4412 1615 4478 verbis
1640 4417 1725 4483 male

518 4513 707 4579 intellectis:
741 4514 797 4592 „ln
829 4515 979 4599 obsequio
1011 4520 1139 4591 autem,
1164 4516 1316 4599 quoniam
1339 4513 1534 4583 Terentiano
1561 4522 1668 4588 verbo
1690 4523 1726 4589 li·

520 4621 630 4684 benter
661 4620 816 4684 utimur”.
842 4617 993 4686 Ceterum
1016 4620 1123 4685 locum
1147 4619 1249 4684 Tullii
1275 4620 1409 4686 debebat
1431 4620 1581 4702 Donato,
1609 4637 1652 4692 ut
1675 4648 1726 4714 ap·

554 4845 580 4908 l)
600 4845 652 4894 Hoc
669 4846 738 4894 modo
755 4844 862 4895 codicum
879 4844 950 4895 166116
968 4846 1058 4894 6666661
1076 4860 1143 4910 posse
1161 4846 1264 4895 ridetur.
1285 4844 1324 4896 Cl.
1341 4843 1457 4895 Wecrner.
