4525 5950
538 679 604 744 314
1010 694 1251 744 nsnosrmrnrs.

537 861 669 947 flagitiis
693 867 856 946 cooperta,
878 882 915 925 ex
937 860 1085 924 omnibus
1104 860 1294 925 criminibus
1308 863 1389 924 -si
1410 860 1541 945 quidem
1561 863 1724 927 Aeschinis

536 967 643 1052 eliqua
672 966 749 1031 fides
780 973 828 1031 est
859 1003 900 1014 -
931 966 1026 1052 eligit
1057 965 1262 1031 levissimum
1292 965 1387 1051 idque
1419 969 1513 1031 tectis
1544 968 1651 1032 verbis
1683 971 1725 1032 ita

538 1073 660 1149 elevat,
697 1079 735 1136 ut
770 1071 959 1137 Timarchus
993 1071 1076 1136 nihil
1111 1092 1229 1157 magno
1261 1092 1356 1157 opere
1386 1092 1531 1157 peccasse
1562 1073 1724 1137 videatur:

538 1178 710 1243 Aeschines
727 1178 878 1253 ἠτίμωσεν
897 1178 943 1241 ὑπ
955 1176 1126 1254 οκροόσοι
1137 1179 1204 1240 ντά
1223 1179 1279 1241 τιν’
1291 1178 1386 1241 κάτοῦ
1400 1179 1579 1254 κιιπηγορον.
1601 1176 1724 1253 Contra,

536 1285 594 1348 ubi
625 1282 663 1348 de
686 1305 786 1368 poena
809 1282 962 1368 loquitur,
987 1283 1026 1347 ad
1049 1282 1205 1347 invidIarn
1232 1282 1429 1348 conflandam
1452 1287 1486 1347 et
1508 1283 1725 1348 concitandam

537 1390 807 1465 misericordiam,
841 1390 858 1472 ξ
879 1388 899 1452 2
923 1411 954 1473 p.
980 1388 1062 1453 341:
1087 1388 1139 1451 τόν
1163 1390 1219 1463 μὲν
1244 1390 1413 1470 ἀνθρηκε
1437 1395 1496 1451 τῶν
1520 1389 1570 1452 ἐπὶ
1599 1391 1658 1459 τάς
1682 1390 1726 1454 εἰν

536 1495 625 1563 θάνοις
664 1494 818 1571 ἐλθόντων,
854 1502 916 1565 τοῖς
949 1493 974 1557 δ’
999 1496 1126 1557 ἀπειλεῖ
1155 1495 1283 1570 περιιών.
1318 1493 1483 1574 ’Arianae
1516 1515 1578 1557 non
1611 1493 1727 1559 ultimo

536 1599 693 1685 supplicio
726 1599 846 1676 adeost,
878 1599 948 1664 sed:
982 1599 1020 1663 de
1048 1605 1136 1663 statu
1168 1599 1298 1675 deicht,
1331 1597 1474 1664 sustulit.
1513 1598 1636 1685 Phryn.
1669 1599 1727 1664 Bk.

537 1705 665 1772 2216:
699 1706 860 1785 ἀνῄρηκεν·
894 1706 954 1782 οὐχ
987 1707 1023 1775 ὡς
1049 1705 1075 1768 οἱ
1099 1709 1149 1767 νῦν
1174 1703 1242 1767 ἀντὶ
1268 1709 1320 1767 τοῦ
1346 1704 1536 1781 ἀπέκτεινεν,
1560 1706 1637 1768 ἀλλ’
1661 1705 1727 1768 ἀντὶ

536 1818 589 1875 τοῦ
621 1811 752 1875 ἐκποδὼν
785 1811 960 1884 πεποίηκεν.
993 1807 1068 1873 οὕτω
1102 1809 1155 1873 nai
1189 1809 1384 1882 Δημοσθένης
1415 1810 1447 1873 όν
1470 1811 1512 1887 τῷ
1536 1811 1605 1886 περὶ
1630 1834 1729 1888 ποιριε-

535 1916 716 1996 πρεσβείων.
737 1914 926 1980 Timarchus
946 1915 1074 1979 infamis
1095 1916 1197 1979 sactus
1217 1919 1283 1991 eet,
1303 1914 1455 1991 ἠτιμώθη,
1476 1913 1624 1999 nihilque
1643 1914 1728 1979 ultra

535 2027 568 2088 in
599 2043 675 2087 eum
706 2023 865 2084 saevitum
890 2020 962 2085 fuit.
988 2018 1139 2086 Ceterum
1162 2020 1200 2084 de
1224 2021 1321 2085 verbo
1346 2019 1515 2099 ὑποκρούειν
1538 2019 1659 2105 dignus
1683 2025 1729 2085 est

536 2131 593 2215 qui
615 2127 794 2192 conferatur
817 2125 960 2211 'Poupius
983 2126 1022 2190 ad
1045 2126 1232 2210 Longinum
1256 2124 1392 2208 §41.2.

582 2343 685 2428 §265
710 2365 740 2428 p.
767 2343 847 2407 426:
874 2343 1032 2417 Λασθένης
1055 2344 1111 2417 μὲν
1135 2344 1257 2421 ἤρεψε
1281 2345 1335 2415 τὴν
1358 2342 1455 2406 οῐκόοιν
1478 2351 1540 2413 τοῖο
1565 2344 1600 2406 ἐκ
1622 2352 1728 2406 Μονκε·

537 2451 635 2522 δονθοις
660 2450 841 2531 [δοθεῖσι]
865 2446 987 2526 ξύλοις,
1013 2449 1210 2526 Εὐθυκράτης
1235 2448 1266 2512 δὲ
1289 2449 1366 2525 βοῦς
1390 2447 1517 2526 ἔτρεφεν
1541 2450 1607 2513 κτὲ.
1631 2449 1727 2514 Recte

538 2556 681 2621 Blassius
705 2557 815 2618 omisit
837 2555 1043 2638 participium
1067 2553 1234 2631 δοθεῖσι,
1259 2554 1345 2639 quod
1368 2575 1432 2618 nen
1455 2561 1621 2640 comparet
1643 2553 1727 2640 apud

536 2661 747 2727 Plutarchum
768 2660 805 2725 de
826 2658 1024 2725 Garrulitate
1044 2662 1100 2744 qui
1118 2658 1224 2723 locum
1244 2659 1400 2724 laudavit.
1424 2659 1594 2725 Praeterea
1614 2659 1726 2725 malim

536 2768 661 2846 ἤρεφε
685 2766 821 2831 scribere
845 2786 979 2850 canique
1003 2767 1196 2849 scripturam
1220 2764 1356 2829 Photius
1377 2767 1410 2828 in
1435 2765 1552 2830 Lexico
1576 2765 1727 2851 quodam-

535 2872 631 2936 modo
662 2870 847 2947 confirmat,
880 2870 934 2934 sed
965 2869 1066 2955 pluris
1097 2875 1146 2935 est
1175 2870 1426 2935 animadvertere
1456 2872 1489 2934 in
1519 2871 1728 2955 sequentibus

534 2979 721 3063 imperfecta
742 2977 915 3041 identidem
941 2996 1111 3040 recurrere.

580 3178 681 3262 §265
705 3202 735 3264 p.
761 3178 844 3242 426:
874 3178 1067 3255 ἀπέβλεπον,
1101 3175 1235 3256 ἐζήλουν,
1263 3178 1385 3256 ἐτίμων,
1410 3175 1557 3257 ἀνδριιι
1586 3181 1725 3257 ἡγοῦντο.

534 3285 659 3349 Pariter
689 3284 798 3350 Cicero
829 3284 869 3348 ad
898 3286 1044 3349 Atticum
1076 3283 1155 3348 XIII
1179 3284 1232 3360 52,
1265 3306 1366 3369 quum
1396 3287 1429 3348 in
1453 3284 1534 3350 viIIs
1558 3284 1726 3353 Caesarem

534 3393 673 3475 hospitio
697 3392 889 3474 excepisset:
915 3389 998 3469 Quid
1021 3387 1145 3454 multa?
1169 3390 1311 3453 Ηυιιάινσι
1334 3392 1396 3454 visi
1414 3411 1537 3455 sumus.
1562 3392 1661 3458 Haud
1683 3397 1727 3459 ita

534 3496 680 3581 frequens
700 3494 755 3559 iile
774 3516 852 3559 usus
871 3495 953 3559 mihi
974 3495 1191 3560 videturesse.
1213 3495 1323 3559 Unum
1336 3496 1512 3560 adscribam
1524 3497 1726 3585 exemplum:

536 3600 680 3685 Xenoph.
712 3599 839 3665 Hellen.
865 3599 931 3663 VII.
961 3601 988 3664 1.
1002 3600 1062 3664 24:
1096 3599 1246 3678 Ἀρκάδει
1278 3602 1472 3678 ἀνεφυσῶντό
1501 3626 1537 3666 τε
1560 3603 1613 3666 xxi
1641 3606 1727 3684 ὑπερ-

536 3705 662 3783 εφίλουν
685 3707 736 3770 τόν
761 3704 940 3780 Αυκομηδην
966 3705 1016 3768 aa}
1042 3704 1130 3780 μόνον
1154 3703 1246 3782 ἀνδροι
1272 3708 1409 3781 ἡγοῦντο.

580 3918 683 4003 §266
714 3943 744 4005 p.
774 3921 857 3986 426:
889 3923 948 3993 τάς
980 3921 1085 3993 πόλεις
1116 3922 1246 3994 ἀπάσοις
1271 3924 1521 3990 ἀπωλωλέκεσαν
1544 3929 1604 3997 τάο
1631 3928 1661 3990 ἐν
1688 3941 1725 4010 τῇ

537 4024 707 4103 Χαλκιδικῇ
728 4026 984 4103 προδιδόντες
1006 4029 1058 4091 uui
1081 4029 1233 4099 Φίλιππος
1254 4028 1352 4092 οὐκέτ’
1370 4026 1455 4110 εἶχεν
1476 4031 1641 4097 ὑπακούειν
1661 4042 1726 4106 τοῖς

535 4130 719 4208 προδιδοῦσιν
742 4131 816 4194 οὐδ’
838 4128 951 4210 εἶχεν
976 4129 993 4194 θ
1001 4156 1037 4195 τι
1061 4139 1215 4210 πρῶτον
1235 4135 1354 4213 λάβη.
1376 4133 1515 4201 Cobetus
1534 4139 1569 4200 iu
1589 4138 1726 4203 Miaccll,

533 4259 564 4322 p.
591 4236 657 4300 489
688 4243 760 4321 post
789 4237 1017 4302 Marklandum
1048 4244 1080 4303 et
1110 4239 1292 4305 Dobraenm
1323 4247 1406 4307 recta
1438 4241 1559 4308 delevit
1580 4245 1614 4308 id
1641 4246 1727 4330 qnod

534 4349 583 4407 est
606 4342 807 4419 προδιδόντες.
833 4342 926 4420 „Non
949 4345 1116 4421 tantum,’'
1142 4349 1264 4431 inquit,
1290 4345 1497 4424 ,προδιδόντες
1518 4350 1557 4428 (οἱ
1576 4350 1727 4425 τροδιδόν·

532 4456 598 4528 τες)
619 4448 765 4512 additum
784 4447 884 4513 laedit
903 4469 1014 4513 aurem
1034 4451 1072 4513 ob
1093 4453 1237 4515 vicinum
1258 4460 1319 4522 τοῖς
1340 4451 1534 4532 προδιδοῦσιν,
1556 4454 1726 4520 sedetiam

532 4576 608 4619 cnm
638 4554 700 4618 Ioci
731 4557 888 4619 sententIa
919 4561 1052 4639 pugnet.
1077 4556 1199 4641 Nempe
1224 4557 1471 4622 ἀπωλωλέκεσκν
1495 4558 1532 4624 de
1557 4558 1727 4646 Olynthiis

531 4660 655 4724 dictum
675 4660 843 4724 manifesto
862 4658 1020 4744 significat
1041 4661 1318 4740 ἀπεβεβλήκεοον,
1339 4663 1533 4729 οικάιονοινό.”
1555 4664 1733 4734 Praeterea

532 4768 650 4849 recepit
669 4764 811 4829 Blassius
831 4765 1009 4829 Parisinem
1030 4764 1197 4831 lectionem
1220 4770 1278 4846 οὐχ
1299 4768 1427 4849 ὑπεῖχεν
1448 4770 1618 4848 ὑπακούων,
1641 4794 1725 4858 quae
