4525 5950
541 696 606 764 358
922 713 965 762 ao
990 714 1122 763 unacum
1147 713 1343 763 aaronica.

537 883 679 948 tionibus
703 887 831 947 tantum
854 881 993 946 tribuere
1016 879 1147 948 soleant.
1170 880 1281 968 ltaque
1307 881 1379 948 ride
1398 902 1437 947 sn
1457 890 1600 948 mentem
1621 890 1725 949 aucto·

537 991 581 1053 ris
608 1009 815 1074 assequamur
834 987 902 1052 loco
926 990 972 1053 sic
995 990 1158 1073 exposito:
1180 987 1359 1073 „numquid
1376 989 1481 1054 adbuc
1499 989 1576 1056 Veri
1596 989 1723 1056 tumulo

537 1094 660 1159 adsidet
694 1094 836 1159 Pantheo
866 1100 922 1158 aut
952 1091 1154 1181 Pergamus?
1188 1116 1267 1159 num
1303 1095 1459 1161 Hadriani
1488 1094 1644 1163 Chabrias
1674 1096 1725 1162 vel

537 1198 719 1266 Dictimusl
743 1199 915 1265 ridiculum
940 1201 993 1265 vel
1015 1204 1121 1286 potius
1146 1201 1320 1267 absurdum
1342 1208 1431 1283 (nam
1453 1205 1500 1268 ita
1519 1206 1726 1289 potissimum

537 1329 650 1373 vocem
680 1316 802 1384 γελοῖον
830 1306 1076 1393 explicaverim,
1101 1308 1141 1374 cf.
1173 1330 1212 1374 ex
1242 1330 1291 1396 gr.
1316 1307 1385 1374 VII.
1412 1307 1451 1374 71
1476 1316 1508 1374 et
1532 1310 1574 1375 X.
1601 1307 1645 1391 7),
1677 1311 1728 1376 ab·

536 1415 688 1492 surdum,
711 1416 862 1500 inquam,
888 1421 937 1479 eet
959 1413 1012 1479 vel
1032 1435 1095 1480 uno
1114 1418 1269 1501 temporis
1287 1423 1450 1481 momento
1469 1417 1529 1482 boc
1548 1437 1726 1504 supponere

539 1558 581 1571 -
605 1528 638 1587 et
669 1528 777 1587 tamen
808 1522 954 1587 homines
979 1527 1116 1586 mortem
1139 1522 1198 1586 hac
1220 1500 1276 1608 spe
1300 1521 1457 1588 consolari
1478 1522 1594 1619 solent,
1618 1545 1727 1609 perpe-

537 1635 632 1695 tuum
660 1629 801 1694 iore‘sui
825 1627 1018 1694 desiderium
1041 1627 1126 1714 apud
1151 1629 1324 1713 posteros.”
1349 1627 1442 1696 Gerbo
1464 1627 1535 1695 loco
1557 1632 1604 1695 sic
1627 1629 1727 1716 expli-

535 1738 598 1801 cito
622 1735 705 1801 nihil
728 1756 903 1821 superesse,
927 1738 962 1799 in
985 1757 1047 1820 quo
1070 1735 1219 1820 equidem
1236 1734 1391 1813 offendar,
1415 1739 1535 1801 sincere
1557 1737 1671 1802 fateor.

580 1841 632 1909 Ad
667 1840 784 1907 ultima
818 1840 882 1911 loci
913 1841 1011 1907 verba
1040 1840 1153 1906 Nauck
1186 1842 1262 1906 haec
1293 1842 1440 1908 adnotat:
1473 1843 1592 1920 ,verba
1622 1845 1657 1907 τί
1679 1838 1726 1908 οὖν

536 1948 656 2026 ὕστερον
680 1948 810 2025 ἔμελλον
835 1949 939 2013 ἐκεῖνοι
961 1957 1065 2025 ποιεῖν,
1087 1950 1201 2014 τούτων
1220 1948 1447 2028 &robustiorem
1469 1955 1636 2035 tamquam
1655 1951 1725 2015 sub-

535 2055 644 2122 diticio
674 2057 800 2133 notavi,
832 2076 933 2140 neque
968 2076 1047 2140 opus
1071 2075 1139 2120 esse
1161 2055 1298 2120 arbitror
1320 2056 1492 2121 verborum
1515 2057 1724 2143 ambagibus,

535 2163 651 2247 quibus
670 2161 925 2226 demonstremus
944 2162 983 2226 ab
1001 2163 1156 2226 Antonini
1175 2165 1453 2247 argumentatione
1464 2161 1553 2226 istud
1565 2162 1725 2228 emblema

534 2289 603 2335 esse
625 2267 801 2334 alienum.”
830 2267 892 2333 Sed
915 2269 1012 2332 verba
1033 2267 1148 2345 allata,
1174 2288 1255 2353 quae
1279 2267 1480 2334 emblematis
1504 2272 1644 2354 speciem
1669 2272 1725 2334 mi·

536 2378 640 2454 nime,
671 2374 782 2452 credo,
812 2395 887 2461 praa
918 2395 951 2439 se
983 2374 1107 2452 ferunt,
1141 2395 1197 2439 cur
1220 2376 1260 2439 ab
1283 2377 1422 2440 auctoris
1445 2378 1724 2461 argumentatione

534 2481 638 2548 aliena
661 2483 823 2547 vocaverit
846 2482 897 2545 vir
921 2483 1157 2567 sagacissimus,
1182 2503 1246 2546 non
1268 2502 1435 2567 assequor3
1455 2484 1557 2547 immo
1577 2485 1611 2546 in
1632 2503 1726 2569 argu·

536 2593 720 2655 mentorum
744 2590 841 2665 serie,
865 2589 899 2651 in
923 2608 985 2671 qua
1008 2609 1058 2652 res
1080 2587 1120 2652 ad
1144 2587 1335 2667 absurdum,
1360 2594 1398 2653 ut
1420 2589 1529 2665 aiunt,
1553 2589 1724 2675 redigitur,

534 2695 642 2761 locum
677 2715 773 2760 suum
808 2695 885 2758 satis
920 2701 1004 2758 recte
1039 2694 1181 2759 obtinere
1215 2701 1248 2759 et
1277 2714 1346 2759 rem
1383 2688 1533 2760 c'onficere
1562 2695 1724 2760 videntur.

534 2801 635 2867 Unica
666 2821 733 2877 res,
758 2820 838 2885 quae
861 2798 1000 2864 iudicem
1024 2802 1215 2865 severiorem
1238 2802 1271 2864 in
1295 2799 1445 2866 hocloco
1470 2799 1625 2878 offendat,
1650 2803 1725 2867 haec

532 2913 598 2986 est,
629 2906 714 2993 quod
736 2908 834 2971 nimis
857 2904 980 2992 prolixe
1004 2911 1036 2971 et
1057 2908 1144 2971 iusto
1167 2905 1382 2972 abundantius
1407 2928 1554 2994 expressa
1578 2906 1658 2974 haec
1682 2910 1725 2972 vi·

532 3014 665 3092 dentur;
698 3035 760 3099 quo
791 3020 898 3078 tamen
928 3015 1010 3078 vitio
1032 3034 1107 3077 cum
1130 3019 1163 3078 et
1187 3020 1310 3091 totum,
1335 3015 1459 3100 dequo
1484 3017 1604 3102 agitur,
1628 3023 1726 3101 caput

532 3120 703 3186 manifesto
736 3119 874 3196 laboret,
910 3124 942 3183 et
976 3121 1111 3204 scriptor
1146 3123 1244 3185 etiam
1279 3120 1357 3185 alias
1393 3121 1479 3185 haud
1514 3142 1583 3187 raro
1618 3143 1726 3209 pecca·

531 3230 633 3304 verit,
658 3248 721 3292 non
746 3232 811 3303 est,
844 3224 952 3302 credo,
984 3246 1040 3289 cur
1072 3227 1170 3292 verba
1201 3225 1297 3292 allata
1326 3249 1345 3292 a
1374 3230 1490 3293 ricinis
1521 3226 1626 3293 aliena
1659 3250 1725 3295 esse

531 3324 723 3399 statuamus.

578 3440 714 3506 Transeo
744 3438 784 3503 ad
815 3437 836 3503 l.
868 3437 921 3503 IV.
946 3437 1000 3516 21,
1032 3441 1088 3524 qui
1118 3437 1207 3504 locus
1238 3441 1282 3504 sio
1305 3441 1436 3526 incipit:
1461 3442 1508 3517 „ei
1533 3439 1724 3517 διαμένουσιν

532 3548 565 3611 οἱ
589 3547 698 3626 ψυχαί
707 3593 715 3623 ,
740 3547 803 3613 πῶς
824 3545 924 3616 αὐτὰς
945 3542 979 3618 ἐξ
999 3546 1097 3608 atilios
1117 3546 1242 3624 χορεῒῦ
1262 3546 1358 3624 οὶοὶρ;”
1379 3546 1546 3632 adquam
1566 3552 1724 3633 quaestio

532 3675 604 3719 nem
629 3654 813 3737 quaestione
837 3649 1007 3735 respondet
1030 3651 1176 3716 Marcus:
1210 3659 1293 3729 „reia
1318 3654 1348 3718 a
1374 3653 1391 3725 i
1415 3661 1457 3731 ai
1480 3660 1576 3731 χωρεῖ
1598 3655 1640 3719 τὰ
1666 3661 1723 3719 τῶν

533 3762 566 3825 ἐκ
587 3761 731 3824 τοσούτου
752 3759 855 3828 αἰῶνος
877 3757 1071 3833 θαπτομένων
1092 3758 1268 3838 ούμοιτοο;”
1289 3764 1322 3823 et
1341 3762 1448 3845 pergit
1467 3758 1722 3838 demonstranda

531 3870 614 3932 sicut
637 3872 721 3930 terra
741 3864 948 3929 cadaveribus
969 3863 1133 3930 dissolutis
1153 3863 1226 3930 aliis
1245 3864 1351 3930 locum
1371 3866 1536 3951 praebeat,
1556 3868 1604 3931 ita
1623 3869 1722 3931 etiam

532 3994 604 4038 aera
635 3974 751 4037 animis
781 3972 823 4041 εἷς
857 3970 908 4034 τὸν
943 3972 1152 4051 σπερματικὸν
1187 3970 1279 4049 λόγον
1310 3974 1444 4057 receptis
1474 3992 1573 4037 novas
1597 3994 1724 4059 semper

531 4083 653 4146 animae
673 4099 783 4163 capere
804 4098 909 4163 posss;
932 4077 1066 4163 denique
1086 4079 1272 4165 subiungit:
1299 4082 1408 4156 „reiro
1427 4078 1454 4141 b·
1473 4076 1511 4141 ἄν
1532 4102 1577 4151 τις
1599 4081 1722 4161 &respl-

532 4210 615 4250 νοοοτο
640 4187 692 4262 ἐφ’
718 4185 853 4249 ὑποθέσει
878 4188 932 4248 τοῦ
956 4184 1016 4254 τὰς
1039 4187 1150 4264 ψυχὰς
1176 4184 1360 4261 trassero?
1384 4183 1510 4251 Ultima
1532 4186 1723 4273 scrupulum

530 4296 709 4359 iniecerunt
741 4290 902 4368 Nauokio,
939 4293 994 4376 qui
1026 4291 1172 4357 adnotat:
1216 4312 1318 4377 „quae
1351 4292 1448 4356 verba
1478 4298 1515 4356 ut
1546 4290 1652 4357 aliena
1684 4294 1723 4359 ab

532 4403 690 4466 Antonino
713 4400 894 4463 existimem
917 4397 1040 4462 duabus
1059 4399 1236 4463 rationibus
1257 4398 1412 4463 adducor:
1433 4400 1575 4484 primum
1596 4398 1723 4465 dicendi

531 4531 634 4596 genus
655 4511 718 4572 isto
741 4509 774 4570 in
799 4507 964 4570 enuntiato
988 4525 1101 4591 parum
1126 4511 1174 4570 est
1197 4512 1309 4590 aptum
1333 4505 1486 4600 (voluisse
1505 4505 1645 4583 videtur,
1666 4509 1723 4593 qui

531 4620 578 4682 ita
608 4615 749 4698 scripsit,
784 4615 872 4675 τοῦτο
904 4609 930 4674 δ’
953 4607 991 4673 ἄν
1021 4634 1069 4682 τις
1100 4612 1297 4689 ἀποκρίνοιτο
1329 4612 1371 4689 τῷ
1404 4612 1448 4686 μὴ
1479 4610 1633 4695 διαμένειν
1662 4613 1721 4684 τὰς

532 4719 824 4802 doxae-styma),
855 4715 967 4781 deinde
997 4737 1089 4794 vero,
1120 4717 1155 4781 id
1185 4717 1270 4802 quod
1299 4715 1405 4783 multo
1427 4720 1560 4803 gravius
1584 4726 1651 4795 est,
1677 4722 1723 4784 in·

532 4828 663 4894 culcatis
692 4827 763 4891 istis
793 4824 900 4890 verbis
930 4825 1168 4909 argumentatio
1199 4826 1361 4910 scriptoris
1390 4822 1576 4890 obscuratur
1606 4830 1640 4889 et
1663 4844 1721 4904 ea,
