4525 5950
644 709 712 774 202
1160 729 1304 776 merrus.

645 894 819 956 interiectis
838 891 949 968 lineis,
970 892 1155 955 Arminium
1176 893 1244 954 dolo
1259 893 1494 977 propinquorum
1515 891 1665 957 cecidisse
1684 890 1838 976 legimus.

645 998 733 1083 Ergo
757 1005 814 1062 aut
836 997 900 1062 alia
923 1000 1046 1061 ratione
1070 995 1222 1062 Germani
1242 1000 1361 1062 invisos
1382 999 1442 1062 sibi
1460 997 1607 1062 homines
1624 996 1707 1061 clam
1728 1016 1840 1061 necare

646 1102 819 1178 callebant,
852 1109 925 1179 aut,
958 1104 985 1166 si
1017 1123 1137 1167 veneno
1169 1103 1203 1167 hi
1235 1124 1359 1188 quoque
1383 1107 1434 1168 usi
1457 1110 1531 1167 sunt
1555 1105 1743 1189 propinqui,
1771 1105 1839 1166 eius

645 1212 679 1272 in
702 1211 772 1292 ipsa
795 1204 967 1273 Germania
991 1211 1081 1292 copia
1105 1215 1175 1272 tum
1196 1208 1269 1271 fuit.
1294 1208 1414 1288 Quodsi
1434 1216 1541 1273 tamen
1560 1209 1716 1294 fingimus
1736 1207 1839 1272 Roma

645 1314 727 1378 illud
750 1311 935 1390 Germanis,
961 1317 1017 1399 qui
1040 1316 1089 1378 uti
1109 1313 1244 1391 vellent,
1265 1315 1362 1380 fuisse
1383 1315 1571 1400 petendum,
1593 1335 1691 1399 quam
1709 1316 1840 1398 ineptus

646 1421 899 1506 Adgandestrius
933 1427 1049 1498 noster,
1086 1424 1141 1505 qui
1176 1423 1215 1485 ab
1247 1424 1325 1507 ipsis
1358 1423 1504 1506 patribus
1539 1423 1725 1505 conscriptis
1756 1417 1838 1483 illud

645 1534 798 1591 arcessat:
832 1529 923 1610 quasi
953 1548 1027 1590 vero
1051 1525 1171 1591 Romae
1193 1526 1319 1612 publica
1342 1528 1497 1612 quaedam
1521 1528 1618 1591 fuerit
1640 1545 1838 1590 venenorum

644 1632 805 1716 apotheca.
838 1631 1131 1695 Prudentissimum
1161 1635 1266 1718 igitur
1295 1633 1400 1697 fuerat
1431 1632 1590 1697 eiusmodi
1611 1652 1716 1716 nugas
1743 1636 1838 1713 atque

646 1736 834 1823 quisquilias
865 1758 918 1812 eo,
951 1738 1007 1800 ubi
1038 1740 1187 1802 inventae
1219 1743 1339 1816 essent,
1365 1737 1541 1824 relinquere
1564 1736 1651 1811 loco;
1677 1739 1705 1799 si
1730 1741 1838 1799 tamen

645 1843 718 1907 inde
742 1844 1011 1928 protraherentur,
1035 1847 1145 1928 paucis
1168 1845 1274 1908 verbis
1298 1849 1387 1909 erant
1409 1843 1603 1909 refutandae.
1628 1841 1743 1905 Fidem
1764 1861 1838 1904 vero

644 1951 686 2012 iis
708 1949 823 2012 habere
847 1951 993 2011 omnium
1017 1951 1296 2033 perversissimum
1316 1950 1413 2025 foret,
1436 1951 1497 2013 nisi
1515 1947 1635 2033 aliquid
1654 1948 1838 2031 perversius

645 2057 856 2139 excogitasset
879 2052 1025 2117 Tacitus:
1050 2054 1116 2118 ideo
1141 2054 1236 2119 fidem
1259 2058 1300 2119 iis
1323 2056 1437 2119 habere
1461 2062 1498 2119 ut
1517 2061 1623 2139 posset
1643 2072 1727 2116 novo
1749 2049 1839 2114 Tibe

644 2163 731 2224 rium
759 2159 926 2224 vulnerare
950 2161 1099 2238 crimine,
1124 2181 1224 2246 eoque
1247 2161 1435 2225 falsissimo:
1460 2180 1533 2225 nam
1559 2162 1586 2223 si
1609 2163 1717 2223 tamen
1741 2157 1839 2220 sumi·

645 2286 735 2342 mus,
767 2264 800 2328 id
831 2264 914 2350 quod
945 2268 999 2329 vix
1030 2269 1200 2350 quisquam
1231 2269 1264 2330 in
1296 2270 1441 2331 animum
1464 2266 1609 2341 inducet,
1634 2286 1732 2326 rernm
1757 2262 1837 2326 hanc

644 2391 712 2435 esse
736 2371 773 2435 de
794 2368 984 2435 Chattorum
1004 2374 1157 2457 principis
1177 2375 1333 2457 promisso
1352 2374 1585 2451 narrationem,
1606 2390 1717 2443 nemo,
1740 2387 1836 2452 quem

644 2475 774 2560 quidam
805 2498 867 2540 non
899 2476 1058 2561 cupiditas
1086 2498 1216 2542 caecum
1239 2479 1428 2554 reddiderit,
1453 2478 1627 2562 quidquam
1650 2473 1740 2538 aliud
1764 2471 1837 2536 inde

645 2581 765 2647 efficere
795 2588 901 2667 potcst
932 2603 1029 2666 quam
1060 2582 1137 2647 hoc:
1170 2606 1209 2648 ne
1239 2584 1297 2649 illo
1324 2584 1453 2669 quidem
1478 2591 1621 2667 tempore
1645 2586 1837 2645 senatuma

644 2690 746 2772 prisca
770 2686 1011 2772 degeneravisse
1034 2691 1174 2767 virtute,
1197 2692 1231 2753 in
1254 2691 1312 2754 hac
1337 2711 1412 2756 vero
1433 2711 1466 2755 re
1485 2710 1595 2775 parem
1616 2708 1649 2752 se
1668 2685 1836 2750 Tiberium

644 2792 787 2857 Fabricio
817 2795 1024 2878 praestitisse.
1056 2793 1103 2859 De
1134 2798 1221 2859 inani
1253 2799 1421 2860 iactatione
1453 2802 1485 2859 et
1515 2795 1697 2858 imitatione
1729 2793 1838 2874 inepta

643 2920 748 2963 sermo
778 2898 831 2962 hic
862 2920 929 2963 esse
962 2906 1066 2984 potest
1089 2900 1209 2965 nullus.
1240 2902 1307 2966 Aut
1331 2905 1358 2965 si
1382 2901 1540 2965 eiusmodi
1563 2900 1761 2984 suspiciones
1785 2895 1836 2958 hic

643 3008 711 3070 sine
734 3026 862 3069 summa
885 3008 1003 3069 iniuria
1023 3006 1156 3090 proferri
1175 3015 1324 3091 possunt,
1345 3008 1456 3093 quidni
1476 3007 1607 3093 posthac
1627 3004 1836 3068 historiarum

643 3112 812 3194 scriptores
831 3097 957 3194 semper
976 3116 1009 3174 et
1029 3112 1147 3195 ubique
1165 3111 1238 3176 illas
1259 3113 1375 3177 addant
1394 3116 1492 3177 etiam
1513 3133 1587 3177 cum
1608 3109 1646 3174 de
1666 3106 1835 3193 praeclaris

643 3215 812 3279 hominum
837 3216 1013 3280 virtutibus
1037 3214 1187 3281 narrant?
1211 3218 1302 3281 Nihil
1325 3221 1411 3283 enim
1432 3223 1498 3282 tam
1519 3224 1640 3281 rectum
1662 3217 1837 3279 sincerum·

643 3341 704 3405 que
727 3327 775 3385 est
798 3320 882 3405 quod
905 3342 966 3385 non
989 3322 1048 3385 hac
1071 3325 1194 3387 ratione
1218 3323 1397 3408 detorqueri
1422 3324 1650 3409 depravarique
1675 3321 1786 3404 possit.

688 3427 726 3489 h.
751 3425 807 3501 III,
833 3426 886 3490 44.
911 3426 1046 3492 Romam
1071 3448 1144 3492 cum
1165 3431 1299 3492 nuntius
1319 3429 1356 3493 de
1377 3429 1584 3494 Trevirorum
1604 3433 1636 3491 et
1647 3424 1834 3489 Aeduorum

642 3532 817 3597 deiectione
840 3539 922 3597 esset
946 3532 1080 3611 allatus,
1104 3536 1275 3600 vehemens
1299 3535 1481 3600 sollicitudo
1505 3537 1628 3600 animos
1648 3532 1833 3616 occupavit,

642 3657 734 3714 nam,
767 3643 804 3702 ut
832 3641 899 3723 ipse
931 3637 1060 3703 Tacitus
1092 3643 1155 3705 ait:
1189 3648 1339 3718 „cuncta,
1372 3648 1410 3706 ut
1433 3661 1503 3706 mos
1526 3641 1646 3715 famae,
1671 3641 1704 3701 in
1728 3637 1833 3699 mains

642 3741 794 3808 credita.”
820 3743 972 3828 Sequitur
995 3745 1073 3809 hoo:

689 3846 860 3932 „Optimus
895 3853 1029 3934 quisque
1061 3852 1107 3915 rei
1139 3851 1284 3936 publicae
1314 3874 1390 3917 cura
1420 3853 1598 3927 maerebat3
1632 3846 1729 3913 multi
1761 3845 1833 3911 odio

642 3956 856 4037 praesentium
889 3963 921 4019 et
944 3956 1091 4040 cupidine
1115 3961 1303 4023 mutationis
1326 3962 1393 4023 suis
1415 3980 1541 4044 quoque
1564 3954 1714 4042 periculis
1736 3952 1834 4016 laeta·

642 4058 758 4122 bantur
788 4061 1056 4145 increpabantque
1088 4061 1272 4140 Tiberium,
1306 4066 1388 4148 quod
1419 4068 1453 4129 in
1485 4069 1574 4129 tanto
1608 4081 1715 4126 rerum
1740 4066 1833 4122 motu

641 4161 760 4228 libellis
779 4172 999 4230 accusatorum
1019 4169 1196 4233 insumeret
1215 4191 1353 4254 operam.
1374 4173 1424 4234 An
1436 4170 1641 4235 Sacrovirum
1655 4164 1834 4229 maiestatis

642 4269 775 4334 crimine
811 4291 902 4334 reum
937 4274 971 4335 in
1008 4284 1120 4336 senatu
1157 4272 1243 4338 fore?
1283 4275 1437 4341 Extitisse
1472 4275 1600 4340 tandem
1637 4274 1740 4346 viros,
1776 4270 1833 4352 qui

643 4380 790 4439 cruentas
821 4376 971 4461 epistolas
1002 4379 1100 4441 armis
1131 4380 1323 4445 cohiberent.
1354 4381 1508 4447 Miseram
1539 4399 1649 4466 pacem
1674 4374 1727 4440 vel
1747 4370 1833 4437 bello

641 4478 721 4544 bene
744 4481 896 4545 mutari.'’

687 4584 735 4650 De
765 4586 901 4668 epietolia
931 4587 984 4651 hic
1014 4586 1173 4673 legimus,
1203 4593 1237 4655 in
1268 4594 1526 4678 praecedentibus
1557 4599 1596 4671 (c.
1621 4591 1678 4673 38)
1709 4590 1748 4655 de
1771 4612 1833 4652 aaa

641 4691 865 4755 tantummodo
895 4692 1031 4776 epistola
1061 4700 1226 4760 narratum
1258 4706 1324 4774 est,
1356 4703 1387 4762 in
1411 4721 1508 4784 quam
1531 4701 1726 4766 adiectivum
1749 4701 1833 4768 illud

641 4803 780 4859 macarius
811 4803 973 4881 utcunque
1007 4804 1185 4866 conveniat.
1218 4803 1253 4867 Si
1285 4803 1394 4888 plures
1426 4806 1584 4871 eiusmodi
1611 4810 1678 4872 iam
1700 4809 1834 4874 fuerunt
