4525 5950
520 670 586 739 320
1039 688 1195 737 consuas.

563 855 653 938 Mag.
685 853 751 933 (2);
783 861 839 917 aut
871 853 954 938 quod
987 853 1128 938 Apollini
1159 855 1323 920 comoedia
1346 864 1394 921 ost
1417 856 1543 935 dicata,
1567 861 1604 922 in
1629 861 1720 924 cuins

517 962 669 1027 honorem
693 979 780 1023 aram
804 959 988 1023 statuebant
1010 959 1210 1025 comoediam
1234 961 1440 1028 celebrantes.
1472 960 1528 1043 (G)

562 1066 666 1151 Supra
683 1064 908 1150 (1129161111.)
928 1069 1085 1151 magistro
1104 1069 1132 1131 A
1154 1069 1253 1132 tribui
1274 1067 1512 1133 conclusionem
1533 1091 1573 1134 ex
1595 1070 1721 1136 Donato

518 1171 567 1251 (1)
591 1191 671 1257 quae
695 1171 818 1257 legitur
839 1173 873 1234 in
897 1169 961 1250 (3):
986 1171 1128 1257 Apollini
1159 1194 1237 1260 ergo
1269 1174 1449 1250 comoedia,
1482 1174 1603 1240 Libero
1638 1180 1720 1261 patri

518 1277 695 1363 tragoedis.

563 1383 732 1448 Praeterea
755 1390 902 1468 apertum
927 1385 1120 1467 excerptoris
1143 1383 1260 1450 Donati
1282 1384 1438 1450 indicium
1461 1385 1627 1452 babemus
1651 1391 1684 1452 in

563 1490 629 1571 (4):
656 1489 870 1568 „Verbenae'’,
895 1493 986 1574 quasi
1009 1490 1234 1568 herbenae,
1256 1490 1444 1557 redimicula
1462 1499 1544 1556 sunt
1562 1493 1718 1558 ararnm”

517 1617 556 1661 ex
580 1593 628 1676 (7)
653 1595 856 1673 „verbenae”
881 1604 956 1661 sunt
980 1617 1091 1661 omnes
1115 1597 1229 1663 herbae
1252 1597 1441 1682 frondesque
1464 1598 1567 1664 festae
1590 1599 1719 1665 adoras

516 1701 709 1767 coronandae
732 1702 785 1767 vel
807 1724 916 1767 omnes
936 1703 1050 1767 herbae
1070 1702 1260 1788 frondesque
1280 1724 1318 1767 ex
1339 1703 1408 1769 loco
1429 1723 1511 1788 puro
1530 1704 1718 1791 decerptam

516 1807 722 1872 verbenae
745 1815 853 1872 autem
878 1807 980 1873 dictae
1007 1807 1107 1872 veluti
1129 1808 1335 1873 berbenae
1352 1807 1385 1888 ¹).

524 1944 527 1949 ¹
560 1913 620 1979 1116
650 1919 823 1999 excerptor,
857 1934 953 1998 quem
981 1916 1015 1977 in
1039 1913 1168 1978 scholiis
1191 1913 1431 1999 multiplicibus
1454 1919 1588 2000 saepius
1613 1917 1720 2002 depre

517 2019 709 2097 handemns,
734 2019 880 2084 diversus
904 2020 1001 2084 fuisse
1026 2018 1155 2084 videtur
1177 2040 1196 2083 a
1218 2022 1385 2106 magistris
1407 2020 1513 2085 adhuc
1538 2025 1689 2106 repertis.

565 2184 606 2250 18
649 2183 729 2250 Don.
761 2185 827 2263 (l):
870 2185 955 2250 Bene
992 2185 1245 2264 „intenderam”,
1281 2186 1416 2252 verbnm
1451 2208 1470 2253 a
1506 2192 1718 2256 venatoribus

518 2290 726 2369 translatum,
751 2293 805 2376 qui
831 2293 911 2355 retia
933 2291 1104 2356 intendunt
1127 2291 1167 2356 ad
1191 2292 1273 2357 seras
1297 2292 1478 2378 captandas.

564 2396 654 2483 Mag.
678 2396 743 2475 (2);
767 2396 827 2462 161
850 2417 869 2461 a
891 2399 1069 2483 sagittariis
1093 2404 1190 2482 atque
1213 2419 1300 2464 arcu.
1331 2395 1384 2478 (O)

563 2545 604 2610 IV
629 2545 718 2610 419
743 2547 851 2612 Adeon
876 2548 1024 2612 videmur
1048 2548 1138 2612 vobis
1157 2548 1263 2613 idonei
1282 2552 1316 2613 in
1336 2551 1452 2635 quibus
1472 2553 1520 2615 sic
1540 2552 1718 2618 inludatisl

563 2651 644 2717 Don.
678 2652 744 2733 (l):
776 2662 809 2718 et
841 2651 1011 2730 „inludo
1042 2656 1084 2717 in
1118 2661 1155 2718 16
1186 2657 1323 2739 septimo
1346 2676 1421 2720 casu
1445 2662 1477 2719 61
1501 2656 1658 2724 inludo
1683 2670 1718 2723 ts

517 2760 700 2823 accusativo
724 2757 871 2823 dicimus.

562 2865 652 2950 Mag.
684 2864 748 2944 (2):
783 2864 837 2928 sed
869 2863 945 2940 „in”
969 2867 1334 2950 primosupervacuum
1358 2872 1421 2942 est,
1446 2873 1484 2931 ut
1508 2869 1572 2932 sit:
1601 2871 1717 2955 qnibns

519 3008 560 3019 -
594 2971 664 3047 „Ab
695 2969 815 3035 Andria
845 2980 893 3036 est
923 2968 1038 3036 ancilla
1070 2970 1170 3035 haec''
1201 2981 1263 3051 (vs.
1291 2969 1346 3052 17)
1368 2971 1471 3037 effecit
1496 2974 1587 3058 quod
1613 2976 1715 3041 voluit

517 3074 644 3153 Davus,
680 3096 754 3139 nam
789 3075 950 3141 intellexit
981 3076 1152 3156 Chremes,
1185 3099 1222 3142 ex
1255 3098 1317 3162 qua
1349 3080 1391 3142 sit
1423 3078 1600 3163 Pamphilo
1625 3089 1717 3147 natus

518 3202 606 3266 puer.
634 3219 672 3229 —
698 3185 743 3247 sic
766 3181 929 3247 inludatis.

561 3286 646 3351 Miro
667 3286 870 3352 librariorum
891 3309 994 3353 errore
1006 3291 1156 3375 magistri
1168 3289 1326 3354 scholium
1339 3289 1717 3358 dividituradnotatione

516 3395 656 3479 genuina
687 3394 804 3458 Donati
836 3394 875 3459 ad
907 3416 952 3458 vs.
980 3392 1021 3459 17
1053 3396 1105 3474 (cf.
1130 3395 1170 3459 ad
1194 3417 1241 3460 vs.
1268 3393 1334 3475 27),
1360 3396 1444 3481 quod
1471 3396 1522 3462 W.
1546 3400 1715 3465 immerito

561 3650 603 3713 44
629 3649 690 3715 Ρ61
713 3656 842 3735 tempus
867 3652 997 3717 advenis

560 3753 640 3820 Dan.
665 3756 731 3835 (l):
757 3756 846 3821 Idem
871 3763 919 3822 est
945 3779 1021 3843 „per
1046 3758 1197 3843 tempus''
1223 3758 1307 3843 quod
1332 3762 1372 3822 in
1397 3765 1598 3843 tempore.

559 3861 650 3947 Mag.
674 3860 740 3941 (2);
766 3853 833 3927 Aut
857 3870 941 3928 certe
966 3885 1043 3948 „per
1068 3866 1217 3948 tempus”
1243 3866 1441 3949 tempestive.
1475 3863 1531 3945 (Ο)

558 4012 602 4078 11
627 4013 657 4077 5.
671 4013 715 4077 22
741 4012 817 4090 Pol,
842 4011 949 4089 (lrito,
974 4016 1143 4099 antiquum
1169 4015 1292 4078 obtines

559 4118 638 4183 Don.
672 4118 738 4197 (l):
765 4119 988 4205 „Antiquum”
1015 4118 1160 4184 absolute
1184 4119 1283 4196 dixit,
1307 4125 1346 4183 nt
1369 4140 1545 4204 aequum
1571 4129 1632 4188 aut
1656 4126 1713 4190 bo

514 4245 627 4300 num,
652 4223 735 4309 quod
760 4227 884 4309 antiqui
909 4224 1060 4289 solebant.

558 4328 649 4414 Mag.
669 4329 735 4408 (2);
757 4332 824 4394 Aut
843 4337 928 4395 certo
949 4352 1004 4415 per
1024 4329 1175 4408 ἔλλειψιν,
1195 4331 1290 4396 idest
1304 4352 1447 4408 „morem
1460 4336 1709 4418 elingenium'’.

559 4434 713 4499 Meminit
737 4437 892 4522 magister
916 4458 978 4500 non
1002 4435 1150 4501 indoctus
1173 4435 1234 4501 loci
1259 4440 1292 4500 in
1315 4436 1442 4523 Hecyra
1462 4435 1489 4498 V
1510 4437 1541 4502 4.
1556 4439 1622 4505 20:
1649 4444 1711 4517 „At

515 4546 552 4606 tu
575 4546 698 4606 ecastor
723 4562 844 4606 morem
868 4544 1038 4627 antiquum
1063 4547 1158 4628 atque
1181 4545 1351 4628 ingenium
1375 4543 1533 4607 obtines''.
1571 4543 1627 4624 (Ο)

550 4718 575 4780 1)
602 4717 639 4769 Cl.
663 4720 729 4766 Serv.
753 4716 781 4763 ad
807 4720 865 4764 Aen.
889 4715 937 4764 XII
961 4716 1017 4773 120,
1041 4715 1079 4765 ubi
1103 4718 1148 4767 boc
1172 4723 1268 4780 etymon
1293 4716 1392 4781 legitur:
1421 4716 1534 4778 ‚qnidam
1551 4733 1641 4766 saner
1668 4736 1679 4768 r
1699 4736 1709 4766 s

515 4799 619 4864 proximi
638 4798 750 4848 barbas
767 4798 879 4847 verbenas
895 4798 1001 4847 dicunt¹’.
