4525 5950
638 666 705 731 152
1157 681 1307 731 rnsnrns.

636 850 720 934 qnod
749 870 950 934 quocumque
984 851 1113 913 nomine
1145 847 1288 911 inditum
1320 868 1370 912 res
1400 848 1558 913 humanas
1587 851 1686 913 tacite
1715 859 1833 911 versat·

679 955 881 1040 Quamquam
905 955 943 1019 de
967 975 1081 1039 graeco
1108 953 1259 1018 Pseudoli
1282 961 1411 1018 auctore
1432 954 1515 1019 nihil
1537 960 1682 1030 constat,
1704 959 1832 1029 tamen,

631 1064 658 1124 si
690 1082 913 1145 comparamus
937 1082 1012 1124 cum
1035 1061 1095 1124 hoc
1119 1062 1243 1124 cantico
1267 1059 1447 1144 fragmenta
1469 1063 1669 1125 comicorum
1693 1058 1832 1143 philoso

631 1168 693 1252 pha
710 1165 742 1245 ¹),
756 1167 975 1232 concludimus
988 1166 1142 1230 Plautum
1158 1178 1297 1229 metrum
1313 1175 1345 1230 et
1357 1170 1673 1250 argumentationem
1687 1163 1831 1249 exempli

631 1295 693 1336 non
725 1275 832 1337 minna
855 1276 1045 1337 immutasse
1070 1292 1167 1356 qnam
1192 1270 1351 1336 Caecilius
1373 1274 1407 1335 in
1430 1270 1539 1336 Plocio
1562 1271 1655 1348 feeit,
1681 1270 1738 1334 sed
1763 1269 1829 1335 feli-

632 1381 714 1442 ciore
745 1385 812 1443 arte
844 1385 877 1442 et
905 1386 1040 1452 eventu,
1065 1380 1158 1441 utin
1184 1394 1259 1442 eum
1283 1398 1345 1441 non
1369 1376 1459 1442 cadat
1484 1374 1582 1442 Gellii
1604 1377 1768 1441 iudicium
1791 1375 1828 1439 de

631 1482 769 1548 Caecilio
793 1483 835 1562 (ll
860 1483 933 1563 23):
968 1504 1063 1558 „cum
1095 1483 1172 1546 haec
1196 1480 1327 1548 Caecilii
1350 1504 1495 1547 seorsum
1517 1481 1609 1567 lego,
1633 1484 1851 1564 nentiquam.

633 1589 804 1665 ‚addentur
834 1592 960 1675 ingrata
991 1592 1189 1675 ignavaque,
1222 1610 1296 1652 cum
1327 1594 1437 1653 antem
1466 1608 1581 1672 graeca
1611 1607 1765 1671 comparo
1796 1594 1828 1651 et

630 1695 824 1772 „eontendo,
859 1717 921 1758 non
951 1702 1030 1780 puto
1062 1693 1238 1761 Caecilium
1272 1697 1363 1778 sequi
1387 1694 1550 1770 debuisse,
1582 1692 1666 1778 qnod
1699 1694 1827 1777 assequi

633 1800 822 1884 „nequiret”
837 1801 872 1879 ²).

676 2012 797 2076 Exacta
821 2012 1040 2095 disquisitione
1063 2010 1101 2074 de
1123 2013 1362 2096 repugnantiis,
1387 2010 1503 2095 quibus
1526 2012 1677 2074 universa
1699 2009 1826 2075 fabulae

631 2120 813 2183 oeconomia
831 2116 969 2192 laborat,
991 2116 1152 2202 agendum
1173 2122 1222 2180 est
1241 2116 1279 2180 de
1299 2119 1358 2192 iis,
1379 2137 1460 2201 quas
1481 2137 1656 2201 paucorum
1670 2136 1825 2181 versuum

631 2226 733 2308 spatio
757 2225 969 2286 continentur.
1830 2282 1838 2302 ,

675 2329 852 2413 Postquam
885 2327 1062 2392 Pseudolus
1094 2349 1133 2392 ex
1162 2326 1289 2392 indiciis
1313 2326 1465 2395 Ballionis
1487 2330 1521 2391 in
1544 2326 1606 2391 fine
1630 2347 1743 2391 scenae
1767 2325 1824 2390 13

632 2436 724 2518 qnasi
741 2473 743 2477 ν
759 2454 814 2517 per
850 2440 1052 2497 transennam
1085 2433 1242 2517 dispexit,
1275 2433 1351 2517 quid
1383 2434 1444 2497 sibi
1475 2432 1656 2497 faciendum
1682 2439 1766 2497 assat
1789 2439 1824 2496 nt

632 2544 706 2603 ante
737 2537 910 2602 adventum
943 2537 1043 2624 legati
1075 2538 1226 2603 militaris
1257 2539 1427 2604 mulierem
1456 2538 1562 2603 lenoni
1593 2541 1750 2623 eriperet,
1781 2541 1825 2603 sic

633 2647 759 2730 pergit:

633 2748 698 2814 385
824 2749 873 2812 Ad
897 2771 969 2813 eam
993 2771 1061 2814 rem
1089 2756 1180 2815 usust
1203 2752 1367 2816 hominem
1390 2757 1553 2827 astutum,
1577 2750 1727 2829 doctum,
1757 2771 1825 2816 cau-

1478 2864 1549 2921 tum
1573 2863 1605 2922 et
1628 2856 1802 2933 callidum,

825 2959 886 3039 Qui
906 2964 1063 3046 imperata
1083 2962 1201 3027 ecfecta
1222 2962 1347 3040 reddat,
1369 2986 1430 3027 uon
1451 2965 1506 3048 qui
1518 2961 1658 3050 vigilans
1677 2963 1822 3029 dormiat.

723 3066 800 3132 Can.
823 3065 908 3132 Cedo
921 3069 1017 3144 mihi,
1031 3068 1107 3152 quid
1120 3089 1153 3133 es
1167 3067 1330 3132 facturus?
1350 3070 1404 3133 Ps.
1419 3068 1566 3153 Temperi
1580 3090 1640 3155 ego
1651 3069 1724 3134 faxo
1738 3072 1823 3134 scies.

825 3172 905 3237 Nolo
929 3174 977 3237 bis
1000 3176 1127 3239 iterari:
1154 3180 1202 3237 sat
1226 3177 1270 3237 sic
1293 3174 1407 3260 longae
1431 3174 1513 3238 fiunt
1536 3173 1672 3240 fabulae.

722 3275 800 3344 Cea.
828 3278 1007 3364 Optumum
1030 3286 1125 3363 atque
1150 3282 1392 3363 aequissumum
1415 3302 1495 3345 oras.
1525 3280 1579 3345 Pa.
1601 3279 1751 3365 Propera,
1776 3280 1824 3345 ad·

1476 3386 1537 3451 duc
1562 3386 1727 3451 hominem
1752 3389 1823 3452 cito.

633 3488 698 3552 390
721 3486 798 3554 Gan.
825 3488 924 3553 Pauci
948 3510 986 3553 ex
1010 3488 1123 3553 multis
1149 3498 1225 3554 sunt
1251 3494 1365 3567 amici,
1390 3492 1514 3556 homini
1538 3494 1593 3576 qui
1613 3495 1692 3557 certi
1711 3496 1803 3558 sient.

721 3596 776 3659 Ps.
824 3595 894 3679 Ego
914 3599 978 3660 scio
998 3599 1096 3661 istuc:
1119 3619 1195 3683 ergo
1216 3607 1391 3683 utrumque
1412 3600 1470 3663 tibi
1486 3621 1570 3664 nunc
1583 3596 1738 3663 dilectum
1752 3619 1824 3685 para

825 3703 930 3785 Atque
953 3723 992 3766 aa
1016 3700 1130 3766 multis
1152 3707 1283 3788 exquire
1305 3703 1371 3767 illis
1393 3726 1495 3768 unum
1514 3707 1569 3789 qui
1590 3711 1697 3768 certus
1717 3708 1788 3770 siet.
1803 3702 1825 3783 ⁸)

723 3804 801 3871 (lna.
828 3805 896 3870 lam
921 3808 972 3871 hie
992 3808 1064 3871 faxo
1084 3807 1196 3872 aderit.
1222 3808 1276 3873 ΡΒ.
1302 3809 1396 3873 Potin
1418 3815 1455 3872 ut
1475 3806 1587 3873 abeas?
1611 3808 1684 3873 'libi
1704 3831 1824 3875 moram

1480 3914 1574 3979 dictis
1598 3935 1694 3980 ereas.

671 4129 695 4191 i)
714 4127 749 4175 Cf.
767 4141 820 4174 euru
840 4141 874 4174 ss.
893 4125 1011 4175 Plautinis
1028 4126 1112 4189 fragm.
1134 4127 1261 4175 Menandri
1278 4131 1302 4175 et
1321 4127 1470 4176 Philemonis
1487 4144 1524 4193 ap.
1544 4129 1660 4177 Lorena
1677 4144 1700 4193 p.
1715 4130 1758 4188 al,
1778 4128 1827 4192 qai·

632 4209 675 4258 bns
694 4209 751 4256 adde
771 4208 845 4256 Mein.
865 4206 899 4254 [v
918 4208 966 4259 227
985 4213 1009 4256 at
1027 4224 1054 4256 ex
1073 4209 1176 4257 Monitis
1194 4225 1225 4256 vs.
1245 4210 1293 4257 495
1313 4225 1336 4274 p.
1355 4212 1411 4259 3⁶4.
1430 4211 1488 4257 Lao
1507 4211 1538 4274 Q.
1558 4209 1634 4260 Plani.
1654 4226 1677 4274 p.
1697 4211 1743 4258 116
1753 4226 1787 4274 sq.

668 4291 695 4353 2)
716 4292 748 4338 De
767 4290 852 4337 Plauto
871 4289 971 4338 meliors
986 4289 1086 4337 eredidit
1105 4290 1162 4337 Leo
1181 4291 1205 4338 in
1225 4290 1258 4349 Q.
1278 4290 1312 4339 ΡΙ.
1331 4308 1354 4355 p.
1373 4292 1419 4339 loa
1437 4307 1464 4339 ex
1482 4292 1549 4340 cuius
1563 4290 1650 4339 iudicio
1666 4291 1791 4340 verissimo
1804 4295 1827 4339 et

631 4373 694 4421 lectu
712 4373 851 4436 dignissimo
869 4375 989 4436 postrema
1008 4371 1064 4420 haec
1081 4372 1155 4420 citare
1171 4388 1213 4435 par
1231 4377 1280 4422 est:
1301 4375 1345 4421 ‚So
1363 4373 1422 4421 wird
1439 4373 1502 4421 seina
1523 4374 1600 4421 Kunst
1614 4372 1673 4420 auch
1689 4373 1752 4421 dana
1768 4372 1827 4421 noch

633 4455 751 4513 munero,
768 4469 834 4502 wsnn
853 4453 942 4501 sinmal
959 4453 998 4500 die
1015 4453 1163 4501 irenndliche
1185 4454 1243 4501 iirde
1262 4470 1306 4502 nns
1322 4455 1385 4502 asina
1402 4455 1527 4518 Originais
1545 4454 1753 4503 wiederschenken
1770 4454 1827 4502 srird

633 4536 696 4585 ,und
715 4535 767 4595 wir,
787 4551 826 4584 um
842 4535 915 4583 deren
933 4534 1112 4596 digensehsiten
1130 4549 1160 4582 an
1174 4535 1308 4593 erkennen,
1325 4537 1392 4584 nicht
1407 4537 1475 4585 mehr
1490 4538 1528 4585 die
1543 4537 1745 4601 rerschluagenea
1757 4538 1827 4599 wege

636 4633 679 4666 ‚zu
695 4618 770 4680 gehen
785 4616 919 4674 branchos,
938 4616 976 4664 die
994 4615 1032 4664 ich
1049 4615 1093 4663 den
1111 4616 1183 4664 Leser
1202 4617 1263 4666 habe
1280 4618 1366 4667 iiihren
1385 4617 1504 4668 mussen.”

667 4701 692 4759 3)
708 4697 878 4747 Ambrosianus
886 4706 909 4746 et
918 4698 1004 4760 reliqui
1014 4698 1104 4746 codices
1113 4698 1248 4763 discrepant
1258 4706 1328 4764 atque
1338 4701 1417 4749 neutri
1428 4703 1545 4764 integram
1556 4704 1683 4749 servarunt
1692 4701 1826 4751 lectionem.

632 4783 730 4829 Secutus
743 4797 795 4830 sum
809 4782 864 4829 edit.
881 4781 937 4829 min.
953 4781 1030 4829 Aliter
1046 4781 1118 4838 heo,
1135 4781 1202 4831 onius
1214 4781 1339 4831 lectionem
1349 4788 1373 4831 et
1382 4784 1607 4849 interpretationem
1616 4783 1717 4848 probare
1726 4801 1825 4849 nequeo.
