4525 5950
734 1132 776 1179 ΒΕ
800 1131 915 1178 naama
938 1131 1069 1189 Quanam
1092 1131 1176 1178 APUD
1199 1131 1365 1178 Ponnuonu
1388 1131 1513 1178 usam
1535 1131 1568 1177 nt
1590 1132 1761 1179 INTRGRUM

1123 1251 1351 1300 RES'HTUBNDA.

688 1485 841 1551 Sacrificii
864 1485 949 1571 apud
972 1486 1123 1564 Boeotos,
1149 1485 1233 1569 quod
1251 1487 1350 1568 pomis
1374 1484 1486 1563 fiebat,
1511 1488 1671 1572 originem
1696 1486 1838 1573 explicat

643 1592 761 1658 Pollux
791 1592 829 1672 (l,
861 1590 904 1656 30
924 1615 970 1677 sq.
1002 1591 1116 1672 Beklr.)
1151 1595 1344 1658 suavissima
1375 1593 1632 1670 narratiuncula,
1668 1594 1728 1659 sed
1760 1598 1839 1659 vitia

642 1698 798 1785 quaedam
827 1719 899 1764 eam
929 1699 1007 1763 adeo
1039 1698 1226 1785 perturbant
1257 1708 1295 1763 nt
1323 1719 1362 1764 ne
1394 1698 1537 1786 intelligi
1564 1699 1697 1784 quidem
1725 1704 1838 1786 possit.

553 1824 562 1837 ⁸
641 1805 729 1870 Haec
761 1812 869 1869 tamen
899 1803 988 1869 nullo
1019 1807 1148 1891 negotio
1179 1802 1252 1869 tolli
1283 1810 1433 1889 possunt,
1466 1826 1528 1889 quo
1552 1805 1637 1870 facto
1661 1827 1746 1871 snus
1770 1810 1838 1872 ioco

643 1910 903 1976 mmmMMn

690 2019 853 2091 ἐνειστήκει
886 2018 941 2093 μὲν
973 2018 1035 2096 γὰρ
1068 2019 1085 2090 ἧ
1117 2016 1285 2093 πανήγυρις
1316 2020 1369 2080 τοῦ
1394 2018 1477 2095 θεοῦ,
1503 2018 1554 2082 καὶ
1579 2019 1764 2096 κατήπειγε
1788 2025 1838 2084 τοῦ

645 2125 721 2188 θύειν
753 2124 767 2188 θ
799 2122 918 2200 καιρός,
951 2122 985 2185 τὸ
1017 2121 1049 2186 δὲ
1080 2124 1182 2201 ἱερεῖον
1215 2119 1276 2198 ἄρα
1308 2122 1386 2198 κριὸς
1419 2117 1462 2196 ἦν.
1493 2123 1546 2187 καὶ
1570 2124 1595 2187 ni
1619 2123 1677 2198 μὲν
1704 2122 1838 2202 ἄγοντες

643 2228 769 2299 ἄκοντες
794 2228 954 2307 ἐβράδυνον
978 2227 1006 2308 (θ
1030 2229 1092 2305 γὰρ
1116 2229 1256 2300 Ἀσωπὸς
1282 2229 1422 2305 ποταμὸς
1447 2230 1501 2293 οὐκ
1528 2225 1560 2301 ἦν
1583 2230 1764 2309 διαβατός,
1789 2237 1839 2305 με’·

644 2359 706 2413 yar
731 2334 818 2412 ἄφνω
844 2336 946 2414 iuste),
970 2333 994 2398 oi
1019 2336 1046 2398 δ’
1069 2334 1156 2415 ἀμφὶ
1181 2336 1216 2398 τὸ
1239 2334 1314 2413 ἱερὸν
1340 2335 1449 2405 παῖδες
1475 2335 1549 2411 ὁμοῦ
1573 2336 1740 2414 ταθζνντες
1767 2340 1840 2402 εἶτε·

576 2465 580 2474 ·
644 2445 774 2519 πλῆρννν
806 2448 863 2514 τῆς
893 2441 1062 2521 ἱερουργίας
1094 2441 1145 2503 τὸν
1177 2439 1282 2513 νόμον·
1316 2440 1469 2515 λαβόντες
1501 2444 1564 2519 γὰρ
1595 2451 1696 2517 μῆλον
1734 2448 1838 2523 ὡραῖον

645 2550 749 2628 κάρφη
772 2550 829 2626 μὲν
854 2549 1002 2612 ὑπέθεσαν
1026 2548 1109 2625 αὐτῷ
1133 2546 1288 2625 τέτταρα,
1314 2546 1397 2621 δῆθεν
1421 2547 1490 2619 τοὺς
1511 2549 1624 2626 πόδας,
1647 2547 1701 2613 δύο
1724 2549 1753 2614 δ’
1775 2552 1839 2614 ἐτέ-

645 2657 735 2719 θεεαν
759 2652 781 2720 θθ
789 2680 844 2731 μα
868 2656 923 2733 (τὰ
948 2655 972 2717 δ’
997 2649 1030 2725 ἦν
1055 2655 1096 2717 τὰ
1118 2654 1248 2734 κέρατα)
1269 2655 1321 2718 καὶ
1344 2654 1428 2716 κατὰ
1447 2654 1517 2724 τοὺς
1538 2656 1668 2727 aaronis
1691 2659 1837 2723 απαθθειν

644 2761 768 2842 ἔφασαν
792 2762 825 2825 τὸ
849 2769 946 2836 μῆλον
969 2763 1007 2829 ὥς
1032 2761 1198 2839 πρόβατον.

689 2868 753 2933 Hic
784 2867 949 2933 Bekkerus
980 2863 1048 2943 ἅμα
1075 2868 1216 2943 omittit,
1241 2871 1273 2930 et
1297 2866 1437 2951 profecto
1459 2869 1567 2952 inepte
1590 2888 1626 2932 ea
1651 2889 1719 2933 vox
1744 2871 1837 2935 abun

644 2975 716 3052 dat,
737 2975 791 3039 sed
811 2972 949 3039 sananda
967 2980 1031 3051 est,
1053 2995 1118 3037 non
1137 2970 1313 3038 recidenda.
1335 2970 1434 3038 Adest
1454 2981 1564 3038 autem
1583 2981 1670 3040 certa
1690 2975 1836 3062 lenisque

643 3081 816 3146 medicina:
850 3081 953 3158 κάρφη
984 3086 1122 3164 quatuor
1152 3087 1402 3164 supposuerunt,
1435 3079 1498 3144 duo
1522 3079 1588 3142 alic
1611 3083 1715 3166 capiti
1739 3086 1835 3169 impe

643 3197 786 3252 suerunt.
818 3185 904 3272 Lege
934 3206 1010 3271 ergo
1041 3184 1140 3250 anna.
1171 3184 1234 3250 Sed
1256 3186 1315 3250 hoc
1338 3184 1452 3251 levius.
1478 3183 1629 3252 Graviori
1653 3190 1770 3254 morbo
1793 3189 1835 3253 ul·

643 3291 1832 3380 tmmmspmmffimmmmmmmfflr

643 3421 737 3465 ovem
768 3398 984 3475 immolarint,
1017 3406 1074 3463 aut
1103 3398 1142 3461 ab
1173 3397 1245 3463 aliis
1279 3397 1400 3462 facturn
1431 3398 1514 3463 illud
1546 3403 1709 3465 narrarint
1743 3424 1831 3467 neme

642 3526 785 3590 unquam
815 3508 965 3570 inveniet.
989 3503 1089 3570 Solita
1113 3506 1377 3569 terminationum
1401 3505 1584 3571 confusione
1607 3508 1677 3576 τοὺς
1704 3511 1829 3581 ποιητάς

645 3620 757 3677 natum
790 3618 838 3675 est
868 3632 885 3675 e
916 3612 966 3673 τὸν
997 3613 1133 3685 ποιητήν,
1168 3617 1319 3694 totusque
1351 3609 1440 3675 locus
1463 3613 1508 3676 sio
1532 3610 1758 3698 refingendus:
1782 3614 1827 3677 acl

644 3719 727 3783 κατὰ
759 3719 809 3780 τὸν
841 3719 965 3789 ποιητὴν
996 3716 1138 3780 αἰτνθθειν
1170 3716 1294 3791 ἔφασαν
1329 3717 1392 3798 [τὸ]
1427 3724 1525 3791 μῆλον
1560 3720 1610 3799 [ὥς
1648 3720 1825 3802 apiliares}

643 3822 726 3891 (lum
757 3843 848 3888 crura
872 3843 1051 3908 cornuaque
1074 3843 1171 3906 pomo
1195 3843 1253 3887 suo
1276 3821 1470 3887 addidissent
1493 3826 1601 3909 puori,
1626 3822 1724 3890 laeti:
1752 3826 1825 3903 „en”

642 3931 862 3997 exclamarunt
893 3932 979 4007 „iam
1011 3929 1174 3993 offerimus
1205 3928 1262 3994 deo
1292 3929 1325 3993 id
1359 3928 1441 4013 quod
1472 3929 1633 3995 Homerus
1657 3938 1760 4005 μῆλον
1781 3954 1826 4018 ap

643 4036 773 4123 pellat’'.
806 4036 875 4101 Non
906 4035 1057 4120 estquod
1081 4038 1238 4099 miremur
1260 4036 1310 4099 his
1335 4055 1353 4099 a
1376 4033 1507 4101 Polluce
1530 4036 1621 4101 addi:
1648 4039 1777 4111 indicat
1797 4062 1826 4101 τε

644 4146 774 4222 Λέγεται
798 4153 834 4223 τῇ
860 4145 948 4225 θυσίᾳ
972 4145 1022 4204 τὸν
1045 4142 1213 4221 Ἡρακλέα.

1500 4279 1528 4344 l.
1553 4279 1582 4345 J.
1607 4278 1786 4347 Hanrnsn.
