4525 5950
952 716 1126 767 irenaeus.
1565 699 1630 767 353

434 907 476 950 ex
509 883 735 950 Demosthenis
767 882 916 949 Oratione
947 888 1055 950 contra
1078 883 1348 970 Dionysodorum.
1379 883 1425 948 hlo
1449 905 1544 948 sensu
1566 905 1630 970 quo

435 989 506 1054 dixi
538 987 733 1054 vocabulum
764 988 919 1066 κατάγειν
943 991 1114 1074 usurpavit
1138 987 1368 1053 Demosthenes
1391 989 1430 1053 de
1453 988 1533 1055 Pace
1556 989 1629 1073 §25

435 1117 470 1181 p.
496 1094 556 1160 63:
589 1095 684 1171 ἐῶμεν
790 1095 859 1158 Χίον
883 1095 935 1159 καὶ
961 1100 1026 1159 Κῶν
1050 1094 1102 1158 καὶ
1127 1095 1226 1160 Ῥόδον
1250 1095 1302 1159 καὶ
1328 1093 1508 1175 Βυζαντίους
1534 1093 1631 1159 κατά-

434 1227 505 1279 γειν
536 1202 578 1264 τὰ
611 1209 717 1266 πλοῖα.
750 1199 798 1266 De
830 1201 924 1266 Foed.
950 1200 1123 1265 Alexandr.
1150 1199 1223 1285 §19
1248 1223 1280 1286 p.
1305 1200 1389 1266 217:
1417 1198 1461 1269 ἔτι
1485 1202 1548 1279 γάρ
1573 1226 1631 1265 που

435 1309 468 1372 ἓν
492 1315 561 1380 ταῖς
583 1307 743 1380 συνθήκαις
764 1309 819 1380 την
837 1307 1000 1372 θάλατταν
1021 1315 1112 1370 πλεῖν
1133 1306 1203 1376 τοὺς
1223 1306 1417 1386 μετέχοντας
1439 1312 1494 1378 τῆς
1515 1308 1631 1385 εόρηνης

437 1414 492 1477 καὶ
524 1413 640 1489 μηδένα
672 1413 800 1478 κωλύειν
823 1413 934 1483 αὐτοὺς
958 1413 1035 1489 μηδὲ
1061 1411 1215 1489 κατάγειν
1240 1421 1345 1477 πλοῖον
1369 1412 1485 1488 μηδένα
1509 1413 1632 1478 τούτων.

436 1517 561 1604 Polycl.
586 1521 604 1603 ἓ
625 1518 644 1583 5
668 1540 700 1604 p.
727 1516 833 1583 1207:
857 1519 1027 1599 Κυζικηνῶν
1052 1516 1255 1594 καταγόντων
1278 1519 1320 1582 τά
1344 1526 1440 1581 πλοῖα
1463 1515 1551 1581 ἕνεκα
1575 1526 1631 1591 τῆς

436 1624 520 1694 ittae
549 1624 660 1703 χρείας
691 1628 745 1688 τοῦ
769 1623 864 1688 οότου.
892 1623 972 1688 Ibid.
997 1621 1070 1708 §17
1095 1646 1126 1709 p.
1156 1623 1263 1688 1211:
1289 1621 1445 1704 Βυζάντιοι
1471 1622 1523 1687 καὶ
1548 1634 1633 1687 Χαλ·

437 1729 562 1803 κηδόνιοι
597 1730 693 1793 πάλιν
725 1726 902 1806 κατάγουσι
933 1730 976 1793 τά
1008 1736 1103 1793 πλοῖα
1135 1728 1187 1792 καὶ
1220 1728 1433 1808 άναγκάζουτι
1465 1730 1515 1791 τόν
1548 1737 1631 1793 σῖτον

437 1834 632 1912 ἐξαιρεῖσθαι.
663 1833 760 1899 Haud
790 1837 869 1899 satis
899 1842 1030 1920 apparet
1060 1840 1187 1899 rectene
1210 1835 1267 1899 hos
1290 1833 1375 1899 locos
1399 1833 1632 1899 Vandenessius

435 1962 469 2026 p.
496 1938 537 2003 81
570 1939 766 2006 intellexerit
774 1962 781 2019 ;
814 1940 870 2006 sed
900 1961 1065 2026 perperam
1098 1940 1330 2026 Harpocration
1355 1962 1386 2007 v.
1412 1941 1566 2017 κατάγειν
1589 1940 1631 2004 τά

434 2052 549 2110 πλοῖα·
572 2046 767 2120 Δημοσθένης
792 2047 822 2110 ἐν
846 2049 874 2119 η’
899 2049 1091 2110 Φιλιππικῶν
1116 2046 1168 2127 (de
1188 2046 1262 2110 Pac.
1283 2045 1390 2130 §25)·
1415 2044 1570 2123 κατάγειν
1589 2047 1631 2109 τά

435 2158 535 2216 πλοῖα
566 2151 699 2228 λέγεται
729 2151 797 2215 άντ)
831 2156 884 2216 τοῦ
917 2149 1083 2232 βιάζετόαι
1115 2150 1167 2214 καὶ
1200 2155 1312 2215 κακοῦν
1337 2150 1388 2214 καὶ
1413 2152 1457 2226 μη
1484 2151 1536 2216 tas
1561 2152 1632 2221 τοὺς

435 2256 592 2329 πλέοντας
624 2253 689 2321 όποι
719 2257 886 2333 βούλονται
917 2264 1018 2334 πλεῖν,
1050 2257 1124 2320 άλλ’
1157 2257 1200 2328 εἷς
1233 2257 1275 2319 τά
1307 2256 1404 2319 οἰκεῖα
1434 2257 1536 2338 χωρία
1569 2263 1632 2326 τοῖς

433 2377 535 2440 ληςε
549 2362 661 2427 όουοι
687 2364 851 2441 κατάγειν,
876 2364 913 2432 ὡς
938 2362 990 2426 καὶ
1017 2366 1191 2440 Λυκοῦργος
1215 2361 1244 2424 ἐν
1264 2363 1306 2440 τῷ
1328 2362 1413 2426 κατόι
1432 2362 1631 2439 Λεωκράτους

435 2468 533 2542 δηλοῖ.
558 2467 602 2532 ut
623 2468 676 2533 hic
699 2468 829 2554 qnidam
853 2468 934 2533 levis
954 2490 1041 2534 error
1062 2474 1125 2546 est,
1147 2467 1201 2533 sed
1219 2470 1352 2553 gravius
1371 2470 1517 2553 peccavit
1536 2465 1633 2533 Geor·

436 2576 514 2660 gius
549 2572 669 2638 Gratus
700 2576 734 2637 in
764 2575 905 2638 Historia
938 2576 1052 2638 θνοοοο
1083 2573 1131 2638 XI
1162 2595 1193 2659 p.
1229 2572 1294 2639 504
1326 2572 1383 2638 hld.
1416 2575 1543 2639 Amen:
1578 2574 1632 2639 the

435 2678 602 2744 Rhodians
637 2679 718 2743 with
755 2680 838 2745 their
873 2682 1020 2745 triremes
1055 2682 1159 2767 began
1194 2701 1213 2744 a
1248 2681 1351 2744 cruise
1386 2683 1419 2743 to
1454 2682 1534 2744 seiae
1578 2680 1632 2744 the

435 2782 735 2850 merchantvessels
767 2789 800 2848 at
830 2804 893 2850 sea.
925 2784 1036 2850 Hence
1068 2807 1116 2851 we
1146 2784 1245 2860 learn,
1276 2782 1458 2869 indirectly,
1483 2784 1554 2848 that
1577 2785 1632 2848 the

435 2891 597 2957 Athenian
629 2889 724 2955 naval
754 2912 861 2977 power
891 2891 1085 2956 constituted
1116 2890 1173 2955 tho
1201 2889 1355 2975 standing
1383 2891 1559 2975 protection
1583 2889 1632 2955 for

436 2998 494 3062 the
518 2997 685 3061 merchant
707 2997 844 3074 vessels;
870 2999 1039 3062 insomuch
1063 2997 1134 3061 that
1156 3017 1190 3061 so
1213 3017 1290 3062 soon
1310 3016 1344 3061 as
1364 2996 1436 3061 that
1455 2998 1633 3082 protection

435 3124 501 3168 was
532 3102 699 3179 removed,
731 3102 841 3167 armed
866 3105 1002 3169 cruisers
1033 3104 1138 3189 began
1164 3109 1197 3168 to
1221 3123 1301 3189 prey
1325 3124 1410 3188 upon
1435 3103 1525 3168 them
1549 3104 1632 3168 from

435 3212 566 3274 various
597 3206 718 3273 islanda
748 3211 781 3272 in
813 3208 868 3274 the
902 3207 1044 3295 Aegean.
1078 3209 1203 3295 Nempe
1233 3209 1444 3275 Athenienses
1469 3214 1502 3274 et
1524 3215 1634 3294 postea

434 3313 557 3380 Rhodii
587 3313 779 3399 arrogabant
813 3314 874 3378 sibi
898 3316 966 3391 ius,
992 3314 1076 3399 quod
1100 3316 1163 3378 nisi
1186 3315 1318 3379 barbaro
1341 3305 1480 3396 stupratae
1502 3316 1632 3380 nomine

434 3441 501 3485 non
526 3440 660 3505 possum
682 3417 850 3505 appellare.

484 3634 503 3717 ς
524 3629 583 3695 61;
610 3632 626 3705 ἢ
653 3629 743 3701 πόλις
766 3632 801 3693 τό
824 3630 881 3704 μὲν
905 3628 1042 3693 παλαιόν
1066 3628 1123 3693 ὑπό
1147 3636 1205 3694 τῶν
1229 3627 1377 3708 τυράννων
1403 3630 1631 3708 κατεδουλώθη,

436 3738 473 3803 τό
498 3738 524 3801 δ’
552 3732 652 3815 ὕςερον
678 3736 735 3800 ὑπό
760 3741 818 3799 τῶν
843 3733 1006 3815 τριάκοντα
1032 3736 1097 3798 καὶ
1124 3737 1181 3801 ὑπὸ
1205 3735 1456 3809 Λακεδαιμονίων
1475 3737 1517 3799 τά
1538 3737 1631 3818 τεόχη

436 3842 592 3922 καόηρέόη.
625 3841 831 3906 Postremum
862 3842 921 3907 hoc
953 3862 1068 3926 parum
1095 3846 1169 3925 apto
1192 3841 1340 3906 additum
1363 3848 1412 3906 ost
1434 3842 1529 3928 idque
1552 3842 1633 3907 Van-

435 3949 600 4012 denessius
631 3949 809 4012 rectissime
840 3945 980 4010 ostendit
1012 3967 1042 4030 p.
1069 3944 1122 4022 34,
1156 3967 1229 4010 cum
1260 3950 1448 4032 praesertim
1480 3951 1631 4014 continuo

436 4057 607 4138 sequatur:
640 4053 692 4115 xci
718 4053 752 4115 ἔκ
776 4051 889 4116 τούτων
913 4048 995 4127 ὅμως
1019 4051 1261 4130 άμφοτέρων
1284 4051 1533 4132 ιἠλευόεριόόημεν.
1565 4054 1631 4120 Nec

435 4167 545 4224 tamen
569 4159 710 4221 amicum
736 4178 846 4221 meum
871 4178 985 4241 sequar
1007 4159 1063 4242 qui
1087 4156 1370 4243 interpolationem
1394 4158 1542 4224 odoratus
1565 4166 1630 4240 est3

433 4266 514 4329 satis
550 4268 598 4327 est
634 4261 840 4328 intercalare:
880 4258 911 4341 (ό
916 4269 973 4343 τε)
1008 4267 1059 4327 καὶ
1093 4262 1151 4327 ὑπὸ
1184 4262 1433 4339 Λακεδαιμονίων
1464 4266 1506 4329 τά
1537 4267 1630 4345 τεόχη

434 4368 593 4450 καόηρόόη.

482 4582 499 4666 5
521 4578 574 4643 62.
594 4579 658 4644 Hic
677 4578 864 4664 planissime
883 4578 998 4644 delirat
1018 4586 1135 4646 orator.
1156 4579 1326 4646 Contendit
1347 4581 1414 4646 lieri
1433 4580 1523 4645 nullo
1536 4582 1631 4647 modo

432 4707 528 4783 possa
558 4691 596 4751 ut
622 4688 737 4751 civitas
761 4692 953 4763 renascatur,
979 4688 1007 4750 si
1030 4685 1129 4750 semel
1152 4707 1260 4750 eversa
1284 4687 1382 4751 fuerit
1405 4707 1539 4771 eamque
1562 4708 1631 4752 rem

430 4793 622 4877 comprobat
654 4790 810 4877 exemplis
842 4791 957 4857 Troiae
987 4799 1019 4857 et
1050 4793 1228 4857 Messanae.
1253 4786 1412 4857 Estosne
1435 4791 1531 4857 'l'roia
1553 4790 1631 4857 alite
