4525 5950
537 659 603 726 270
1006 675 1254 726 sarsuoannnss.

580 842 633 907 Vs.
662 841 758 907 1238.
783 840 974 923 ἐπῃνέσαμεν
999 841 1036 904 ἂν
1062 842 1113 907 aa>
1140 846 1584 921 προσεπιωρκήσαμεν.

534 948 610 1013 Sine
642 968 753 1027 sensu,
788 950 815 1012 si
847 947 996 1011 audimus
1026 947 1198 1025 editorem,
1230 952 1286 1034 qui
1309 948 1346 1013 de
1371 970 1428 1014 sua
1452 953 1647 1016 coniectura
1671 953 1741 1017 sno

534 1057 643 1118 stituit
673 1054 768 1129 πρὸς
801 1054 1155 1130 α’νεκρρσνὶσααεν,
1180 1053 1298 1119 addens
1323 1054 1447 1132 „lenior
1471 1055 1557 1120 foret
1582 1061 1742 1124 correctio

536 1161 883 1236 ἐπεκρνπήσαμεν,
909 1160 963 1224 sed
984 1160 1017 1224 id
1042 1158 1127 1244 apud
1152 1163 1277 1225 Atticos
1301 1182 1363 1225 non
1386 1163 1554 1227 invenio.’'
1580 1163 1661 1228 Non
1686 1167 1742 1252 igi-

537 1271 591 1329 tnr
626 1268 751 1329 Atticus
773 1273 821 1330 est
845 1266 1028 1341 Menander,
1054 1287 1092 1330 ex
1116 1287 1179 1351 qno
1203 1265 1301 1331 schol.
1325 1266 1413 1331 Plnt.
1439 1266 1505 1333 689
1532 1271 1621 1333 citat
1647 1273 1743 1335 verba

537 1371 701 1447 ἐξάραντες
727 1368 1049 1447 ἐπικριτήσαπε1
1073 1371 1195 1451 Quare,
1219 1372 1342 1456 siquid
1363 1373 1581 1451 mutandum,
1606 1378 1741 1463 scripse

536 1479 599 1541 rim
623 1476 717 1550 πρὸς
744 1478 1089 1556 ε’πεκρρτήσαμεν.
1122 1477 1164 1541 nt
1188 1477 1306 1541 durum
1330 1498 1403 1542 sane
1426 1484 1475 1543 est
1498 1481 1676 1565 nimisque
1699 1503 1742 1547 ar·

536 1583 708 1646 tificiosum
733 1582 830 1648 verba
853 1583 970 1648 tradita
993 1585 1038 1648 sic
1060 1586 1283 1668 interpretari:
1318 1605 1403 1661 „non
1426 1583 1654 1652 laudabamus
1677 1594 1741 1653 tan-

536 1695 607 1752 tum
631 1688 807 1753 sedetiam
830 1711 886 1773 per
909 1689 983 1754 deos
1006 1690 1193 1754 iurabamus
1217 1689 1303 1755 hand
1327 1696 1447 1756 temere
1470 1713 1531 1756 nos
1556 1693 1592 1756 id
1620 1693 1741 1769 facere,

536 1796 557 1858 i.
580 1815 606 1860 e.
631 1794 886 1880 peierabamns.”

582 2011 635 2077 Vs.
664 2011 759 2077 1242.
784 2009 804 2076 ὦ
829 2014 1058 2093 πρλυχαρεὶδα,
1083 2014 1168 2091 λαβὲ
1191 2015 1234 2078 rai
1257 2017 1487 2095 Φυσὶσιὶρια.

536 2117 647 2205 Magis
670 2121 769 2184 etiarn
793 2118 970 2184 laconicum
995 2121 1353 2200 ιοηα1φονσ1πιὶρια.

580 2336 633 2401 Vs.
662 2336 759 2403 1275.
785 2338 949 2413 Ταΰγετον
972 2333 1042 2401 αὖτ’
1068 2339 1229 2418 ἐραννὸν
1255 2340 1403 2404 εἰιλιπῶιὲ.

535 2443 677 2520 Ἐραννόι
709 2464 773 2508 vox
804 2447 893 2529 epica
916 2449 948 2508 et
972 2442 1093 2509 aeolica
1114 2451 1182 2521 est,
1207 2444 1262 2510 sed
1286 2448 1341 2510 vix
1365 2445 1470 2511 dorica
1492 2451 1553 2510 aut
1575 2445 1740 2522 laconica,

535 2551 644 2632 itaque
675 2552 838 2614 communi
870 2551 1017 2613 omnium
1049 2556 1218 2634 poetarum
1240 2553 1309 2615 iure
1332 2550 1364 2615 h.
1389 2549 1412 2615 l.
1436 2571 1516 2615 usus
1541 2559 1595 2616 est
1622 2555 1741 2617 Aristo

535 2653 665 2739 phanes.

580 2871 632 2936 Va.
660 2870 755 2936 1280.
781 2871 1001 2947 ψιάδδοντὶ
1028 2872 1120 2950 Vide,
1146 2877 1173 2938 si
1198 2877 1280 2939 tanti
1304 2881 1370 2951 eet,
1392 2894 1472 2959 qnae
1491 2873 1531 2939 de
1553 2875 1621 2940 hoc
1643 2877 1739 2942 verbo

533 2981 679 3064 congessi
710 2982 743 3042 in
774 2977 876 3043 lexico
908 3001 979 3045 meo
1011 3001 1034 3043 e.
1060 3002 1091 3044 v.
1125 3002 1199 3066 pag.
1226 2980 1351 3066 slssq.
1391 2981 1460 3061 Quo
1490 2984 1569 3064 qnia
1596 2982 1739 3048 Lacones

532 3105 589 3169 pro
625 3082 746 3163 παίζειν
781 3084 955 3149 utebantur
988 3091 1020 3149 et
1053 3088 1214 3151 incertum
1248 3093 1296 3152 est
1326 3106 1365 3150 an
1398 3093 1561 3171 praeterea
1596 3091 1738 3153 παίδδειν

533 3193 777 3276 usurpaverint,
818 3212 895 3255 mox
934 3213 981 3256 vs.
1018 3190 1102 3255 1291
1146 3195 1254 3276 potius
1286 3187 1415 3255 παδωᾶν
1449 3193 1609 3269 (παδδναν
1645 3195 1740 3274 Rau.)

532 3299 714 3382 scripserim
745 3317 820 3360 cum
851 3295 987 3373 Koenio‚
1021 3304 1057 3361 nt
1088 3319 1134 3361 vs.
1169 3296 1266 3373 1295,
1301 3319 1398 3382 qnam
1431 3297 1630 3362 vertemus»
1666 3323 1739 3365 cum

534 3402 653 3467 editore
677 3424 716 3467 ex
739 3423 854 3487 parvae
878 3405 1079 3467 auctoritatis
1104 3404 1210 3468 codice
1235 3404 1389 3467 Parisino.

579 3621 631 3686 Vs.
659 3620 755 3685 1292.
781 3621 939 3696 σὶγῆπαι
963 3621 988 3684 δ’
1015 3620 1036 3684 αἱ
1060 3622 1166 3694 Λήδας
1190 3630 1277 3690 παῖς.

531 3727 678 3792 Fortasse
702 3734 841 3811 praestat
864 3725 1039 3803 ἄγηται,
1064 3727 1169 3811 perit,
1195 3735 1232 3791 ut
1253 3727 1334 3811 apud
1361 3727 1537 3791 Pindarum
1563 3728 1674 3816 Pyth.
1695 3732 1737 3797 lv

533 3831 599 3897 218
623 3840 764 3896 πολλοῖσι
788 3833 813 3896 δ’
834 3830 995 3908 ἅγημαι
1022 3835 1135 3910 σοφίας
1161 3832 1268 3909 ἑτέροις
1293 3840 1325 3896 et
1344 3835 1378 3896 in
1399 3836 1449 3897 tit.
1470 3832 1654 3918 Syracusio
1677 3836 1737 3903 GD

533 3937 622 4002 3230
657 3937 874 4012 ἀναμένων
904 3962 943 3988 =
972 3938 1156 4014 ἡγουμένων.
1201 3936 1360 4003 Similiter
1395 3938 1579 4003 Herodotus
1616 3947 1738 4022 (rarius

533 4044 756 4123 Athenienses)
781 4041 902 4120 ἥγημαι
927 4043 1029 4109 dicere
1053 4042 1134 4108 solet
1158 4065 1214 4129 pro
1240 4048 1387 4120 ἡγοῦμαι.

580 4452 774 4538 Thesmoph.
809 4451 914 4537 leqq.
951 4452 1092 4517 Editoris
1124 4451 1187 4517 loci
1218 4455 1406 4518 constitutio
1437 4460 1469 4517 et
1501 4459 1600 4529 nota,
1636 4480 1735 4543 qnam

534 4560 710 4624 exscribere
741 4559 876 4644 longum
908 4558 1017 4623 estad
1041 4558 1072 4623 h.
1097 4558 1130 4635 1.,
1156 4566 1193 4623 ut
1219 4558 1318 4623 libere
1342 4557 1465 4635 dicam,
1490 4561 1573 4623 mihi
1598 4564 1735 4646 quidem

534 4686 596 4729 non
628 4665 799 4740 satisfacit,
832 4684 906 4728 nam
938 4673 974 4728 ut
999 4665 1096 4729 verba
1118 4664 1249 4743 χελιδὼν
1274 4659 1335 4742 ἇριὶ
1359 4688 1434 4727 πσπε
1457 4667 1643 4739 Φαννὶσεπαι
1669 4674 1734 4734 sint

531 4778 624 4835 notae
658 4769 837 4835 cantilenae
868 4772 1015 4847 initium,
1048 4771 1132 4855 qnod
1164 4770 1350 4836 contendere
1381 4791 1478 4855 quarn
1509 4770 1735 4842 demonstrare
