4525 5950
840 830 883 877 AD
906 828 1042 878 senona
1066 830 1158 879 Psols
1181 830 1422 880 salsuoruaars.

580 997 629 1061 Ad
656 995 738 1062 Belli
761 996 812 1061 dei
836 997 934 1062 verba
959 1017 1007 1062 vs.
1033 995 1117 1061 246:

715 1098 736 1164 ὦ
760 1101 913 1179 Μέγαρα,
940 1101 1074 1180 Μέγαρ’,
1099 1103 1139 1173 ὥς
1163 1103 1389 1182 ἐπιτετρίψεσθ’
1414 1105 1531 1169 αὐτίκα

533 1210 567 1273 in
591 1207 697 1272 codice
720 1205 748 1271 V
771 1213 803 1272 et
826 1207 889 1272 alia
912 1212 987 1273 sunt
1011 1208 1170 1294 adscripta
1192 1214 1225 1274 et
1247 1210 1342 1274 baec:

581 1317 693 1391 „caica
719 1315 736 1387 ἦ
760 1318 813 1377 τοῦ
834 1313 971 1389 πολέμου
992 1315 1148 1394 τρθφασις
1170 1316 1206 1379 δι’
1220 1315 1331 1386 αὐτοὺς
1351 1318 1435 1380 δοκεῖ
1451 1315 1621 1393 γεγονέναι
1644 1317 1742 1398 χάριν

534 1423 588 1483 τοῦ
612 1420 646 1483 τθ
670 1418 808 1483 τινάκιοι
830 1420 984 1491 συνθέντος
1010 1419 1044 1482 τθ
1068 1422 1139 1484 κατ’
1161 1422 1261 1484 αὐτῶν
1281 1422 1326 1492 είς
1345 1424 1402 1495 τὴν
1420 1424 1606 1500 Περικλέους
1631 1424 1741 1504 χάριν,

535 1522 613 1589 ὥστε
635 1525 717 1601 μήτε
740 1534 799 1601 γῆς
824 1526 904 1601 μήτε
929 1524 1059 1601 λιμένων
1079 1531 1230 1590 Ἀττικῶν
1252 1527 1423 1604 έτιβοιίνειν
1441 1526 1511 1598 τοὺς
1534 1530 1740 1607 Μεγαρεῖς”.

577 1629 664 1710 Quae
699 1631 795 1696 verba
829 1632 897 1696 sine
932 1651 1028 1695 sensu
1063 1636 1155 1711 sunt;
1192 1651 1294 1717 neque
1326 1635 1412 1696 enim
1443 1638 1515 1718 post
1546 1632 1587 1696 a·
1623 1637 1740 1705 αὐτοὺς

532 1757 635 1822 neque
666 1737 715 1801 bis
742 1737 889 1822 deinceps
912 1735 1103 1802 collocatum
1127 1735 1295 1802 tolerabile
1319 1743 1368 1802 eet
1390 1738 1493 1817 χάριν.
1521 1739 1586 1803 Pro
1612 1740 1741 1818 χάριν

533 1847 601 1907 τοῦ
621 1842 795 1928 legendum
815 1849 863 1908 est
884 1843 1065 1921 Χαρίνου.
1086 1843 1222 1929 Propter
1241 1843 1446 1928 Megarenses
1466 1845 1550 1908 δοκεῖ
1566 1846 1741 1921 γενονέναι

535 1950 552 2020 ιὶ
584 1949 739 2028 τρίΦασις
773 1953 826 2014 τοῦ
859 1950 1005 2025 πολέμου,
1039 1949 1166 2028 Χαρίνου
1195 1952 1229 2013 τὸ
1256 1951 1394 2014 τινάκιον
1417 1949 1574 2019 συνθέντος
1603 1953 1641 2015 τὸ
1667 1955 1739 2015 κατ’

535 2057 646 2132 αὐτῶν,
677 2058 699 2119 i.
721 2074 766 2120 a:
801 2055 948 2133 »Χαρίνου
981 2056 1164 2134 γράψαντος
1188 2057 1345 2135 ψήφισμα
1370 2056 1440 2119 κατ’
1465 2056 1606 2134 αὑτῶν”,
1633 2064 1674 2121 ut
1696 2057 1742 2122 lo

535 2163 646 2246 quitur
669 2159 864 2225 Plutarchus
888 2166 963 2226 noto
985 2159 1053 2226 loco
1076 2160 1205 2240 (Pericl.
1232 2159 1299 2241 30).

580 2373 631 2437 Ad
663 2394 791 2438 versum
825 2370 900 2450 764,
933 2373 989 2437 ubi
1019 2378 1111 2458 poeta
1143 2374 1283 2438 comicus
1317 2373 1438 2438 dicitnr
1469 2377 1564 2454 ταῦρ·
1600 2376 1740 2446 άνιάσας

534 2478 627 2542 πόλλ’
652 2479 807 2557 εὐφράναι
829 2483 1021 2565 spectatores
1039 2480 1154 2543 missos
1174 2478 1287 2557 facere,
1307 2485 1431 2564 spectat
1450 2481 1510 2545 boc
1531 2481 1685 2548 scholion
1699 2483 1739 2548 V:

580 2583 697 2661 „dalye
729 2583 916 2665 κοιμςιδιίσας
951 2584 967 2656 ἢ
999 2582 1080 2648 οὐδέν
1112 2585 1267 2656 λυπήσας.
1299 2584 1406 2661 θμοίας
1439 2586 1499 2665 τῷ·
1533 2582 1687 2665 ἦίλίγον
1712 2590 1737 2652 οἱ

535 2690 635 2755 ealda
661 2691 781 2753 έοικίτοι
804 2690 930 2767 γείνατο
954 2689 1105 2759 Τυδείς”.

580 2796 784 2872 „Absurdam
818 2798 1089 2880 comparationem
1100 2792 1130 2857 l''
1166 2795 1296 2860 adnotat
1328 2794 1557 2861 vHerwerden.
1607 2799 1738 2865 Fefellit

533 2898 691 2985 collegam
723 2901 821 2965 dictio
853 2901 997 2976 brevior;
1030 2899 1188 2971 λιτθτντος
1221 2920 1301 2985 quae
1334 2900 1396 2964 dici
1429 2899 1510 2965 solet
1543 2904 1736 2990 exemplum

533 3006 593 3071 hoo
624 3027 691 3070 esse
721 3006 882 3091 significat
912 3009 1086 3090 interpres,
1119 3009 1226 3082 παῦρα
1256 3008 1343 3071 enim
1366 3005 1564 3072 adiectirum
1591 3009 1628 3073 id
1653 3011 1736 3095 qnod

531 3109 614 3175 οὐδέν
633 3110 739 3176 ναίοις
759 3111 909 3188 hocloco,
930 3110 1202 3196 quemadmodum
1215 3111 1300 3195 apud
1313 3110 1492 3177 Homerum
1506 3114 1736 3198 Agamemnon

534 3216 725 3282 Diomedem
748 3220 913 3302 increpans
939 3206 1044 3302 „patri
1068 3236 1184 3301 parum
1204 3216 1367 3282 similem”
1390 3225 1498 3294 vocet,
1519 3239 1598 3282 cum
1622 3220 1736 3305 „plane

535 3320 746 3386 dissimilem'’
780 3323 883 3387 dicere
916 3321 1005 3386 velit.
1039 3320 1125 3400 Quae
1158 3322 1337 3386 observatio
1369 3321 1452 3386 redit
1482 3324 1516 3386 in
1548 3324 1675 3390 scholio
1698 3325 1737 3389 ad

536 3429 725 3514 Myrrhinae
756 3429 852 3494 verba
886 3428 962 3513 lays.
996 3425 1061 3491 896
1094 3427 1199 3502 ὀλίγον
1229 3450 1281 3503 μοι
1313 3427 1419 3500 μέλειε
1454 3430 1545 3504 »ἀντὶ
1580 3435 1637 3493 τοῦ
1670 3431 1735 3495 οὐδὲ

535 3533 673 3609 taleae&
698 3533 761 3597 Ubi
785 3541 879 3598 acuta
902 3537 951 3597 est
973 3531 1123 3597 Roemeri
1147 3534 1345 3597 coniectura:
1371 3533 1439 3596 άιτί
1463 3539 1517 3597 τοῦ
1539 3533 1609 3599 οὐδὲ
1634 3533 1734 3600 ὅλον.

580 3746 627 3811 Ne
663 3749 732 3811 viro
768 3749 963 3811 amicissimo
1000 3745 1200 3829 obloquendo
1236 3745 1331 3810 finem
1365 3745 1496 3822 faciem,
1533 3748 1734 3835 subiungam

533 3850 641 3916 locum
666 3852 722 3915 ubi
747 3872 860 3915 verum
885 3851 976 3915 vidit.
1012 3851 1215 3915 Adversum
1239 3850 1304 3915 650
1328 3852 1511 3916 adnotavit:
1539 3853 1663 3927 „schol
1689 3852 1733 3917 ὅτι

535 3957 653 4036 χθόνιος
680 3957 693 4019 ὅ
721 3958 854 4035 Ἑρμῆς,
879 3954 942 4019 ὅθεν
966 3956 1017 4017 καί
1044 3956 1245 4030 καταιβάτης
1269 3959 1355 4033 ταροὶ
1382 3957 1502 4027 Ῥοδίοις
1529 3964 1618 4036 (παρ’
1639 3959 1734 4041 έδχθοι

537 4070 593 4126 aut
623 4061 730 4126 simile
761 4062 837 4147 quid
869 4061 945 4126 Van.
978 4059 1057 4142 475)
1082 4063 1147 4143 [καὶ
1172 4060 1411 4144 ’λθιρναίοιςί]”.
1436 4100 1479 4110 -
1503 4061 1540 4127 ln
1563 4064 1735 4130 codicisV

535 4169 678 4252 imagine
709 4168 916 4254 phototypica
947 4166 1020 4252 lego
1052 4167 1221 4245 ,,ταριδίοις
1245 4167 1297 4230 καί
1322 4164 1391 4229 αὖθ’
1416 4174 1485 4247 (-οις
1509 4174 1542 4231 et
1568 4170 1624 4232 καί
1650 4173 1737 4236 notis

534 4271 686 4349 indicata)
706 4274 774 4336 sive
794 4273 902 4350 ,aaa
923 4271 1091 4346 <Ῥο>δίοις
1113 4273 1165 4333 καὶ
1186 4272 1388 4348 ’λθννοιίοις”,
1409 4278 1446 4336 ut
1464 4272 1614 4338 habetR.
1639 4275 1736 4340 Vene-

535 4383 607 4439 tum
637 4375 703 4441 475
736 4383 846 4441 autem
878 4398 894 4441 e
926 4376 1031 4441 codice
1055 4374 1082 4438 V
1105 4375 1302 4462 descriptum
1326 4397 1393 4441 esse
1417 4375 1497 4441 olim
1521 4377 1609 4443 vidit
1635 4378 1736 4447 Cobet

535 4487 631 4557 (anno
666 4480 762 4557 1842,
796 4482 931 4545 Brieven
960 4501 1018 4544 aan
1043 4477 1123 4545 Geel
1148 4503 1179 4564 p.
1205 4480 1295 4557 328),
1320 4480 1503 4546 dubitanter
1525 4482 1643 4549 deinde
1667 4507 1736 4570 per·

534 4584 641 4647 hibuit
654 4584 797 4661 Diodori,
817 4586 950 4651 fidenter
961 4588 1094 4670 negavit
1106 4584 1257 4671 Blaydes,
1271 4588 1338 4651 fuse
1351 4586 1486 4669 deniqne
1498 4586 1738 4654 demonstravit

535 4686 661 4753 Zacher.
1438 4690 1469 4756 ί.
1494 4710 1525 4755 v.
1550 4692 1589 4759 L.
1615 4694 1645 4760 J.
1659 4714 1690 4760 r.
