4525 5950
920 477 1161 526 nnncsrunnns.
1571 459 1636 525 307

428 644 534 710 ὄντων
557 644 650 722 ὑμῶν,
674 644 767 709 ούδίν’
793 639 869 710 εἶναι
896 649 1027 708 τοιοῦτον
1051 643 1175 718 τίύεμαι
1199 647 1232 706 st
1255 663 1347 719 mox,
1371 641 1463 726 §44,
1489 644 1638 720 Φιλοκροί-

431 774 496 824 την
521 751 612 828 μόνον
633 745 711 816 νίναι
737 755 868 815 τοιοῦτον
891 748 1027 826 τίίεμαι.

486 967 572 1054 §60
594 991 625 1055 p.
651 967 735 1034 300:
768 967 861 1046 δγδίη
892 968 1000 1044 τοίνυν,
1032 964 1170 1044 ἑβδόμη,
1203 963 1296 1044 ἕκτη,
1330 965 1478 1043 πέμπτη,
1507 965 1636 1045 τετροίς·

438 1075 523 1138 οιύτὸ
556 1075 743 1153 συμβαίνειτ
775 1074 834 1138 hoc
865 1082 930 1137 est:
963 1072 1041 1135 ratio
1062 1072 1180 1156 quidem
1202 1073 1300 1135 ύατοίο
1323 1078 1468 1153 apparet,
1492 1092 1566 1136 nos:
1589 1073 1639 1135 het

436 1180 520 1244 bont
543 1180 607 1258 eit;
632 1201 689 1245 nec
712 1200 839 1244 necesse
863 1184 911 1243 est
935 1177 1049 1243 addere
1073 1179 1107 1240 in
1131 1182 1240 1262 aperte
1262 1197 1313 1241 re:
1346 1178 1387 1248 είς
1416 1179 1533 1250 ταύτην
1560 1173 1637 1241 εἶναι

438 1284 604 1360 πίμττην.
637 1285 700 1350 Hic
733 1306 796 1350 non
827 1292 901 1349 uter
929 1289 1120 1369 argumento
1154 1283 1230 1347 heec
1263 1283 1360 1347 verbe
1391 1285 1419 1347 si
1450 1285 1636 1359 retinueris,

437 1390 618 1456 molestum
648 1391 776 1456 histum
806 1389 970 1455 offensioni
994 1409 1062 1453 esse
1069 1409 1078 1467 ς
1102 1408 1177 1452 nem
1201 1409 1258 1452 nec
1280 1387 1369 1474 leges
1393 1409 1472 1473 ques
1494 1388 1637 1453 Blessius

435 1496 479 1562 de
511 1496 604 1561 hiatu
633 1496 720 1582 epud
742 1495 991 1562 Demosthenem
1014 1496 1116 1559 vituts
1140 1497 1342 1580 perscripsit,
1365 1495 1448 1559 mihi
1472 1494 1566 1559 nihili
1588 1497 1637 1559 vi·

437 1601 560 1667 dentur
581 1623 639 1668 nec
661 1607 770 1666 temen
787 1600 916 1666 infirmo
935 1605 1127 1687 argumento
1149 1604 1222 1664 uter
1240 1606 1278 1664 ut
1298 1621 1404 1665 mecm
1423 1604 1636 1686 suspicionem

437 1706 622 1785 stabiliem3
648 1706 703 1772 sed
726 1706 800 1773 uide
822 1706 906 1772 Plat.
931 1704 1031 1792 Gorg.
1059 1704 1182 1769 4593:
1210 1715 1329 1783 Συνρ.
1354 1711 1443 1770 τοῦτο
1468 1707 1636 1782 συμβαίνει

437 1812 458 1887 ἢ
490 1810 574 1876 ἄλλο
605 1835 652 1892 τις
689 1822 801 1892 Γοργ.
833 1817 922 1877 τοῦτο
955 1812 1087 1876 ἐνταῦίσί
1118 1836 1159 1890 γε
1190 1813 1368 1889 συμβαίνει.
1401 1811 1482 1877 Ibid.
1513 1811 1635 1877 498E:

438 1917 631 1994 συλλύγιοαι
663 1918 698 1991 δίς
730 1928 811 1998 κοινῇ
836 1919 906 1994 μετ’
933 1919 1017 1997 ἐμοῦ,
1043 1919 1074 1981 τί
1098 1920 1171 1992 ἡμῖν
1197 1919 1364 1995 συμβαίνει
1389 1919 1421 1981 ἐκ
1446 1925 1503 1982 τῶν
1524 1921 1638 1993 ύμολο-

438 2023 596 2100 γημίνυν.
627 2023 725 2108 Βορίι.
757 2046 788 2109 p.
814 2023 933 2088 2238:
966 2026 1005 2094 τίς
1037 2023 1050 2086 ί
1082 2028 1132 2087 νῦν
1164 2023 1255 2099 λίνος
1281 2026 1353 2100 ἡμῖν
1378 2025 1555 2101 συμβαίνει.
1579 2025 1638 2089 En

437 2131 508 2196 i'ere
531 2130 694 2216 proverbii
718 2132 820 2195 inster
844 2129 922 2194 αὐτὸ
946 2129 1132 2207 συμβαίνει,
1157 2132 1255 2194 sicuti
1279 2130 1356 2194 αὐτὸ
1380 2128 1488 2208 δείξει,
1513 2131 1551 2194 de
1573 2152 1636 2215 quo

435 2236 610 2323 proverbio
632 2235 706 2302 vide
729 2238 836 2321 copies
858 2234 1059 2322 Bemherdyi
1083 2234 1122 2300 sd
1145 2234 1289 2301 Suidam.

485 2437 567 2523 §69
599 2461 631 2525 p.
655 2436 740 2503 363:
773 2439 799 2502 οί
832 2437 858 2501 δ’
882 2439 1131 2522 [Ἀθηναίων]
1161 2449 1217 2513 τῆς
1249 2438 1492 2519 ἐλευθερωτάτης
1517 2440 1633 2514 πίλους

438 2544 591 2624 πρέσβεις
621 2546 757 2627 [ὑμᾶς]
789 2538 831 2616 οίς
861 2541 953 2624 συζῆν
977 2545 1102 2623 ιίνοίγνη
1227 2546 1352 2618 τούτους
1377 2543 1542 2621 ἐξαπατᾶν
1565 2546 1636 2610 ύπέ-

435 2673 561 2724 «τασαν.4
577 2650 697 2735 Aperte
720 2670 780 2715 res.

482 2866 568 2954 §70
591 2891 622 2955 p.
647 2867 732 2933 363:
768 2867 1060 2947 ὑπογραμματεύειν
1094 2869 1166 2945 ὑμῖν
1198 2869 1249 2932 καί
1283 2869 1436 2946 ὑπηρετῶν
1466 2881 1505 2951 τῇ
1533 2874 1633 2953 βουλῇ

435 2976 536 3045 αύτίς
569 2972 760 3054 ίξηγείτο
792 2978 843 3041 τὸν
876 2975 964 3053 νόμον
992 2977 1034 3054 τῷ
1060 2976 1175 3054 ιιιίρυιιι.
1201 2974 1271 3039 Hac
1293 2976 1527 3061 significatione
1550 2982 1638 3043 verba

425 3081 623 3166 praeeundi,
654 3082 687 3146 id
717 3081 802 3168 quod
832 3087 882 3147 est
914 3081 1092 3158 ἐξηγεῖσθαι
1122 3087 1281 3166 quantum
1314 3086 1455 3167 comperi
1485 3084 1544 3148 hcc
1568 3084 1635 3150 solo

434 3189 513 3255 loco
535 3190 709 3254 invenitur.

484 3388 567 3476 §73
599 3412 630 3475 p.
655 3389 739 3455 364:
773 3387 830 3454 ύσα
864 3394 913 3453 νῦν
946 3390 1007 3470 ε’ρεῒ
1029 3390 1095 3467 περὶ
1120 3397 1178 3453 τῶν
1203 3390 1327 3454 Φωκέων
1428 3395 1466 3464 ὦς
1491 3392 1634 3472 Πρόξενον

431 3500 501 3576 ούχ
533 3494 735 3573 ὑπεδέξαντο,
767 3499 806 3567 ύς
839 3496 967 3572 ἀσεβεῖς
993 3496 1077 3573 είσίν,
1102 3497 1147 3567 ὥς
1173 3492 1191 3559 ί
1211 3520 1240 3562 τι
1265 3495 1303 3561 ἂν
1326 3497 1433 3570 δήποτ’
1458 3500 1557 3562 αὐτῶν
1581 3523 1635 3563 κα-

433 3612 566 3682 τηγορῇ.
598 3601 686 3667 imo:
720 3602 737 3677 ἢ
763 3598 781 3665 ί
802 3627 831 3667 τι
856 3602 894 3666 ἂν
919 3601 1042 3675 δήποτε.
1067 3600 1230 3687 Frequens
1255 3603 1313 3667 hoc
1337 3605 1456 3668 vitium
1480 3604 1635 3690 estquod

431 3716 468 3776 et
492 3708 573 3774 elibi
596 3729 746 3794 persaepe
770 3711 906 3773 recurrit
930 3713 963 3774 et
986 3708 1069 3773 Plat.
1093 3708 1237 3795 Euthyd.
1262 3708 1328 3774 280
1341 3708 1379 3775 D.

480 3928 562 4016 §81
597 3950 627 4013 p.
653 3927 740 3994 366:
773 3927 924 3993 δουλεύειν
958 3928 1010 3991 καί
1043 3927 1187 3992 τεύνοίυαι
1222 3932 1263 4009 τῷ
1295 3930 1387 4008 Φίβῳ
1410 3930 1634 4012 [Θηβαίους

430 4036 521 4117 καί]
545 4039 614 4105 τοὺς
640 4035 798 4099 Φιλίππου
822 4031 923 4109 ξένους
947 4027 997 4104 ούς
1022 4033 1258 4115 ἀναγκάζονται
1283 4034 1413 4113 τρέφειν.
1445 4035 1557 4101 Nonne
1579 4034 1637 4100 illa

427 4140 534 4208 verbe
557 4160 638 4225 quee
661 4142 772 4205 notavi
797 4139 982 4226 elegantius
1006 4138 1220 4206 omittentur?

477 4342 562 4429 §82
586 4366 617 4429 p.
644 4341 727 4410 367:
762 4346 806 4419 μίν
839 4343 874 4418 δίς
907 4348 1013 4407 ταῦτα
1046 4343 1151 4418 λέγειν
1183 4344 1275 4408 αὐτὸν
1302 4342 1393 4419 εὀἶτε,
1418 4346 1491 4406 ἀλλ’
1515 4346 1554 4413 nic
1579 4346 1632 4408 ούιι

426 4451 617 4516 σίσαιιύιιασι
643 4458 768 4520 Φωκεῖς.
793 4448 966 4515 Setis'hoc
992 4455 1096 4513 estet
1119 4448 1258 4513 libenter
1281 4450 1459 4514 carebimus
1478 4450 1633 4517 vocabulo

425 4556 517 4643 quod
541 4558 574 4619 in
598 4555 660 4620 fine
684 4555 838 4621 adhaeret
865 4556 1084 4619 δεικνύναι.
