4525 5950
861 778 863 782 ὗ
959 697 1001 744 on
1025 694 1170 743 casuale.
1594 681 1658 746 241

462 859 639 933 περιέμενον
662 857 915 924 Lacedaemonii.
948 858 1066 927 Contra
1090 863 1145 945 qui
1170 863 1287 925 mensis
1310 883 1426 926 nornen
1448 862 1563 928 adiecit
1586 862 1660 929 Plu-

463 964 597 1028 tarchus
628 966 761 1028 minime
791 965 1060 1051 Metagitnionem
1091 966 1145 1031 sed
1174 966 1437 1032 Boedromionem
1460 972 1604 1034 nominat
1620 966 1659 1050 ¹):

464 1069 500 1132 οὐ
531 1070 595 1146 γὰρ
618 1069 708 1144 μόνον
732 1066 837 1142 ἄλλας
863 1073 975 1148 μυρίας
1000 1070 1114 1145 ἐξόδους
1141 1073 1192 1134 καί
1218 1072 1331 1153 μοίχας
1358 1075 1541 1146 πεποίηνται
1566 1074 1659 1149 μηνὸς

464 1175 634 1248 ἱσταμένου
659 1178 702 1250 μη
727 1177 959 1253 περιμείναντες
984 1180 1039 1250 την
1063 1177 1263 1256 πανσέληνον,
1288 1180 1446 1243 ἀλλὰκαὶ
1468 1180 1659 1253 ταύτηςτῆς

467 1280 579 1358 μάχης
608 1277 696 1354 ἕκτης
724 1282 935 1362 Βοηδρομιῶνος
962 1283 1128 1357 ἱσταμένου
1151 1285 1317 1359 γενομένης
1341 1284 1444 1359 ὀλίγον
1469 1287 1660 1365 ἀπελείφθη-

466 1408 538 1463 σαν,
562 1384 712 1451 ὥστεκαὶ
733 1388 902 1451 θερίσασθαι
923 1389 994 1461 τοὺς
1014 1391 1132 1467 νεκροὺς
1151 1390 1335 1461 έτειιίίντας
1356 1391 1406 1454 a>
1428 1391 1478 1454 τὸν
1501 1392 1603 1456 τίτον.
1616 1428 1658 1440 -

464 1491 512 1556 Es
545 1495 589 1556 ist
624 1493 778 1558 demnaeh
813 1515 908 1579 sogar
943 1495 1179 1573 anaunehmen,
1215 1496 1286 1560 dass
1321 1496 1371 1560 die
1407 1496 1574 1562 Botachaft
1605 1497 1660 1562 der

464 1599 611 1664 Athener
633 1601 722 1665 nicht
744 1603 777 1663 in
801 1601 851 1666 dic
874 1600 944 1665 Zeit
967 1602 1022 1666 der
1044 1601 1205 1666 Karneien
1228 1600 1313 1666 fielss’

514 1704 630 1770 Vereor
665 1712 772 1770 tamen
807 1714 844 1770 ut
880 1727 1011 1771 causam
1046 1728 1137 1771 suam
1174 1708 1323 1772 omnihus
1359 1708 1501 1794 probarit
1536 1708 1659 1774 Busolt.

464 1809 551 1874 Nam
576 1813 737 1895 primum,
762 1810 846 1896 quod
868 1811 907 1876 ad
931 1811 1097 1877 Plutarchi
1120 1815 1238 1877 attinet
1261 1814 1498 1891 testimouium,
1519 1835 1660 1879 commu-

464 1919 552 1980 tavit
581 1916 774 1981 Plutarchus
805 1918 906 1995 diem,
940 1940 1002 2003 quo
1031 1939 1142 2004 pugna
1173 1918 1376 1983 Marathonia
1399 1926 1447 1984 est
1470 1923 1658 1997 commissa,

463 2043 541 2086 cum
577 2021 634 2087 illo
666 2023 716 2088 die
747 2045 810 2108 quo
842 2030 953 2110 postea
984 2024 1024 2088 ad
1056 2044 1199 2110 pugnam
1232 2023 1450 2090 celebrandam
1475 2047 1596 2091 necnon
1619 2025 1659 2091 ad

462 2134 581 2192 votum
621 2126 742 2193 Dianae
782 2129 1030 2205 exsolvendum,
1066 2130 1191 2194 hostiae
1225 2132 1258 2192 in
1292 2136 1347 2200 τῆς
1383 2131 1569 2208 Ἀγροτέρας
1606 2151 1660 2196 ara

464 2232 701 2298 mactabantur.
737 2233 917 2299 Audiamus
951 2237 1077 2320 ipsum,
1112 2246 1186 2320 post
1219 2235 1316 2300 verba
1351 2256 1447 2320 supra
1482 2235 1580 2301 allata
1613 2238 1660 2300 ita

463 2359 596 2403 causam
627 2359 719 2403 suam
751 2340 991 2405 defendentem:
1016 2342 1049 2404 οὐ
1073 2342 1127 2412 την
1151 2341 1222 2418 τρίς
1244 2340 1368 2419 Ἄγρας
1393 2345 1518 2416 τομοιίρν
1542 2341 1659 2423 ίστίρη-

464 2468 542 2520 και,
568 2441 602 2515 ἣν
626 2443 798 2519 τέμοτονσιν
821 2442 865 2508 έτι
890 2449 940 2508 νῦν
965 2453 1003 2525 τῇ
1027 2444 1145 2523 Ἐνιοίτη
1169 2446 1355 2525 χαριστήρια
1379 2454 1435 2520 τῆς
1456 2447 1538 2520 νίκης
1558 2447 1659 2525 ἑορταί-

464 2547 591 2629 ζοντεςί
626 2553 685 2627 At,
721 2552 913 2636 rogaveris,¹
936 2552 1045 2618 verine
1078 2557 1174 2636 putas
1207 2572 1275 2615 esse
1310 2551 1416 2615 simile
1448 2551 1658 2616 Athenienses

463 2656 671 2721 hecatombas
694 2655 815 2721 Dianae
839 2658 1013 2742 promissas
1036 2677 1099 2720 non
1121 2655 1179 2721 illo
1202 2659 1277 2720 anni
1300 2655 1351 2720 die
1374 2677 1436 2740 quo
1459 2656 1568 2721 habita
1590 2663 1659 2721 erat

465 2782 577 2848 pugna
607 2759 733 2847 egisse?
763 2761 868 2828 Immo
898 2772 1034 2828 certum.
1068 2761 1152 2826 Nam
1184 2767 1255 2846 post
1285 2781 1428 2846 pugnam
1453 2764 1657 2826 commissam

463 2871 608 2952 primum
641 2888 817 2953 quemque,
850 2871 905 2953 qui
937 2868 1058 2933 Dianae
1089 2887 1176 2931 sacer
1197 2867 1369 2931 haberetur
1392 2867 1476 2944 dies,
1500 2876 1659 2952 exspecta-

462 2984 557 3052 runt,
594 2996 657 3059 quo
693 2980 808 3039 votum
843 2978 869 3038 si
902 2997 964 3039 nou
997 2996 1090 3040 omne
1122 2979 1155 3038 at
1185 2995 1243 3059 pro
1273 2981 1363 3059 parte
1387 2977 1560 3040 constituta
1582 2974 1658 3039 deas

460 3079 640 3158 solverent,
673 3080 797 3165 fuitque
836 3080 888 3144 hic
921 3080 987 3144 dies
1019 3079 1049 3144 d.
1080 3085 1190 3144 sextus
1220 3083 1340 3144 mensis
1363 3082 1558 3164 insequentis
1581 3079 1658 3144 Boe·

461 3185 648 3250 dromionis.
674 3185 795 3250 Mansit
818 3184 894 3249 haec
918 3184 1131 3263 cousuetudo;
1156 3206 1213 3249 nec
1237 3187 1497 3269 praeposterari
1519 3186 1656 3262 Γενέσια,

462 3290 513 3355 die
537 3294 650 3375 quinto
673 3298 876 3356 mortuorum
899 3292 932 3354 in
956 3291 1107 3355 honorem
1131 3290 1305 3367 celebrata,
1331 3312 1406 3355 cum
1429 3290 1581 3355 sacrificio
1605 3290 1657 3355 die

462 3402 554 3461 sento
586 3396 625 3460 ob
656 3399 824 3461 victoriam
856 3401 1051 3480 reportatam
1077 3395 1233 3473 Ἀρτέμιδι
1257 3405 1295 3475 τῇ
1321 3397 1428 3479 Χθονίᾳ
1457 3396 1563 3461 oblato
1587 3417 1658 3461 con-

459 3505 572 3566 iuncta
595 3500 796 3567 ridebantur.

506 3605 661 3671 Alterum
691 3628 817 3693 quoque
848 3606 1016 3672 Plutarchi
1039 3612 1287 3693 argumentum,
1312 3610 1339 3671 si
1365 3608 1494 3692 propius
1517 3607 1656 3673 consido-

458 3718 562 3788 ratur,
594 3712 721 3777 fumum
753 3734 819 3777 esse
846 3712 1021 3798 apparebit.
1046 3710 1302 3789 Commiserunt,
1327 3715 1448 3797 inquit,
1471 3716 1656 3777 innumeras

460 3837 590 3903 pugnas
625 3823 677 3881 τοῦ
712 3820 804 3892 μηνὸς
837 3816 1023 3894 ίοταμένονί
1055 3818 1138 3898 Quid
1169 3816 1220 3883 nil
1252 3818 1322 3881 Hac
1353 3820 1439 3881 euim
1463 3818 1501 3881 de
1524 3839 1557 3882 re
1581 3839 1655 3881 cum

459 3924 627 3989 Herodoto
663 3927 819 3989 consentit
852 3924 865 3988 ί
899 3925 1086 4002 Χαιρωνεύς,
1127 3931 1199 4009 post
1238 3923 1455 4008 plenilunium
1491 3922 1656 4007 Spartanis

456 4031 592 4096 educere
624 4032 801 4095 exereitum
831 4028 977 4107 licuisse,
1010 4030 1095 4094 diem
1126 4032 1231 4115 igitur
1259 4030 1377 4092 mensis
1400 4031 1551 4113 quintum
1576 4028 1655 4093 deoi-

457 4158 554 4201 mum
584 4135 740 4200 ultimum
771 4136 869 4201 fuisse
892 4133 1099 4202 Garneorum.
1125 4133 1208 4201 (lum
1233 4155 1309 4199 vero
1333 4155 1390 4218 per
1410 4135 1503 4198 ferias
1526 4155 1654 4199 novem·

458 4240 562 4305 diales
591 4241 668 4305 deus
690 4240 858 4318 coleretur,
883 4246 1013 4326 apparet
1036 4262 1089 4305 sex
1114 4242 1228 4324 primis
1252 4239 1364 4303 diebus
1388 4242 1506 4304 mensis
1530 4262 1587 4325 per
1609 4261 1655 4304 re·
1745 4258 1747 4262 ·

454 4347 616 4433 ligionem
636 4345 719 4411 nihil
738 4348 897 4413 obstitisse
917 4349 1088 4432 quominus
1108 4345 1351 4411 Lacedaemonii
1371 4353 1535 4410 sumerent
1554 4367 1652 4411 arma.

507 4453 572 4529 „At
607 4452 735 4516 obstant
768 4455 866 4517 stiam
897 4451 980 4517 alter
1010 4451 1167 4517 Herodoti
1204 4451 1309 4527 locus,
1335 4452 1430 4516 verba
1458 4451 1652 4528 Pausaniae,

449 4557 645 4627 scholiastae
680 4558 893 4623 observatio.”
929 4558 1001 4623 Non
1037 4558 1145 4637 credo;
1179 4557 1294 4621 οναίίιινιι
1328 4559 1414 4622 enim
1446 4559 1653 4622 nominarunt

490 4786 519 4849 1)
540 4786 573 4833 Dc
593 4784 684 4834 Herod.
702 4783 758 4834 mal.
776 4784 817 4833 20.
