4525 5950
638 674 681 739 54
1165 694 1307 743 6666666.

683 857 823 923 Η666166
853 860 930 924 1666
962 859 1001 924 ad
1033 865 1171 924 ceteram
1194 861 1408 925 narrationem
1432 860 1584 946 quadrat,
1609 860 1662 926 vel
1689 897 1735 910 —-
1759 880 1836 925 nam

636 966 696 1031 hoc
731 969 875 1050 primum
906 966 1071 1031 videamus
1104 1005 1146 1014 -
1178 969 1240 1052 ipsi
1276 968 1338 1045 rei,
1376 966 1414 1031 de
1447 987 1509 1051 qua
1541 969 1662 1053 agitur,
1698 980 1837 1032 naturae

636 1069 824 1158 respondet?
849 1072 918 1139 Non
944 1076 1064 1158 opinor.
1090 1072 1218 1158 Siquis
1242 1094 1336 1159 aeger
1359 1095 1416 1158 pro
1440 1081 1524 1138 certo
1547 1074 1649 1138 credit
1668 1095 1840 1139 venenum

635 1179 697 1242 sibi
729 1178 857 1255 datum,
890 1180 1027 1245 aliamve
1060 1180 1099 1244 ob
1131 1201 1261 1244 causam
1290 1201 1480 1265 persuasum
1510 1181 1573 1244 sibi
1605 1180 1705 1245 habet
1740 1180 1781 1245 de
1807 1203 1840 1245 se

637 1292 745 1350 actum
769 1307 852 1361 esse,
876 1289 961 1350 irriti
985 1300 1060 1351 sunt
1084 1287 1283 1352 medicorum
1307 1295 1456 1363 conatus,
1481 1294 1555 1366 661,
1578 1290 1697 1352 eiiam
1719 1309 1842 1353 recrea-

639 1403 692 1455 tur
714 1413 817 1478 aeger,
849 1391 952 1458 multo
975 1392 1094 1458 lentius
1118 1392 1202 1458 illud
1226 1393 1262 1457 fit
1286 1393 1509 1478 difficiliusque
1533 1415 1630 1479 quam
1655 1398 1685 1458 si
1712 1398 1842 1481 optima

638 1520 780 1584 quaeque
804 1498 842 1563 de
865 1521 976 1564 eorum
1000 1506 1067 1565 arte
1087 1508 1202 1585 speret.
1228 1499 1289 1565 Sed
1309 1500 1355 1563 oia
1373 1501 1478 1565 morbi
1498 1503 1583 1564 tristi
1602 1499 1659 1565 illa
1681 1505 1842 1587 opinione

637 1627 699 1670 non
731 1613 878 1692 augetur,
916 1627 989 1672 nam
1020 1607 1122 1672 sicubi
1151 1605 1210 1672 illa
1242 1629 1304 1672 666
1333 1606 1466 1691 legitur,
1499 1611 1692 1692 praesertim
1727 1609 1842 1675 addito

638 1712 796 1778 adiectivo
828 1735 926 1791 66666,
958 1713 995 1779 de
1022 1713 1123 1795 66166
1156 1715 1261 1778 morbi
1291 1713 1403 1796 impetu
1433 1716 1625 1799 cogitamus.
1662 1715 1844 1780 Praeterea

639 1822 728 1905 prius
759 1818 888 1884 edocere
919 1819 1062 1905 legentes
1094 1840 1223 1884 saevam
1253 1822 1320 1884 vim
1352 1821 1456 1884 morbi
1478 1820 1594 1897 fuisse,
1620 1828 1697 1885 tum
1724 1822 1845 1887 addere

640 1926 716 2011 quid
740 1947 809 1990 eam
833 1929 957 1991 auxerit
980 1930 1095 2003 etiam,
1119 1932 1259 2011 praestat
1283 1947 1379 2011 quam
1399 1926 1477 1992 duas
1496 1927 1589 1992 hasce
1610 1948 1659 1992 res
1682 1931 1721 1992 in
1741 1951 1845 1995 unam

639 2033 822 2097 contrahere
846 2033 1079 2098 sententiolam.
1102 2033 1174 2098 Non
1195 2054 1273 2119 ergo
1293 2035 1361 2098 sine
1381 2054 1474 2098 causa
1494 2035 1633 2117 suspicio
1654 2035 1747 2100 mibi
1769 2047 1847 2101 nata

639 2146 686 2203 est
710 2141 872 2225 scripsisse
895 2137 1061 2203 Tacitum:
1089 2159 1204 2217 ,saeva
1228 2141 1278 2203 vis
1302 2139 1405 2203 morbi
1429 2140 1567 2225 augebat
1590 2145 1845 2224 persuasionem

639 2248 752 2309 veneni
772 2265 790 2308 a
810 2245 925 2309 Pisone
945 2245 1097 2330 accepti.”
1123 2244 1193 2310 Hoc
1212 2243 1316 2309 multo
1338 2242 1454 2309 melius
1473 2267 1547 2310 cum
1567 2247 1845 2330 praecedentibus

642 2354 796 2416 concinit:
829 2354 895 2415 iam
919 2360 1011 2416 antea
1034 2374 1192 2417 venenum
1217 2351 1278 2415 sibi
1302 2373 1320 2416 a
1345 2351 1460 2416 Pisone
1484 2352 1596 2417 datum
1620 2362 1652 2418 et
1678 2357 1757 2440 ipse
1782 2379 1847 2422 cre

641 2458 764 2523 diderat
793 2455 1004 2523 Germanicus
1027 2468 1059 2524 et
1081 2463 1194 2524 'amicis
1217 2458 1357 2536 dixerat,
1384 2468 1456 2523 tum
1480 2481 1554 2525 vero
1578 2463 1647 2545 ipsa
1673 2465 1789 2529 morbi
1813 2485 1848 2530 ea

641 2574 709 2630 erat
733 2565 933 2630 vehementia
957 2573 994 2630 ut
1017 2568 1124 2651 opinio
1148 2568 1226 2642 ista,
1251 2587 1331 2650 quae
1354 2566 1448 2651 paulo
1471 2573 1580 2644 antea,
1606 2585 1758 2635 recreato
1779 2574 1845 2637 iam

642 2669 852 2749 Germanico,
882 2675 916 2735 in
947 2676 1124 2759 praesentia
1156 2671 1359 2758 elanguerat,
1392 2694 1475 2737 nova
1506 2676 1540 2739 vi
1570 2686 1776 2761 resurgeret.
1803 2678 1844 2742 llt

643 2779 716 2843 vide
739 2799 836 2863 quam
859 2781 989 2865 egregie
1012 2801 1097 2844 nunc
1119 2782 1284 2863 sequentia
1308 2786 1527 2857 annectantur,
1548 2800 1646 2866 quae,
1670 2786 1702 2846 61
1725 2785 1843 2850 tradita

643 2887 799 2949 retinetur
839 2884 951 2961 lectio,
985 2888 1041 2950 vix
1076 2885 1252 2971 quidquam
1288 2906 1350 2970 666
1385 2886 1562 2950 referantur
1595 2887 1742 2954 habent:
1788 2903 1843 2968 ,et

643 2993 883 3078 reperiebantur
913 2991 979 3057 6616
1010 3013 1045 3058 66
1077 2994 1253 3078 parietibus
1284 3000 1392 3057 erutae
1425 2994 1642 3058 humanorum
1667 3018 1840 3083 corporum

643 3098 810 3183 reliquiae,
843 3102 984 3164 carmina
1015 3107 1047 3164 et
1078 3100 1262 3165 devotiones
1286 3119 1313 3164 e.
1327 3121 1356 3184 q.
1370 3098 1417 3164 s.’'
1445 3102 1467 3163 i.
1487 3121 1514 3164 e.
1538 3102 1670 3186 iamque
1696 3105 1840 3170 6616616-

642 3205 789 3270 valuerat
818 3205 876 3270 illa
906 3208 1066 3291 persuasio
1094 3213 1131 3270 ut
1155 3212 1241 3271 certa
1263 3206 1390 3271 sceleris
1413 3209 1679 3291 conquirerentur
1703 3211 1836 3287 indicia,

644 3332 782 3395 moxque
806 3332 916 3376 revera
939 3314 1069 3376 inventa
1093 3333 1130 3377 ea
1154 3319 1238 3376 sunt.

690 3525 727 3587 A.
752 3522 809 3600 Ill,
836 3520 887 3587 67.
923 3521 957 3589 0.
990 3522 1136 3600 Silanus,
1162 3546 1217 3609 pro
1241 3522 1370 3592 consule
1394 3526 1488 3589 Asiae
1512 3526 1769 3610 repetundarum
1794 3549 1835 3593 ac
1881 3569 1882 3614 p

643 3636 786 3707 casatur;
807 3632 920 3714 ingens
940 3637 988 3693 est
1007 3637 1228 3694 accusatorum
1248 3650 1416 3708 numerus,
1438 3650 1575 3714 quorum
1588 3629 1641 3695 vel
1657 3637 1833 3699 maximam
1880 3623 1882 3668 t

643 3737 762 3802 habent
784 3739 1008 3801 auctoritatem
1032 3739 1099 3820 ipse
1120 3734 1222 3800 Silani
1242 3744 1389 3821 quaestor
1408 3742 1440 3801 et
1459 3735 1601 3821 legatus;
1623 3741 1704 3822 quin
1725 3761 1833 3805 nocens
1880 3747 1882 3806 1

648 3850 730 3909 66661
754 3865 825 3908 6666
848 3843 990 3907 dubitari
1012 3865 1074 3908 non
1098 3850 1239 3927 poterat:
1880 3847 1882 3882 1

695 3949 778 4026 „Sed
802 3949 905 4013 multa
926 3949 1157 4035 adgerebantur
1176 3952 1275 4014 etiam
1294 3950 1472 4013 1666611166
1492 3948 1671 4033 periculosa
1778 3974 1834 4016 non

649 4064 844 4142 temperante
874 4055 999 4121 Tiberio
1030 4059 1106 4140 quin
1143 4066 1302 4140 premeret
1334 4077 1410 4120 6666
1441 4054 1553 4133 66116,
1585 4077 1621 4120 66
1653 4058 1740 4142 6661
1774 4062 1836 4144 ipse

648 4166 836 4229 creberrime
858 4163 1093 4247 interrogabat,
1118 4184 1219 4248 neque
1244 4160 1386 4227 refellere
1409 4169 1465 4227 aut
1488 4161 1614 4227 eludere
1638 4162 1809 4229 dabatur.”

695 4269 789 4348 Quis,
832 4289 964 4353 quaeso,
1005 4269 1191 4353 prohibebat
1225 4271 1394 4353 quominus
1428 4267 1555 4332 Silanus
1590 4267 1752 4335 refelleret
1786 4279 1837 4335 aut

650 4374 792 4440 eluderet
815 4371 1087 4460 interrogantem?
1110 4373 1199 4459 lpse,
1225 4382 1261 4438 ut
1283 4378 1404 4459 opinor,
1428 4377 1483 4459 qui
1506 4377 1737 4460 interrogabat.
1763 4375 1837 4441 'Pam

650 4484 775 4547 crebrae
807 4491 896 4546 erant
919 4485 987 4546 eius
1012 4484 1212 4566 quaestiones
1237 4491 1275 4544 ut
1299 4481 1434 4545 verbum
1457 4483 1658 4565 interponere
1683 4502 1759 4547 rsus
1782 4504 1837 4547 non

651 4596 769 4673 posset,
791 4592 836 4652 ita
854 4588 1101 4652 enuntiabantur
1119 4594 1156 4651 nt
1170 4588 1258 4651 brevi
1271 4585 1473 4671 simplicique
1485 4608 1564 4671 opus
1576 4595 1657 4652 esset
1671 4607 1836 4674 responso:

652 4695 801 4759 eludendi
835 4694 1020 4759 facultatem
1057 4716 1109 4760 reo
1145 4694 1238 4779 plane
1274 4694 1435 4758 adimebat
1469 4692 1625 4759 Tiberius.
1661 4693 1837 4760 Lenissima

654 4824 729 4888 ergo
753 4802 973 4867 emendatione
997 4823 1053 4887 pro
1076 4804 1205 4865 dedatur
1227 4801 1298 4886 lege
1322 4802 1428 4865 dohet:
1451 4800 1541 4864 nulla
1559 4810 1607 4864 est
1626 4804 1659 4865 in
1679 4803 1836 4868 codicibus
