4525 5950
656 676 720 743 104
1046 693 1202 742 amamus
1224 692 1438 741 armacenos.

703 860 867 927 Sententia
898 862 975 927 haec
1005 882 1071 927 esse
1102 861 1248 927 videtur:
1279 860 1358 926 'Pam
1390 882 1505 947 param
1534 859 1680 946 placebat
1703 857 1836 923 barbaris

656 991 808 1034 numerus
827 990 921 1046 suns,
943 977 1010 1034 tam
1028 990 1144 1054 parum
1165 968 1281 1034 fiducia
1300 971 1436 1045 vinnm,
1456 977 1494 1032 nt
1514 968 1713 1053 ubicumque
1732 962 1838 1032 Oeen

654 1084 752 1153 esset,
776 1077 839 1140 sibi
861 1074 954 1161 plane
978 1074 1165 1140 diffiderent.

700 1182 760 1248 Sed
783 1182 882 1247 latine
905 1183 963 1248 hoo
988 1182 1122 1247 dieitur:

703 1288 805 1367 „nihil
826 1292 859 1353 in
883 1310 916 1354 se
938 1292 1033 1374 (spei)
1056 1289 1264 1374 reponerent”

699 1403 737 1459 ut
767 1398 886 1480 passim
917 1395 1034 1460 dieitur
1059 1418 1139 1477 spem
1170 1417 1310 1478 reponere
1340 1395 1373 1458 in
1396 1394 1498 1480 atiquo
1521 1397 1589 1459 sive
1612 1393 1647 1456 in
1673 1393 1780 1478 alique
1801 1416 1838 1457 re.

654 1500 717 1566 sie.
741 1523 771 1566 v.
784 1523 811 1566 e.
835 1501 949 1567 Livius
972 1501 986 1566 Ι
1011 1500 1054 1566 49
1079 1502 1130 1581 (es.
1156 1502 1198 1566 ib.
1222 1499 1840 1584 1139)nititepeiiueariteteeioieu

656 1628 808 1689 reponere;
834 1605 900 1673 cie.
924 1606 1017 1673 Tuse.
1042 1606 1067 1671 V
1094 1606 1146 1685 12,
1161 1607 1203 1672 36
1228 1630 1337 1671 omuenr
1356 1631 1436 1690 spem
1458 1607 1492 1670 in
1514 1630 1555 1672 ee.

701 1713 770 1778 lam
800 1714 972 1779 Heinsium
1002 1714 1088 1780 idem
1121 1717 1282 1779 monuisse
1312 1736 1396 1778 nune
1429 1736 1480 1780 me
1502 1713 1592 1779 docet
1614 1712 1770 1790 Damstd,
1794 1711 1843 1778 sed

655 1822 730 1904 qnia
752 1827 838 1886 oerta
861 1820 990 1886 videtur
1012 1820 1209 1897 emendatio,
1234 1823 1354 1905 scripta
1376 1836 1438 1886 n'on
1460 1819 1559 1885 deleo.

702 2038 744 2104 11·
757 2037 821 2105 120
845 2038 894 2124 §3
919 2045 999 2105 extr.
1023 2048 1092 2103 suut
1115 2047 1213 2104 temen
1237 2040 1289 2125 qui
1312 2047 1346 2104 ut
1369 2041 1450 2103 niuea
1473 2040 1509 2103 eb
1532 2061 1564 2103 ee
1583 2039 1634 2117 (L.
1657 2040 1844 2125 Asprenate)

659 2146 833 2224 vindicatos,
852 2147 897 2210 ite
917 2147 1116 2230 lupuleterum
1136 2151 1188 2211 eud
1206 2148 1235 2212 V
1231 2171 1285 2212 ore
1304 2155 1447 2229 oeeupete
1464 2146 1648 2210 credideriut
1659 2145 1844 2228 patrimonio

657 2254 905 2338 hereditatemque
927 2254 1016 2318 eeeu'u'
1038 2255 1202 2332 exereitus,
1223 2256 1256 2319 in
1276 2261 1417 2340 quautam
1436 2253 1590 2332 voluerit,
1610 2255 1648 2316 eb
1669 2276 1704 2317 eo
1725 2254 1844 2317 aditum

702 2357 892 2445 Recipienda
915 2368 963 2425 est
986 2359 1097 2445 procul
1117 2361 1214 2426 dubio
1234 2371 1319 2426 certa
1338 2360 1443 2445 Lipsii
1462 2358 1641 2425 emendatio
1663 2359 1844 2436 „valuerit”

657 2486 715 2549 pro
745 2466 881 2531 absurdo
907 2466 1099 2544 „voluerit”.
1131 2463 1282 2532 Ceterum
1305 2487 1394 2532 mera
1415 2466 1493 2531 haee
1517 2465 1645 2530 videtur
1667 2464 1844 2541 ealnmnis;

660 2591 734 2635 nam
756 2573 873 2657 quibus
897 2572 1025 2638 tandem
1047 2574 1171 2638 artibus
1195 2575 1353 2659 Asprenas
1376 2580 1503 2638 tantum
1523 2573 1646 2638 faeinus
1666 2581 1846 2659 perpetrare

658 2682 815 2764 potnerit,
839 2679 1023 2765 perdifficile
1046 2679 1135 2745 diotu
1158 2686 1215 2745 est.

701 2881 735 2947 11
762 2883 824 2947 123
848 2890 928 2948 extr.
959 2883 1116 2951 Seribitur
1147 2885 1186 2951 de
1217 2889 1384 2972 Augusto:
1416 2888 1449 2949 in
1481 2905 1539 2949 sua
1568 2882 1736 2950 resolutus
1759 2887 1846 2950 initia

659 2991 796 3074 Pompeio
825 2992 1012 3077 Apuleioque
1034 2994 1202 3058 comtum
1223 2993 1436 3077 septuepeeime
1460 2999 1488 3056 et
1511 2999 1593 3056 seete
1614 3014 1695 3056 euno
1722 2995 1845 3057 euim

661 3099 810 3162 caelestem
834 3100 887 3161 deo
910 3100 1056 3164 reddidit.

704 3204 792 3269 Num
816 3207 919 3290 prima
943 3206 1039 3270 verba
1064 3209 1117 3283 „in
1131 3207 1298 3271 -initia’'
1323 3204 1511 3291 explicanda
1533 3210 1609 3269 sunt
1627 3225 1646 3269 e
1666 3203 1846 3272 Stoicorum

658 3311 816 3388 doctrina,
848 3315 900 3376 eui
930 3312 1061 3377 fortasse
1092 3312 1237 3377 addictus
1264 3313 1327 3378 iuit
1351 3308 1509 3377 Velleius?
1540 3309 1589 3377 cf.
1622 3311 1670 3375 M.
1696 3314 1846 3379 Antonini

659 3418 701 3481 rel
725 3419 767 3488 εἰς
793 3418 898 3482 ἑαυτόν
922 3417 954 3482 ll
977 3416 1017 3482 17
1038 3425 1118 3484 extr.
1146 3420 1194 3482 ἐπὶ
1216 3424 1294 3483 πᾶσι
1317 3419 1348 3483 δὲ
1367 3420 1419 3482 τὸν
1440 3418 1568 3482 θάνατον
1588 3416 1659 3498 ἵλεῳ
1679 3430 1721 3498 τῇ
1744 3424 1845 3497 γνώμῃ

659 3525 877 3602 περιμένοντα,
902 3527 938 3593 ὡς
965 3526 1046 3590 οὐδὲν
1070 3524 1151 3590 ἄλλο
1178 3527 1193 3600 ἢ
1219 3527 1306 3591 λύσιν
1331 3532 1387 3590 τῶν
1411 3526 1581 3606 στοιχείων,
1607 3524 1641 3601 ἐξ
1660 3522 1699 3590 ὦν
1722 3523 1845 3590 ἕκαστον

660 3631 730 3713 ζῷον
755 3632 962 3710 συγκρίνεται.

704 3853 735 3918 11
762 3853 824 3918 129
847 3853 908 3939 §3.
932 3877 1019 3939 quem
1041 3853 1127 3916 illum
1151 3852 1413 3933 (Maroboduum)
1436 3858 1470 3915 ut
1492 3852 1644 3930 honerate,
1670 3854 1768 3929 (sic)
1793 3871 1844 3917 nee

658 3983 758 4024 eeeure
781 3960 911 4024 eeutu'uet
935 3959 1119 4038 (Tiberius).

706 4066 755 4131 lta
777 4066 884 4131 addita
908 4066 945 4130 de
969 4087 1026 4130 suo
1051 4064 1165 4130 voeula
1187 4066 1232 4128 ee'e
1254 4064 1353 4130 edidit
1372 4062 1466 4128 Ellis.
1489 4062 1646 4148 Equidem
1669 4062 1788 4129 melius
1807 4067 1847 4128 in·

661 4171 814 4257 tallegam
838 4172 1014 4237 Burmanni
1039 4171 1137 4248 „nec”
1161 4174 1195 4235 in
1217 4171 1303 4248 „sie”
1324 4171 1481 4235 mutantis
1500 4170 1744 4234 correctionem.
1769 4169 1848 4236 Nam

662 4300 741 4363 quae
772 4282 814 4343 sit
843 4278 963 4343 'liberii
994 4278 1064 4343 laus
1094 4301 1153 4341 uon
1183 4300 1284 4341 eeeure
1313 4278 1506 4341 continentis
1538 4273 1779 4342 Maroboduum
1801 4298 1848 4342 me

662 4385 752 4449 latet.
