4525 5950
965 695 1129 744 nunnius.
1570 676 1639 742 253

493 864 550 942 ΠΙ,
577 863 628 929 ll.
653 861 690 927 In
710 864 843 928 civitate
865 859 1061 938 Thessaliae,
1086 881 1149 947 quo
1172 859 1291 926 Lucius
1313 861 1459 940 devenit,
1479 882 1549 927 mos
1571 867 1640 927 erat

446 970 505 1036 deo
539 970 631 1036 Risui
667 990 722 1056 per
755 988 861 1034 annua
893 965 1085 1032 reverticula
1114 965 1312 1032 sollemniter
1339 966 1497 1034 celebrare
1529 966 1639 1033 lasum

445 1098 572 1162 semper
602 1078 776 1142 commenti
811 1076 955 1139 novitate
978 1073 1206 1139 florescentem.
1232 1072 1333 1140 Cuius
1356 1072 1446 1139 lusus
1470 1077 1640 1140 victimam

444 1185 567 1249 sactum
602 1184 763 1269 hospitem
797 1202 893 1246 suum
930 1185 1040 1265 postea
1074 1179 1276 1246 consolantur
1311 1184 1521 1267 magistratus
1553 1181 1639 1246 hisce

446 1292 568 1357 verbis:
607 1290 672 1354 Ictc
702 1291 775 1353 douc
804 1295 950 1352 auctorem
965 1284 990 1367 ¹)
1019 1310 1104 1351 cuum
1129 1288 1286 1370 propitius
1315 1289 1422 1374 ubique
1450 1289 1639 1367 comitabitur

446 1405 590 1461 amanter.
615 1395 699 1463 (lum
723 1402 831 1461 tamen
854 1415 1042 1459 moneamur
1065 1397 1098 1459 in
1123 1394 1228 1460 codice
1252 1393 1277 1458 F
1301 1398 1456 1480 scriptum
1478 1416 1546 1461 esse
1569 1419 1638 1459 auc-

445 1511 537 1567 torem
556 1510 584 1566 et
607 1525 714 1579 aorem,
740 1501 863 1567 duobus
887 1499 1013 1565 ultimis
1036 1499 1200 1566 vocabulis
1224 1508 1333 1585 postea
1355 1504 1638 1588 expunctie‚·con-

443 1609 649 1674 siderandum
684 1615 732 1672 est
766 1623 845 1672 num
875 1605 1034 1692 Apuleius
1064 1609 1244 1694 scripserit:
1275 1615 1422 1672 auctorem
1453 1615 1482 1672 ct
1511 1616 1637 1673 morem

441 1737 536 1780 cuum.
571 1714 667 1779 Haud
698 1713 782 1779 male
813 1715 900 1779 onim
924 1712 1044 1779 Lucius
1067 1715 1150 1778 risus
1172 1735 1236 1778 non
1259 1721 1370 1779 auctor
1393 1717 1639 1795 tantummodo,

442 1822 499 1887 sed
532 1824 632 1886 etiam
668 1827 756 1886 actor
789 1820 824 1884 id
859 1826 908 1885 eet
939 1821 1099 1898 ὑποκριτής
1132 1819 1302 1885 diceretur.
1335 1818 1420 1885 Satis
1453 1828 1566 1887 notum
1590 1828 1640 1888 est

446 1933 570 1994 veteres
601 1929 769 2013 scriptores
799 1929 885 1992 inter
915 1947 948 1991 se
980 1925 1101 1991 similia
1123 1926 1278 1992 vocabula
1302 1926 1410 2011 qualia
1432 1935 1507 1993 sunt
1530 1939 1641 1996 auctor

446 2040 479 2097 et
502 2041 588 2099 actor
612 2033 748 2099 libenter
771 2035 959 2099 consociare.
984 2029 1033 2100 of.
1058 2029 1123 2100 Oic.
1148 2054 1205 2120 pro
1230 2031 1311 2099 Soet.
1336 2033 1427 2118 §612
1452 2037 1514 2099 dac
1536 2044 1639 2100 aucta
1753 2116 1759 2133 „

442 2148 526 2204 actor
547 2141 672 2203 ithacam
694 2161 806 2218 rerum
837 2138 916 2225 Nep.
941 2140 1009 2205 Att.
1036 2139 1066 2217 3,
1080 2140 1117 2205 2:
1141 2141 1220 2203 huuc
1243 2140 1320 2205 caim
1342 2141 1376 2204 ia
1399 2141 1477 2205 mut
1493 2165 1640 2225 procura·

444 2247 527 2310 tione
550 2247 733 2330 reipublicae
756 2253 882 2310 actorem
906 2253 1110 2332 auctoremque
1132 2247 1287 2313 ladedaut.

492 2467 549 2544 ΙΙΙ,
569 2467 623 2531 24.
647 2465 767 2532 Lucius
787 2475 956 2552 postquam
976 2465 1060 2531 vidit
1082 2465 1273 2551 Pamphilen
1292 2467 1476 2553 unguedine
1497 2467 1637 2553 quadam

442 2573 563 2640 illitam
587 2578 621 2640 in
645 2575 804 2640 bubonem
823 2576 962 2652 mutari,
980 2573 1067 2638 idern
1085 2576 1119 2638 in
1140 2595 1173 2638 se
1192 2575 1261 2659 ipso
1280 2576 1417 2659 experiri
1437 2575 1638 2662 aggreditur.

443 2678 568 2747 Cuncta
590 2684 694 2767 igitur
718 2683 858 2766 corporis
881 2682 933 2745 sni
956 2681 1102 2745 membra
1125 2700 1158 2744 se
1181 2680 1366 2765 perfricasse
1385 2689 1492 2746 narrat
1512 2681 1639 2767 iamque,

442 2790 564 2873 iuquit,
586 2787 713 2851 alternis
731 2786 884 2851 conatibus
904 2786 1026 2850 t‘drata'c
1038 2787 1186 2850 bracchiis
1197 2785 1228 2849 ia
1243 2808 1324 2850 auem
1335 2787 1461 2851 amitant
1470 2787 1639 2869 gestiebam.

444 2895 530 2960 Mire
561 2893 686 2959 dictum
716 2893 799 2958 illud
826 2893 938 2976 partire
961 2893 994 2956 iu
1017 2916 1109 2958 avem.
1139 2892 1204 2958 Nec
1228 2893 1377 2960 Bursiani
1400 2915 1474 2959 vera
1497 2901 1547 2959 est
1571 2915 1641 2960 con·

443 3006 584 3067 iectura:
608 3003 642 3065 ta
665 3024 745 3066 auem
768 3001 909 3065 simutari
928 3000 1105 3083 partiatum,
1125 3000 1285 3086 siquidem
1305 3022 1362 3087 per
1385 3022 1479 3068 avem
1498 3001 1640 3068 similem

441 3115 529 3174 recte
560 3108 644 3173 bubo
673 3108 731 3173 ille
762 3107 936 3193 significari
968 3107 1106 3184 ridetur,
1138 3110 1172 3171 in
1195 3128 1291 3192 quem
1315 3108 1484 3194 Pamphile
1507 3109 1638 3175 abierat.

443 3215 515 3280 Nisi
539 3213 643 3292 fallor,
668 3214 721 3279 hic
743 3235 868 3300 quoque
892 3213 1010 3279 excidit
1032 3216 1064 3278 in
1089 3213 1249 3280 codicibus
1272 3216 1425 3293 verbum,
1450 3215 1535 3301 quod
1555 3238 1638 3282 nunc

442 3343 538 3410 aegre
571 3322 806 3400 desideramus,
837 3324 1027 3407 scripsitque
1057 3320 1233 3407 Apuleius:
1262 3322 1295 3385 ia
1318 3325 1398 3385 auem
1419 3322 1545 3386 iimitem
1570 3334 1639 3399 <aa
1721 3384 1724 3391 .

434 3423 598 3515 formari)
628 3429 804 3511 partiatum,
838 3435 875 3492 ut
907 3429 1042 3493 verbum
1074 3430 1233 3504 inseram¹
1257 3448 1319 3514 quo
1343 3431 1479 3515 scriptor
1501 3437 1533 3494 et
1556 3430 1635 3495 alibi

445 3544 477 3603 et
500 3539 533 3601 in
557 3536 607 3600 his
630 3537 709 3621 ipsis
732 3537 892 3621 capitibus
915 3534 1106 3621 aliquotiens
1131 3537 1244 3599 utitur.

489 3754 542 3833 IV,
568 3755 622 3820 25.
648 3753 780 3821 Vetulae
804 3754 931 3820 cuidam
955 3753 1065 3840 puella
1087 3775 1105 3819 a
1123 3753 1304 3820 latronibus
1322 3761 1413 3840 rapta
1431 3755 1637 3822 custodienda

443 3860 543 3925 simul
569 3869 602 3927 at
634 3860 798 3927 blanditiis
828 3860 1015 3927 deleniendo
1042 3861 1190 3926 traditur.
1223 3860 1309 3942 Quae
1340 3867 1448 3927 tamen
1477 3883 1513 3928 eo
1537 3884 1638 3948 usque

444 3976 564 4033 sortem
588 3990 679 4033 suam
703 3967 873 4035 lamentari
896 3971 1021 4054 pergit,
1047 3969 1144 4034 donec
1168 3968 1296 4033 tandem
1313 3970 1458 4054 satiputa
1477 3980 1638 4036 marceutec

443 4075 544 4139 oculos
574 4076 694 4139 demisit
726 4078 768 4140 ad
797 4098 938 4159 soporem.
963 4079 1010 4139 Aa
1035 4076 1210 4140 commodum
1234 4076 1396 4154 coniceret,
1421 4100 1474 4141 uec
1496 4078 1551 4141 diu
1573 4102 1637 4143 oum

441 4188 564 4264 repeute
595 4181 774 4266 tymphatico
805 4183 869 4246 ritu
900 4204 998 4246 couuo
1028 4203 1148 4245 reuoca
1172 4182 1291 4257 <denuo
1318 4182 1467 4264 plorare>
1493 4183 1637 4270 toapequc

442 4288 641 4352 vehementius
677 4290 836 4372 adflictare
870 4311 932 4352 cece
1034 4287 1153 4370 incipit.
1189 4285 1291 4353 Verba
1322 4308 1404 4374 quae
1434 4296 1510 4354 sunt
1539 4291 1635 4354 denuo

437 4395 566 4478 plorare
595 4396 731 4459 inseruit
760 4393 897 4461 Vliatius
927 4395 1023 4481 idque
1054 4397 1176 4480 optimo
1207 4396 1295 4473 iure,
1329 4416 1405 4460 cum
1427 4396 1635 4462 manifestum

444 4503 489 4565 sit
518 4503 551 4564 in
583 4501 689 4565 verbis
720 4501 847 4566 traditis
879 4501 1050 4566 desiderari
1081 4501 1239 4566 eiusmodi
1264 4501 1397 4587 aliquid.
1421 4500 1534 4568 uidem
1559 4524 1635 4569 vero

441 4628 517 4671 cum
547 4606 797 4692 Eyssenhardtio
828 4607 976 4674 voculam
1010 4631 1050 4671 au
1080 4608 1264 4673 excludenti
1295 4611 1430 4674 minima
1461 4611 1631 4686 assentior;

480 4833 506 4895 l)
530 4831 586 4880 Non
603 4835 667 4880 recta
684 4830 755 4895 vulgo
772 4830 861 4895 legitur
877 4837 903 4880 ct
920 4837 1048 4881 amum.
1067 4831 1103 4880 (tt.
1126 4832 1241 4890 vitalina.
1261 4834 1354 4882 tinam.
1374 4833 1438 4886 ltt't
1456 4849 1479 4899 p.
1497 4833 1553 4883 805.
