4525 5950
974 692 1127 741 consona.
1580 672 1646 738 229

453 863 545 942 paret
579 878 596 921 e
631 855 753 923 scholio
790 861 934 942 sequenti
966 857 1032 937 (2):
1069 857 1235 923 Sententia
1269 856 1437 937 παράδοξος
1474 863 1507 923 et
1542 860 1646 944 magis
1675 944 1677 946 .

453 963 581 1028 theatro
613 970 687 1048 apta
718 984 815 1048 quam
848 963 966 1042 officio,
999 963 1036 1029 de
1069 985 1132 1049 qua
1163 962 1291 1029 'Pullius
1322 962 1427 1029 multa
1457 963 1555 1029 dixit.

452 1069 605 1135 Scholion
628 1069 693 1150 (3):
721 1071 923 1147 »ἀμφίβολος
957 1073 1115 1136 sententia
1146 1076 1177 1136 et
1210 1070 1381 1155 probabilis
1412 1073 1517 1157 magis
1549 1092 1645 1156 qnam

451 1179 631 1241 necessaria
659 1183 716 1242 aut
747 1176 914 1254 honesta’·',
948 1185 1109 1242 auctorem
1142 1177 1257 1243 habere
1287 1176 1413 1242 debebit
1441 1177 1480 1241 eb
1510 1183 1646 1264 utroque

453 1281 637 1358 diversum,
671 1282 754 1366 quod
786 1281 857 1348 ideo
882 1303 1013 1358 moneo,
1039 1285 1115 1366 quia
1139 1281 1255 1367 reliqui
1278 1284 1427 1368 magistri
1451 1302 1520 1347 raro
1544 1284 1647 1348 obser·

454 1388 640 1452 sationibus
663 1389 777 1453 ethicis
801 1409 930 1472 operam
955 1388 1120 1454 dederunt.

501 1493 562 1558 Sed
585 1494 662 1579 quid
686 1494 865 1560 faciendum
890 1502 938 1560 est
961 1494 1080 1561 scholio
1104 1501 1188 1579 quod
1212 1494 1383 1560 decadem
1407 1516 1440 1560 re
1463 1494 1584 1582 legitur
1606 1496 1646 1562 ad

450 1622 502 1666 vs.
530 1598 594 1664 40?
627 1600 854 1685 „improbatur
885 1622 903 1667 a
934 1602 1131 1686 sapientibus
1162 1601 1239 1666 haec
1263 1604 1437 1680 sententia,
1462 1622 1537 1667 nam
1560 1603 1646 1668 obse

450 1709 569 1793 quium
600 1708 781 1772 adsentator
810 1708 920 1782 debet,
951 1710 1073 1772 amicus
1097 1710 1286 1786 veritatem3
1319 1707 1373 1772 sed
1396 1711 1429 1772 in
1454 1709 1577 1774 theatro
1600 1709 1646 1774 di·

449 1816 548 1890 citur,
572 1835 635 1878 non
659 1816 692 1877 in
718 1810 870 1879 echola''?

501 1916 658 1985 Convenit
681 1918 745 1983 fere
769 1940 844 1983 cum
867 1917 1005 1995 scholio,
1030 1918 1115 2004 quod
1135 1918 1259 1984 Donato
1279 1918 1445 2006 adsignari
1464 1918 1523 2000 (2).
1548 1919 1646 1986 Datne

450 2025 550 2089 huius
573 2023 740 2110 ampliatio
764 2025 803 2089 ab
827 2023 891 2090 alio
915 2024 1017 2090 denuo
1042 2022 1219 2110 magistro?
1242 2025 1364 2090 Locum
1388 2027 1527 2111 agitasse
1551 2028 1645 2091 inter·

448 2139 557 2218 protes
589 2130 785 2197 demonstrat
816 2131 977 2196 adnotatio
1009 2130 1190 2217 Engraphii
1219 2132 1257 2196 ab
1286 2130 1353 2196 illis
1376 2131 1478 2197 denno
1501 2132 1643 2197 diversa:

450 2238 534 2317 „hoc
566 2236 730 2324 tempore”
764 2244 825 2316 (vs.
851 2237 908 2317 40)
940 2238 1022 2301 mihi
1046 2237 1176 2302 videtur
1198 2237 1238 2303 ad
1261 2240 1370 2302 omnia
1393 2244 1538 2323 tempora
1561 2259 1646 2324 spec

448 2344 604 2420 tandum;
631 2365 789 2429 nusquam
813 2347 900 2409 enim
925 2365 986 2408 non
1009 2343 1095 2409 valet
1117 2347 1180 2410 ista
1203 2347 1371 2410 sententia.
1441 2344 1520 2409 Vide
1544 2348 1643 2410 etiam

447 2450 614 2516 Donatum
649 2460 828 2537 opportuna
858 2448 1137 2535 philosophantem
1167 2451 1205 2515 de
1240 2451 1300 2515 hoc
1336 2451 1451 2536 adagio
1486 2450 1526 2516 ad
1559 2451 1642 2516 Eun.

398 2618 416 2639 ,
447 2557 483 2622 11
510 2556 609 2622 aao.

498 2693 551 2757 42.
578 2690 720 2771 „Mulier
743 2692 921 2778 qnaednm'’
945 2695 991 2758 sic
1005 2693 1093 2758 'dixit
1113 2701 1224 2769 <non>
1245 2697 1336 2780 quasi
1354 2697 1516 2780 ignoraret
1528 2716 1643 2761 nornen

447 2803 520 2868 eins
553 2799 646 2884 paulo
679 2807 751 2884 post
783 2797 973 2886 Chrysidem
997 2802 1240 2878 nominaturus,
1265 2801 1320 2866 sed
1342 2802 1430 2879 ideo,
1456 2809 1493 2866 ut
1515 2808 1641 2888 gratam

447 2908 718 2992 exspectationem
738 2905 833 2970 faciat
853 2906 1014 2992 simulque
1034 2905 1167 2971 avidum
1179 2905 1331 2974 lectorem
1345 2910 1483 2974 nominis
1495 2909 1642 2975 audiendi

446 3012 581 3089 reddat,
613 3020 651 3077 nt
682 3011 845 3099 Vergilius
877 3011 972 3097 paulo
995 3020 1067 3098 port
1090 3017 1317 3080 nominaturus
1340 3018 1385 3080 ait
1411 3037 1502 3093 „ecce
1526 3038 1642 3081 manus

446 3123 607 3185 iuvenum
630 3118 772 3183 interea”
797 3140 824 3183 e.
839 3140 868 3203 q.
882 3140 906 3183 s.
931 3120 1022 3198 (Aen.
1047 3119 1078 3184 ΙΙ
1103 3119 1169 3202 57).

497 3225 541 3290 Ut
563 3224 753 3310 philosopho
776 3225 835 3288 hoc
855 3224 1032 3290 adscribam
1052 3226 1128 3290 facit
1147 3224 1204 3291 illa
1222 3233 1315 3312 grata
1335 3227 1388 3305 (cf.
1409 3247 1505 3314 supra
1525 3227 1564 3292 ad
1587 3227 1642 3308 10)

446 3334 644 3417 exspectatio
681 3336 713 3395 et
747 3329 884 3396 aviditas
917 3330 1062 3408 lectoris,
1099 3339 1131 3397 et
1166 3333 1251 3417 quod
1284 3332 1446 3419 Vergilius
1477 3334 1642 3399 Simonem

447 3442 562 3505 statim
587 3441 753 3503 nominare
775 3440 904 3503 omnino
927 3459 990 3502 non
1015 3441 1133 3523 potuit.

496 3590 549 3654 58.
574 3590 713 3656 Andriae
736 3590 786 3655 illi
808 3590 842 3654 id
865 3598 933 3656 erat
956 3612 1071 3655 nomen

495 3695 639 3762 Donatus
669 3699 765 3761 scite:
798 3699 894 3761 attico
926 3718 1014 3763 more
1045 3700 1224 3784 peregrinis
1253 3698 1474 3763 meretricibus
1497 3719 1516 3763 a
1539 3701 1641 3783 patria

445 3825 564 3869 nomen
594 3806 742 3888 imponit.
775 3799 823 3869 of.
857 3804 942 3869 idem
974 3803 1013 3869 ad
1044 3804 1091 3868 III
1116 3790 1144 3868 l.
1162 3805 1197 3868 11
1227 3803 1285 3884 (3).
1318 3803 1550 3889 Philosophum
1574 3826 1641 3870 esse

445 3910 558 3988 crede,
583 3913 639 3995 qui
662 3912 802 3994 speciose
826 3912 870 3975 sic
894 3913 1016 3996 pergit:
1041 3916 1073 3976 et
1098 3910 1197 3975 simul
1221 3910 1359 3976 celebrat
1382 3932 1498 3976 nomen
1522 3933 1642 3978 comos

445 4017 518 4082 diae
538 4016 670 4081 dicendo
691 4022 752 4096 (vs.
768 4014 838 4097 43l)
861 4038 921 4094 „ex
941 4016 1049 4081 Andro
1069 4016 1319 4104 commigravit'’
1341 4023 1374 4083 et·
1386 4038 1469 4082 nunc
1482 4017 1641 4094 „Andriae

444 4123 501 4189 illi
523 4124 555 4187 id
580 4130 648 4189 erat
671 4124 820 4188 nomen”.

495 4275 547 4341 63.
572 4276 622 4340 Ad
646 4275 786 4341 Simonis
809 4277 921 4342 rerba:
949 4273 1158 4353 „Gaudebam
1278 4277 1513 4362 comperiebam
1533 4276 1579 4341 nil
1600 4277 1640 4342 ad

444 4381 656 4469 Pamphilum
691 4386 864 4468 quicquam
898 4385 1057 4467 pertinere
1092 4382 1175 4461 (scil.
1211 4384 1458 4461 meretricem)'',
1495 4383 1639 4449 Donatus

443 4492 578 4575 egregio
610 4490 709 4552 animi
741 4487 874 4553 candore
906 4488 988 4552 nihil
1019 4489 1184 4553 adnotavit
1215 4491 1277 4553 nisi
1309 4489 1384 4554 hoc:
1410 4489 1500 4567 vide,
1525 4492 1638 4555 sinon

438 4597 543 4682 patris
567 4595 664 4660 verba
687 4600 773 4659 sunt.
805 4593 890 4658 Phil.
915 4598 1058 4681 corrupit
1080 4603 1112 4659 et
1136 4595 1252 4660 horum
1275 4596 1446 4660 verborum
1470 4596 1637 4661 candorem

439 4707 476 4768 et
498 4699 562 4765 loci
584 4702 777 4766 sententiam
800 4700 934 4766 addens:
964 4709 996 4766 et
1021 4701 1059 4767 de
1083 4702 1179 4767 rebus
1203 4705 1340 4767 veneriis
1363 4704 1446 4767 circa
1469 4701 1528 4767 filii
1550 4724 1638 4768 men·

442 4810 567 4873 tionem
591 4810 726 4893 egentis.
