4525 5950
541 703 585 769 80
1059 720 1200 769 moruus.

540 893 640 970 ιρσισί
662 907 807 949 comerent
829 886 1031 971 civiumque,
1057 886 1111 951 sed
1135 890 1304 972 praecipue
1327 889 1429 973 ipsius
1452 889 1625 973 principis,
1650 889 1735 953 facta

539 997 675 1060 notaret.
710 992 753 1057 ut
788 995 917 1058 omnino
951 991 1033 1056 illud
1062 1015 1206 1057 σιιιιοιιιιι
1236 1017 1324 1076 αρσια
1355 995 1655 1080 frequentissimum
1687 1001 1735 1060 est

539 1103 659 1166 crimen
689 1101 723 1163 in
751 1099 895 1164 homines
918 1101 1101 1164 severiores.
1126 1097 1205 1164 Vide
1230 1120 1313 1164 nunc
1336 1121 1432 1185 quam
1455 1099 1598 1187 eleganti
1623 1102 1736 1166 verbo

539 1229 612 1273 rum
634 1205 709 1271 lusu
730 1205 817 1293 idem
838 1203 895 1270 ille
919 1203 1032 1291 Oapito
1056 1209 1101 1271 sio
1120 1227 1256 1293 pergens
1275 1206 1459 1273 inducatur:
1482 1216 1637 1285 „censeret
1656 1209 1733 1294 quid

539 1315 658 1400 corrigi
681 1317 738 1378 aut
761 1315 881 1376 mutari
904 1311 1035 1377 vellet.”

585 1527 623 1592 A.
648 1524 734 1602 XVI,
758 1523 811 1590 35.
837 1523 883 1589 De
906 1527 976 1609 ipsa
998 1523 1155 1591 Thraseae
1178 1531 1283 1590 morte
1306 1525 1478 1592 traduntur
1499 1526 1595 1593 haec:

585 1630 795 1710 „Helvidium
819 1636 852 1696 et
871 1629 1072 1695 Demetrium
1091 1632 1125 1695 in
1144 1629 1330 1696 cubiculum
1349 1631 1489 1709 inducit,
1509 1637 1732 1719 porrectisque

537 1742 705 1824 utriusque
739 1738 860 1803 brachii
894 1740 1000 1813 venis,
1036 1744 1206 1823 postquam
1241 1759 1386 1803 cruorem
1421 1737 1550 1816 effudit,
1590 1741 1732 1806 humum

538 1867 633 1932 super
654 1865 815 1932 spargens.
917 1842 1086 1922 bibamus,
1111 1847 1235 1929 inquit,
1259 1844 1330 1910 Iovi
1352 1843 1548 1910 liberatori.”

584 1952 633 2017 Ad
646 1950 797 2035 porrectio
814 1949 1026 2036 Nipperdeius
1045 1956 1188 2016 annotat:
1211 1954 1337 2028 „einem
1353 1950 1491 2017 Diener‘'
1506 1958 1604 2038 atque
1616 1953 1731 2021 eodem

537 2057 634 2124 modo
653 2056 761 2122 locum
781 2059 897 2142 accipit
916 2056 1094 2122 Furneaux.
1120 2059 1163 2122 At
1186 2078 1246 2143 ego
1271 2061 1454 2145 „porrigere
1477 2058 1576 2124 alicui
1600 2062 1732 2127 brachia

537 2163 715 2230 manusve''
740 2163 817 2248 quid
839 2165 882 2227 sit
904 2166 997 2240 novi,
1022 2184 1138 2228 verum
1163 2186 1273 2240 „ocean
1296 2165 1417 2230 brachii
1437 2167 1622 2252 porrigere”
1654 2173 1729 2254 quin

537 2273 580 2336 eit
609 2270 874 2337 absurdissimum
899 2293 960 2336 non
984 2271 1105 2336 dubito.
1130 2270 1214 2351 Quid
1237 2293 1295 2356 pro
1313 2272 1461 2354 porrectis
1483 2271 1665 2358 legendum
1690 2278 1730 2340 sit

537 2399 600 2444 non
623 2378 754 2454 definio,
780 2377 872 2442 credo
895 2380 1057 2443 tamenin
1070 2378 1215 2441 —rectic
1237 2376 1501 2443 latere—aectic.
1525 2378 1589 2444 Sed
1613 2384 1729 2467 utique

536 2485 710 2570 requiritur
728 2484 864 2549 verbum
887 2482 1046 2549 eiusmodi
1067 2489 1105 2549 ut
1128 2485 1237 2569 effudit
1260 2506 1328 2550 rem
1351 2485 1509 2572 significet
1531 2488 1671 2550 σοπινίίο
1692 2490 1728 2553 ab

535 2593 605 2676 ipso
632 2589 771 2656 Thrasea
793 2596 971 2676 peractam,
997 2590 1081 2676 quod
1105 2611 1166 2656 non
1188 2590 1242 2668 fit,
1265 2594 1292 2656 si
1315 2594 1464 2657 minister
1487 2591 1605 2677 aliquis
1630 2615 1727 2659 venas

535 2698 698 2784 aperiendi
727 2718 859 2764 munere
888 2698 1017 2763 functus
1049 2718 1116 2763 esse
1148 2697 1273 2763 dicitur.
1308 2697 1370 2764 Sed
1401 2699 1460 2765 hoc
1489 2702 1725 2786 gravissimum

535 2805 620 2891 quod
644 2828 733 2870 οσααι
750 2805 908 2888 porricere
928 2803 1022 2869 nihili
1045 2808 1103 2869 est.

984 3358 1027 3405 AD
1050 3356 1275 3406 PLU'MROHUH.

578 3555 694 3625 Ooriol.
722 3558 773 3625 18.
796 3557 929 3624 Silentio
952 3558 1041 3645 plebs
1064 3561 1267 3646 exspectabat
1290 3582 1352 3645 quo
1372 3559 1466 3625 modo
1485 3581 1518 3625 se
1535 3558 1724 3627 Coriolanus

533 3665 685 3731 adversus
708 3666 911 3730 tribunorum
932 3667 1065 3730 crimina
1085 3673 1168 3731 esset
1188 3665 1391 3731 defensurus:
1412 3669 1450 3739 ὠς
1470 3668 1496 3730 δ’
1516 3665 1631 3745 ἤρξατο
1653 3671 1723 3746 πρθι

534 3773 616 3856 [τοὺς
649 3779 732 3837 recte
763 3770 844 3837 Sint.
877 3769 974 3854 delet]
999 3774 1166 3849 ἀνθρώπους
1190 3774 1326 3846 δεητικόν
1349 3797 1417 3836 τινα
1442 3774 1534 3850 λόγον
1559 3777 1724 3854 προσδεχο

533 3880 639 3956 μένους
671 3881 703 3942 οὐ
728 3880 816 3953 μόνον
841 3879 977 3958 ἐπαχθεῖ
999 3882 1153 3961 παρρησία
1176 3882 1306 3958 χρῆσθαι
1332 3879 1382 3943 καὶ
1409 3882 1524 3943 πλείονι
1548 3884 1722 3964 κατηγορίᾳ

534 3994 588 4059 τῆς
621 3986 809 4070 παρρησίας,
841 3986 926 4048 ἀλλά
954 3984 1005 4047 καί
1029 3986 1103 4064 πίνῳ
1127 3994 1228 4064 Φωκῆς
1253 3986 1305 4050 καί
1331 3969 1459 4050 διαθέσει
1484 3989 1647 4058 προσώπου
1670 3991 1722 4060 σὺν

533 4091 630 4169 ἐγγὺς
668 4092 833 4170 ὑπεροψίας
871 4090 922 4155 καί
960 4090 1120 4169 ίλιγωρίας
1153 4092 1295 4171 ἀφοβίαν
1327 4092 1586 4171 ἐπιδεικνύμενος,
1619 4094 1634 4157 ὅ
1668 4098 1722 4170 μὲν

533 4199 625 4273 δῆμος
654 4196 859 4278 ἐξετραχύνθη
885 4200 948 4262 xri.
979 4196 1120 4264 ¹Ferenda
1144 4199 1276 4265 fortasse
1299 4220 1379 4285 qnae
1402 4202 1436 4264 in
1459 4200 1566 4264 verbis
1588 4206 1721 4279 χρῆσθαι

532 4314 564 4371 et
599 4304 841 4380 ἐπιδεικνύμενος
883 4304 1128 4390 deprehenditur
1161 4308 1406 4383 inconcinnitas,
1450 4326 1511 4370 non
1552 4306 1720 4373 ferendum

533 4421 586 4484 τῆς
620 4415 789 4488 παρρησίας
821 4418 892 4497 post
923 4420 962 4490 τῇ
994 4414 1147 4496 παρρησίᾳ
1178 4434 1240 4477 non
1271 4410 1376 4478 solum
1409 4415 1534 4499 ingrate
1565 4413 1621 4478 sed
1646 4436 1719 4480 cum

532 4520 705 4583 sententiae
736 4519 875 4603 pernicie
896 4520 1087 4603 repetitum
1111 4539 1168 4605 pro
1191 4526 1246 4593 τῆς
1270 4520 1443 4596 ἀπολογίας
1469 4517 1620 4584 librarius
1646 4524 1721 4586 osci·

531 4631 601 4689 taus
623 4623 710 4690 istud
734 4626 870 4710 scripsit.
1520 4623 1550 4689 J.
1574 4624 1605 4691 J.
1632 4626 1677 4693 Η.

1025 4802 1219 4819 ——fi—
