4525 5950
647 664 711 727 142
1119 678 1271 727 rasurus.

643 848 757 910 tioium
789 851 821 908 41
853 847 992 929 quinque
1023 846 1126 908 minas
1157 851 1251 928 atqua
1284 843 1397 908 falsam
1427 842 1761 927 411111144414141441,
1786 843 1837 907 sed

643 972 705 1036 qua
735 952 857 1014 ratione
888 950 964 1014 haec
995 952 1081 1013 intra
1113 950 1341 1013 brevissimum
1372 955 1499 1032 tempus
1523 950 1708 1033 praeparari
1731 954 1765 1012 et
1788 947 1838 1012 ed·

630 1057 745 1120 biberi
777 1060 921 1139 possent,
955 1053 1097 1118 nondum
1129 1053 1278 1118 meditari
1309 1056 1425 1138 potuit.
1457 1053 1578 1117 Idcirco
1600 1073 1706 1137 neque
1729 1059 1839 1137 parata

642 1168 690 1225 est
712 1167 807 1246 gutta
831 1163 908 1224 certi
931 1159 1060 1235 consili,
1086 1179 1188 1242 neque
1211 1159 1306 1223 habet
1326 1158 1409 1222 unde
1430 1157 1528 1222 talam
1549 1157 1746 1233 exordiatur,
1768 1158 1837 1234 sed,

643 1275 681 1330 ut
704 1271 815 1350 poeta,
840 1264 924 1349 quod
948 1264 1152 1329 mendacium
1176 1271 1224 1328 441
1248 1266 1317 1329 1411
1340 1262 1446 1328 simile
1468 1262 1579 1327 reddet
1598 1285 1654 1347 441
1673 1266 1838 1349 ingeniosa

642 1373 785 1434 inventa.

688 1475 824 1539 Plautus
853 1477 958 1561 igitur
987 1473 1116 1539 deflexit
1147 1474 1186 1539 ab
1218 1473 1364 1558 exemplo
1395 1494 1510 1560 graeco
1540 1473 1614 1539 inde
1645 1494 1736 1540 414.
1763 1476 1837 1552 404,

644 1602 717 1645 oum
749 1600 863 1666 graeca
893 1579 1000 1645 141414
1031 1583 1064 1643 in
1089 1581 1174 1644 hunc
1197 1580 1261 1644 1414
1285 1580 1420 1644 modum
1445 1590 1610 1665 pergeret:
1638 1579 1756 1655 „Nunc
1780 1601 1838 1666 ego

641 1695 735 1772 poeta
759 1685 832 1749 fiam
857 1692 889 1748 et
910 1687 977 1749 veri
997 1683 1116 1748 similia
1135 1684 1276 1760 reddam,
1298 1705 1378 1769 quae
1398 1684 1479 1749 falsa
1500 1692 1533 1748 et
1552 1684 1837 1762 mendaciasunt'’,

642 1793 713 1857 dein
746 1791 959 1875 sequebantur
990 1812 1035 1854 vs.
1062 1789 1138 1865 409,
1171 1792 1228 1874 qui
1259 1812 1320 1855 non
1352 1792 1528 1855 necessario
1558 1790 1746 1855 abiciendus
1774 1798 1835 1871 est,

642 1904 738 1981 atqua
769 1897 846 1972 410,
872 1896 934 1959 411
960 1896 1092 1961 41414.
1125 1893 1192 1962 Gur
1214 1895 1352 1960 Plautus
1374 1896 1451 1960 haec
1474 1897 1720 1972 immutaverit,
1745 1916 1836 1980 appa·

643 2004 742 2078 rebit,
774 2008 944 2087 postquam
975 2000 1183 2067 enucleavero
1202 2001 1282 2066 41144
1305 2000 1566 2086 interpolationes
1590 2001 1670 2066 duas
1694 2002 1837 2066 eiusdem

647 2110 780 2193 originis
804 2110 837 2170 in
861 2110 1006 2192 sequenti
1027 2129 1128 2171 scena.

691 2317 780 2382 Simo
811 2321 844 2382 in
868 2321 1013 2403 sequenti
1037 2339 1128 2383 scena
1152 2318 1167 2382 1
1191 2318 1210 2381 5
1235 2321 1417 2384 amicosne
1443 2317 1628 2404 0411141441
1653 2320 1755 2384 refert
1780 2339 1838 2383 ser-

649 2445 776 2488 monem
800 2425 958 2488 urbanum
984 2424 1021 2488 de
1044 2423 1128 2501 filio,
1154 2423 1236 2488 419:

781 2529 865 2592 Eum
892 2527 975 2593 velle
1000 2532 1137 2593 amicam
1162 2528 1350 2594 liberasset
1374 2549 1525 2614 44441414

782 2636 965 2719 Argentum
989 2636 1029 2699 sd
1053 2656 1122 2699 eam
1147 2655 1233 2699 rem:
1259 2637 1317 2700 hoc
1340 2635 1397 2700 alii
1421 2636 1503 2698 mihi
1526 2638 1715 2700 renuntiant

781 2744 886 2825 Atque
908 2740 942 2803 id
966 2743 1032 2804 iam
1057 2740 1181 2825 pridem
1205 2744 1289 2805 sensi
1313 2748 1345 2805 et
1368 2740 1533 2805 subolebat
1556 2741 1655 2818 mibi,

782 2844 843 2910 Sed
868 2846 1122 2911 dissimulabam.

649 2953 827 3037 Antequam
862 2950 1010 3037 Callipho
1048 2952 1096 3017 his
1130 2951 1317 3039 respondet,
1359 2950 1536 3017 Pseudolus
1572 2972 1590 3017 a
1625 2951 1727 3018 141414
1763 2953 1833 3017 1444

646 3056 807 3141 14441141;

1161 3162 1230 3227 Iam
1254 3161 1304 3226 illi
1328 3163 1456 3239 fe<tat>
1482 3160 1585 3226 filius:

781 3266 922 3332 Occisast
945 3270 1021 3333 haec
1044 3289 1110 3344 144,
1136 3269 1244 3332 haeret
1267 3268 1326 3332 hoc
1351 3269 1531 3353 negotium.

781 3374 849 3452 Quo
873 3376 906 3436 in
931 3381 1146 3438 commeatum
1170 3372 1258 3437 14141
1281 3375 1501 3459 argentarium

783 3479 961 3555 Proficisci,
986 3481 1031 3543 ibi
1055 3501 1140 3543 nunc
1165 3479 1281 3563 oppido
1305 3479 1486 3564 obsaeptast
1509 3480 1572 3542 via.

779 3585 976 3649 Praesensit:
1001 3584 1083 3649 nihil
1106 3592 1154 3648 est
1177 3585 1311 3668 praedae
1334 3584 1584 3669 praedatoribus.

642 3689 731 3754 Simo
764 3692 970 3754 verissimum
1001 3689 1113 3775 populi
1146 3711 1308 3754 rumorem
1336 3690 1450 3765 refert,
1475 3688 1533 3753 illo
1558 3696 1702 3774 tempore
1724 3696 1832 3754 natum

642 3817 716 3859 eum
741 3794 908 3860 Calidorus
931 3802 1002 3879 post
1024 3799 1170 3859 iuratum
1195 3795 1307 3859 foedus
1330 3816 1405 3859 cum
1427 3794 1570 3859 Ballione
1592 3797 1713 3880 viginti
1734 3799 1832 3859 minas

643 3921 792 3984 44441414
823 3903 995 3984 inciperet,
1027 3910 1060 3965 at
1092 3922 1168 3966 1414
1199 3899 1350 3965 Pseudoli
1383 3901 1479 3965 verba
1509 3902 1619 3985 inepta
1643 3906 1737 3976 sunt,
1762 3921 1832 3965 cum

643 4005 767 4070 nullam
789 4005 964 4071 utilitatem
986 4006 1125 4090 amplius
1145 4007 1260 4070 habeat
1282 4014 1454 4091 argentum
1474 4026 1492 4069 a
1512 4012 1601 4090 patre
1615 4006 1833 4070 auferendum.

644 4110 765 4178 (ladant
797 4113 830 4174 hi
856 4132 966 4175 versus
990 4133 1115 4175 necesse
1140 4118 1189 4175 est
1212 4133 1286 4175 cum
1309 4114 1366 4188 iis,
1391 4132 1469 4196 quos
1494 4110 1588 4175 modo
1613 4110 1835 4176 damnavimus

642 4220 674 4281 in
700 4217 900 4301 praecedeuti
924 4238 1016 4280 scena
1038 4223 1070 4281 41
1094 4218 1287 4301 quibuscum
1311 4225 1378 4281 arte
1402 4216 1571 4281 cohaerent
1586 4215 1619 4293 ¹).

646 4369 840 4377 ——————-

680 4445 706 4508 l)
724 4445 785 4493 Cum
803 4459 836 4492 vs.
855 4445 904 4491 484
922 4443 987 4491 Simo
1004 4442 1037 4492 414
1055 4446 1135 4506 rogat:

911 4525 1001 4587 144444
1018 4524 1104 4586 viginti
1122 4523 1201 4572 1111444
1219 4523 1310 4586 paritas
1328 4531 1355 4571 nt
1373 4539 1386 4571 a
1404 4524 1457 4571 med
1476 4524 1571 4572 4414144

969 4620 1028 4669 quas
1046 4621 1098 4653 meo
1114 4613 1186 4668 gnato
1204 4606 1256 4661 des,
1274 4606 1316 4668 441
1334 4605 1434 4653 animm
1452 4605 1555 4654 liberet?

644 4691 774 4739 Pseudolus
798 4690 844 4738 hoc
868 4689 958 4736 1414141
982 4690 1005 4735 41
1029 4686 1100 4735 141411
1122 4690 1212 4750 potest,
1238 4702 1291 4734 44111
1313 4685 1737 4745 4414141ΧΧι41444,141414444
1754 4692 1837 4751 gnato,

641 4773 681 4821 sed
699 4771 751 4820 4111.
