4525 5950
929 702 975 754 Μ
997 702 1142 755 osam.

484 874 606 940 Versus
629 892 707 957 quos
730 869 803 937 volo
825 876 901 935 sunt
923 868 1003 949 (446
1027 876 1125 954 sqq.):

671 975 776 1041 πολλοὶ
800 999 835 1039 σο
858 974 1042 1051 μουσοπόλον

670 1083 825 1162 μύλψουοο
849 1081 917 1144 κού
941 1078 1109 1144 {recinenda
1135 1080 1163 1140 τ’
1187 1077 1285 1158 δρεύαν

669 1186 767 1267 χέλυν
790 1183 821 1250 ἓν
844 1187 873 1247 r'
898 1185 1021 1264 ύλύροος
1045 1183 1185 1254 κλύοντες
1212 1180 1313 1259 ύμνοος
1326 1229 1334 1258 ,

670 1290 805 1372 Σπάρτα
827 1289 938 1360 κύκλος
962 1287 1054 1352 οἱνύκα
1080 1288 1225 1367 Καρνείου
1248 1284 1555 1367 easaetenatone

666 1395 758 1471 μηνὸς
783 1393 963 1472 ύεορομύνας

669 1497 828 1580 παννύχου
851 1498 987 1568 σελάνας

669 1603 835 1683 λιπαραῖσί
857 1603 887 1665 r'
912 1602 942 1665 ἐν
965 1601 1088 1677 δλβύαος
1113 1599 1270 1671 'Addense

435 1710 474 1775 In
498 1709 592 1774 libris
615 1709 737 1795 legitur
760 1707 781 1770 d
788 1732 803 1787 ρ
816 1732 855 1784 α,
881 1707 964 1772 uude
987 1705 1088 1792 vulgo
1112 1727 1130 1771 e
1152 1704 1308 1791 Scaligeri
1328 1708 1508 1771 coniectura
1527 1706 1634 1771 editur

438 1816 596 1884 αυκλοὶς
624 1814 716 1878 delae
741 1814 884 1891 Καρνείου
908 1812 1115 1888 περονύοοεταο
1142 1808 1232 1888 ὥρας
1261 1830 1341 1895 quae
1363 1810 1458 1876 lectio
1481 1810 1558 1876 licet
1581 1812 1634 1876 ad-

437 1922 619 1984 versarium
641 1919 758 1983 habeat
780 1915 984 2004 Hesychium
1007 1937 1033 1980 s.
1046 1936 1077 1981 v.
1102 1917 1308 1994 αερονίοσεοαο
1334 1913 1436 1995 ὥρας,
1460 1915 1565 1982 multo
1586 1924 1633 1982 est

438 2023 632 2110 elegantior.

485 2131 585 2199 Χέλυς
608 2127 666 2192 illa
689 2127 770 2206 ipris
796 2129 874 2191 satis
898 2125 1081 2192 defenditur
1103 2125 1228 2213 Hymu.
1254 2125 1351 2190 Mero.
1376 2147 1424 2191 vs.
1450 2125 1510 2190 33:
1534 2126 1633 2206 χέλυς

437 2234 557 2310 σύρουσι
589 2230 715 2311 ζώουσα.
747 2231 838 2312 Quod
869 2231 909 2296 ad
939 2230 1036 2296 verba
1059 2232 1189 2310 ἀλύρους
1213 2228 1340 2307 ὕμνους,
1365 2252 1415 2296 res
1439 2238 1488 2296 est
1511 2239 1635 2297 contro·

438 2359 550 2418 versa,
579 2337 619 2403 de
643 2357 706 2422 qua
729 2337 792 2401 duo
815 2337 897 2412 viri,
923 2337 1046 2412 οὶροοτοῑς
1072 2337 1101 2398 ἐν
1125 2337 1315 2416 praetorio,
1347 2356 1476 2421 prorsus
1507 2337 1635 2404 diversa

439 2449 616 2508 senserunt.
650 2442 755 2508 Vertit
783 2444 871 2506 enim
904 2438 945 2506 G.
976 2439 1182 2505 Hermannus
1214 2443 1376 2517 „earmina
1400 2443 1521 2527 epica'',
1546 2442 1634 2508 Valo-

437 2548 607 2613 kenaerius
645 2554 755 2612 autem
795 2533 957 2624 „carmina
993 2544 1178 2631 lugubria''.
1223 2544 1381 2630 Equidem
1419 2547 1505 2611 huuc
1543 2550 1634 2631 sequi

436 2653 557 2731 velim,
590 2674 664 2719 cum
694 2653 944 2718 lamentantium
976 2650 1122 2735 querelae
1154 2651 1193 2716 ad
1224 2651 1338 2716 tibiam
1369 2659 1530 2729 cantatae,
1555 2673 1633 2737 quas

436 2759 609 2844 Euripides
640 2757 717 2823 alibi
748 2763 841 2822 vocat
874 2759 1001 2835 ἀλύρους
1028 2757 1172 2833 ἐλέγους,
1198 2755 1429 2841 significentur.
1462 2756 1560 2821 Plura
1583 2758 1634 2821 his

435 2865 475 2929 de
511 2864 708 2929 carminibus
742 2865 798 2947 qui
826 2860 908 2926 velit
936 2863 1087 2947 inspiciat
1111 2864 1165 2925 Ar.
1191 2864 1252 2925 Av.
1278 2882 1324 2925 vs.
1349 2860 1471 2925 218112
1495 2862 1634 2927 editione

436 2969 680 3036 Leeuweniana.

478 3072 605 3141 Chorus
633 3076 736 3160 igitur
768 3071 910 3137 Alcestin
941 3071 1127 3136 defunctam
1150 3070 1256 3136 valere
1279 3072 1393 3136 iubens
1417 3093 1578 3137 summam
1603 3075 1650 3145 ei,

434 3179 521 3265 apud
546 3187 688 3263 posteros
712 3179 830 3242 famam
854 3179 1033 3263 promittit,
1054 3198 1129 3241 cum
1150 3182 1216 3241 tam
1237 3177 1371 3241 Athenis
1393 3180 1487 3241 -in
1508 3177 1633 3244 theatro

434 3283 577 3360 scilieet,
613 3304 689 3347 nam
723 3283 914 3367 Euripidem
949 3282 1000 3346 his
1035 3283 1141 3346 verbis
1174 3302 1267 3346 suam
1298 3285 1400 3367 ipsius
1433 3284 1631 3368 tragoediam

435 3388 634 3474 significasse
665 3409 729 3452 uon
757 3390 877 3452 iniuria
910 3386 1106 3452 contenderit
1138 3385 1256 3471 aliquis
1282 3407 1443 3471 —quam
1479 3387 1632 3452 Lacedae-

434 3513 532 3558 mone
556 3513 663 3557 meuse
687 3489 808 3558 Oarneo
832 3490 1003 3574 plenilunii
1025 3492 1104 3556 festo
1129 3513 1210 3556 uxor
1233 3494 1355 3576 optima
1377 3494 1420 3555 sit
1443 3492 1602 3558 auditura.

480 3599 594 3664 Mense
618 3604 727 3663 autem
751 3594 872 3663 Oarneo
895 3596 962 3660 dies
986 3596 1108 3681 aliquot
1132 3597 1228 3661 festos
1248 3596 1408 3682 Apollinis
1427 3599 1460 3661 in
1479 3596 1632 3663 honorem

432 3706 539 3791 egisse
561 3702 734 3788 Spartanos
756 3704 823 3765 iam
847 3700 1019 3765 didicimus
1039 3703 1149 3785 pueri,
1171 3722 1244 3765 eum
1264 3722 1391 3786 pugnae
1410 3701 1631 3768 Marathonius

433 3831 491 3874 cur
514 3829 578 3873 uon
601 3807 824 3871 interfuissent
847 3804 1090 3870 Lacedaemonii
1112 3806 1265 3870 historico
1287 3827 1304 3870 e
1328 3806 1436 3871 libello
1460 3810 1632 3891 accipieba-

432 3935 517 3978 mus.
551 3912 596 3976 At
626 3911 703 3996 quid
727 3909 883 3975 Alcestidi
907 3909 1092 3974 Thessaliae
1116 3912 1245 3995 reginae
1269 3932 1343 3974 cum
1368 3908 1519 3976 Oarueis?
1543 3912 1630 3991 Quae

431 4019 493 4083 fuit
526 4014 642 4083 Carrei
673 4014 833 4099 Apollinis
865 4022 979 4079 natura
1011 4020 1106 4099 atque
1138 4013 1278 4089 indoles,
1302 4021 1340 4078 ut
1362 4035 1435 4078 cum
1458 4016 1556 4080 huius
1579 4018 1630 4082 dei

430 4125 530 4187 sacris
553 4119 725 4185 Alcestidis
748 4139 863 4183 nomeu
887 4122 1041 4204 coniungi
1064 4116 1193 4203 posset?
1219 4119 1320 4195 Nam,
1340 4128 1378 4183 ut
1397 4123 1504 4204 quivis
1523 4120 1627 4199 videt,

431 4227 469 4292 de
505 4227 646 4291 carmine
680 4246 744 4289 nou
775 4222 875 4288 semel
907 4227 1092 4307 iterumque
1123 4226 1158 4287 in
1189 4220 1318 4289 Cameis
1349 4223 1471 4308 prolato
1502 4227 1556 4290 sed
1588 4227 1626 4291 de

430 4334 574 4398 carmine
596 4328 719 4393 solenni
741 4328 912 4413 Euripides
936 4328 1089 4414 loquitur.

473 4437 594 4500 Parum
631 4441 742 4498 autem
777 4432 906 4517 prodest
939 4433 990 4510 id,
1025 4433 1110 4518 quod
1142 4433 1307 4497 observare
1337 4431 1440 4497 solent
1470 4433 1623 4499 editores:

428 4543 575 4619 „mirum
605 4560 669 4603 non
700 4558 768 4602 esse
795 4537 880 4623 quod
903 4540 936 4602 in
960 4539 1157 4602 carminibus
1182 4535 1324 4620 Apollini
1347 4540 1443 4601 sacris
1466 4538 1625 4604 celebrata

422 4651 466 4713 ait
480 4663 482 4667 ’
497 4645 551 4709 dei
581 4646 616 4707 in
647 4641 823 4707 Admetum
856 4641 1109 4718 benevolentia’'‚
1143 4649 1176 4707 et
1208 4644 1318 4705 testari
1341 4642 1490 4706 videntur
1511 4650 1624 4727 poetae

421 4752 541 4825 verba,
573 4746 723 4813 fabellam
754 4750 789 4811 in
816 4746 981 4812 Thessalia
1003 4755 1106 4812 ortam
1131 4749 1310 4811 arctissimo
1333 4747 1471 4831 quodam
1494 4752 1623 4813 sanctis-
