4525 5950
634 655 699 719 194
1151 671 1294 719 5555555.

630 836 737 903 callidi
770 843 952 922 temporum
982 841 1014 900 51
1045 838 1202 921 555155155
1232 835 1441 909 habebantur,
1474 835 1519 897 sic
1542 852 1703 897 converso
1727 835 1829 904 statu,

630 964 733 1028 neque
765 941 828 1007 5115
859 941 1039 1027 republica,
1072 962 1168 1025 quam
1201 942 1228 1004 51
1259 961 1343 1004 5555
1373 941 1557 1024 imperitet,
1591 939 1669 1002 hoec
1693 936 1829 1022 conquiri

631 1049 771 1134 tradique
802 1050 835 1112 ia
866 1071 925 1112 root
948 1047 1069 1133 fucrit,
1102 1047 1175 1132 quio
1201 1046 1297 1128 pauci
1320 1046 1489 1128 5551551111
1521 1047 1648 1109 honesto
1682 1045 1720 1107 ob
1753 1045 1830 1106 dete·

630 1154 776 1230 rioribus,
808 1155 900 1217 utilio
931 1155 966 1216 ob
997 1153 1096 1216 555115
1123 1152 1313 1228 discernerent,
1335 1152 1443 1232 pherec
1473 1151 1602 1215 oliorum
1631 1150 1751 1214 eventia
1780 1151 1830 1212 do-

632 1258 767 1323 centur.''

678 1364 781 1428 Panlo
813 1362 1001 1449 diligentius
1031 1363 1128 1428 verba
1152 1368 1261 1426 notata
1282 1363 1509 1446 inspiciamus,
1536 1363 1651 1445 quanti
1675 1363 1745 1424 5151
1767 1380 1832 1423 mo

632 1473 735 1535 menti
765 1469 804 1533 ad
836 1468 940 1533 Taciti
963 1467 1134 1533 consilium
1157 1466 1407 1552 intelligendum
1430 1467 1608 1552 apparebit.
1632 1465 1724 1530 Nam
1748 1464 1833 1528 Bois

633 1579 747 1640 sicrius
766 1577 949 1659 nuperrime
969 1574 1092 1651 (Revne
1111 1573 1141 1637 d.
1163 1574 1245 1637 deux
1267 1572 1400 1638 Mendes
1423 1573 1462 1636 15
1485 1571 1574 1636 Μ555
1596 1571 1688 1636 1902
1708 1593 1740 1656 p.
1756 1570 1833 1648 345)

632 1682 671 1746 15
693 1684 734 1745 115
758 1681 913 1746 115555555
937 1702 999 1744 555
1023 1681 1099 1744 55115
1123 1686 1268 1743 55555515
1290 1700 1401 1744 veram
1425 1700 1537 1745 eornm
1558 1680 1629 1744 vim
1649 1675 1833 1763 explorasse

633 1786 773 1853 videtur.

677 1892 749 1956 Nisi
771 1890 967 1956 adiectivnm
989 1891 1111 1953 honesto
1135 1895 1215 1954 55551
1238 1889 1402 1967 additum,
1429 1894 1595 1973 utcunque
1614 1888 1748 1953 credere
1768 1909 1833 1973 pos

632 2018 740 2062 semus
771 1997 823 2059 bic
853 1997 887 2059 io
917 1995 1085 2058 univercum
1115 1997 1233 2059 mentis
1262 1995 1422 2059 humanae
1452 1998 1559 2059 551551
1590 1994 1831 2058 infirmitatem.

633 2104 716 2167 Nam
751 2101 829 2186 quid
859 2101 996 2187 prudens
1027 2103 1085 2177 511,
1118 2100 1194 2184 quid
1224 2100 1364 2165 deterius
1394 2103 1429 2181 (i.
1454 2122 1482 2165 5.
1506 2100 1726 2187 imprudens),
1758 2098 1833 2185 quid

632 2207 730 2283 utile,
763 2207 839 2292 qnid
869 2210 1002 2271 noxium
1032 2207 1065 2268 in
1097 2206 1267 2287 republica,
1299 2204 1468 2291 plerosque
1500 2206 1605 2292 fugit,
1630 2225 1832 2290 quamquem

632 2334 757 2397 semper
792 2319 898 2376 tamen
935 2313 1027 2396 pauci
1057 2309 1206 2394 pluresve
1236 2311 1383 2388 fuerunt,
1416 2314 1473 2396 qni
1504 2314 1539 2375 in
1567 2312 1627 2376 bac
1660 2332 1696 2376 re
1721 2313 1834 2375 ceteris

633 2419 758 2484 civibus
788 2417 861 2503 5155
893 2417 1052 2482 callerent.
1085 2415 1147 2481 Sed
1172 2416 1297 2501 quando
1319 2417 1440 2481 factum
1465 2422 1575 2481 estut
1598 2416 1712 2502 515555
1738 2437 1834 2500 quam

633 2522 702 2588 ullo
737 2521 799 2586 alio
834 2530 976 2607 tempore
1006 2522 1103 2585 huius
1136 2524 1181 2585 551
1211 2524 1304 2585 155511
1335 2519 1462 2587 essenti
1494 2521 1621 2607 Nempe
1652 2524 1835 2607 imperante

634 2627 837 2693 Domitiano:
863 2634 933 2691 tum
958 2630 1044 2691 enim
1068 2633 1180 2710 stupor
1202 2626 1333 2710 quidam
1358 2635 1390 2692 et
1413 2634 1523 2713 torpor
1543 2630 1694 2694 omnium
1713 2630 1836 2692 invasit

633 2734 775 2807 animos,
808 2734 898 2815 isque
930 2731 976 2808 (id
1007 2730 1090 2815 qnod
1115 2731 1154 2794 51
1178 2737 1324 2796 nostrum
1348 2731 1456 2797 locum
1480 2731 1718 2797 illustrandum
1744 2736 1836 2797 unice

633 2857 743 2902 veram
774 2835 863 2900 affert
893 2835 1012 2914 lucem)
1042 2835 1142 2900 simul
1173 2837 1389 2902 Romanorum
1414 2844 1539 2903 mentes
1562 2838 1642 2903 adeo
1667 2839 1837 2904 hebetavit

633 2948 670 3007 51
701 2942 777 3028 qnid
809 2941 979 3007 honestum
1010 2947 1108 3018 55551,
1142 2943 1218 3028 quid
1243 2949 1336 3029 turpe
1360 2951 1393 3009 et
1415 2947 1678 3031 ignominiosum
1702 2953 1766 3010 551
1787 2967 1837 3010 ne·

632 3052 750 3113 scirent
785 3056 841 3112 551
873 3070 935 3112 555
967 3051 1121 3113 sentirent
1149 3056 1182 3112 51
1211 3070 1321 3114 555555
1352 3050 1568 3136 negligerent.
1601 3050 1740 3116 Etenim
1765 3058 1836 3115 tum

633 3156 872 3231 ,5551555115
893 3159 1089 3231 senatorum)
1108 3153 1226 3218 duxere
1245 3154 1439 3220 Helvidium
1459 3159 1494 3219 in
1514 3176 1678 3221 carcerem
1699 3178 1836 3233 manua,

632 3280 688 3322 nos
712 3257 851 3321 Maurici
875 3258 1061 3342 Rusticique
1085 3257 1233 3336 visus(?),
1258 3282 1314 3325 noe
1333 3263 1497 3325 innocenti
1517 3264 1681 3346 sangnine
1702 3261 1837 3328 Senecio

632 3362 805 3448 perfudit”,
830 3370 867 3427 ut
890 3365 959 3445 ipse
984 3361 1121 3427 declarat
1145 3362 1275 3428 Tacitus
1299 3365 1391 3450 (Agr.
1416 3366 1484 3444 45),
1509 3387 1593 3450 quae
1612 3367 1719 3431 verba
1740 3388 1837 3452 qnam

632 3471 813 3533 contineant
846 3467 1074 3531 confessionem
1110 3468 1143 3531 et
1177 3471 1323 3553 proximo
1359 3491 1441 3534 anno
1474 3474 1607 3557 egregie
1638 3470 1837 3537 Boissierius

633 3575 797 3658 exposuit,
823 3578 853 3636 51
877 3572 1018 3635 eiusdem
1043 3571 1136 3635 diarii
1160 3593 1195 3637 5ο
1218 3574 1385 3651 fasciculo,
1406 3597 1504 3660 quem
1523 3575 1618 3641 modo
1639 3576 1835 3654 laudabam,

631 3682 659 3744 51
690 3678 758 3742 fieri
790 3684 912 3761 potest,
943 3680 1040 3741 etiam
1062 3676 1269 3743 luculentius.
1294 3679 1381 3765 Ergo
1405 3682 1545 3746 crudelis
1570 3681 1628 3747 illa
1654 3682 1836 3749 Domitiani

632 3785 777 3869 tyrannis
808 3780 966 3865 plerisque
998 3782 1119 3846 ademit
1149 3804 1212 3846 non
1244 3785 1449 3868 prudentiam
1483 3794 1612 3852 tantum
1644 3788 1783 3855 civilem
1806 3796 1835 3855 51

632 3887 815 3973 politicam,
841 3885 880 3950 ad
904 3907 1000 3971 quam
1024 3908 1148 3972 semper
1171 3892 1266 3972 pauci
1289 3896 1416 3954 1551555
1441 3896 1610 3977 pervenire
1634 3894 1760 3973 solent,
1785 3895 1835 3960 sed

633 3996 732 4057 etiam
762 3994 917 4055 virtutem
949 3999 981 4055 et
1012 3992 1204 4077 dignitatem
1236 3994 1382 4071 civilem,
1415 4000 1507 4061 cuius
1531 3997 1583 4062 vel
1605 4002 1641 4062 15
1666 3999 1773 4065 libera
1795 4021 1835 4064 55

633 4095 761 4182 publica
784 4095 835 4161 vel
856 4098 915 4160 sub
934 4096 1062 4160 dominc
1082 4100 1230 4181 aequiore
1250 4105 1283 4162 et
1301 4099 1421 4166 leniore
1441 4101 1618 4167 admodum
1640 4109 1742 4188 pauci
1762 4110 1833 4170 5551

632 4209 788 4286 55555155.
820 4199 887 4264 Hos
911 4221 1019 4264 555555
1043 4223 1126 4265 5555
1150 4202 1282 4267 meliora
1306 4204 1451 4271 edocebit
1474 4207 1625 4283 Tacitum
1652 4208 1833 4275 Domitiani

632 4305 735 4391 qualis
768 4312 850 4368 esset
879 4304 1052 4369 dominatio
1076 4306 1221 4389 aequales
1245 4315 1330 4373 recte
1352 4314 1532 4394 perspicere
1556 4319 1590 4377 et
1613 4318 1737 4381 sentire
1762 4336 1831 4401 prae

632 4417 758 4494 torpore
790 4430 851 4472 non
884 4413 1074 4493 potuerunt;
1108 4410 1167 4474 hoc
1199 4410 1352 4477 damnum
1383 4414 1515 4480 Tacitus
1537 4422 1769 4503 compensabit
1791 4441 1832 4485 ac-

632 4521 741 4580 curate
765 4513 885 4577 Tiberii
909 4514 1046 4576 facinora
1069 4515 1251 4580 enarrando.
1281 4517 1401 4584 Tiberii
1425 4542 1501 4606 ergo
1525 4524 1831 4609 15555551115555-

630 4626 721 4685 rante
751 4618 891 4682 alterum
922 4615 1100 4680 Domitiani
1132 4625 1258 4703 tempus
1290 4622 1362 4702 fiet,
1395 4624 1516 4691 Tiberii
1539 4628 1626 4693 15515
1652 4629 1832 4696 Domitiani

629 4728 829 4790 atrocitatem
853 4720 1058 4805 explicabunt
1077 4721 1358 4812 illustrabuntqne.
1384 4730 1427 4793 ut
1451 4736 1610 4797 miremur
1633 4739 1758 4815 etiam,
1779 4739 1831 4822 qui
