4525 5950
967 676 1108 724 raorros.
1565 659 1629 724 197

435 845 502 907 Ain
527 840 621 907 vero!
646 840 751 906 Sicine
773 840 988 926 respondendo
1013 845 1108 926 atque
1132 844 1177 906 sic
1200 840 1380 926 repellendo
1400 863 1454 918 eo,
1475 845 1529 927 qui
1550 862 1633 907 nova

435 947 629 1015 crudelitate
660 946 894 1013 commaculare
925 945 1157 1031 rempublicam
1181 950 1305 1032 primus
1328 956 1376 1012 001
1400 953 1548 1024 conatus,
1573 949 1632 1013 hoc

435 1057 599 1140 spectarit
618 1053 764 1118 Tiberius
782 1059 820 1117 ut
840 1051 880 1117 ad
898 1055 1002 1138 ipsam
1021 1051 1113 1117 illam
1135 1053 1351 1119 calamitatem
1365 1056 1450 1119 viam
1471 1050 1632 1119 muniretl

436 1162 468 1225 N
470 1183 488 1226 0
508 1159 546 1225 da
561 1159 745 1225 Domitiano
758 1159 887 1245 quidem
900 1160 1012 1243 siquis
1027 1158 1102 1224 talia
1114 1159 1268 1238 traderet,
1281 1160 1377 1225 fidem
1391 1163 1421 1225 ei
1432 1162 1630 1226 haberemus.

437 1267 511 1331 Hoc
535 1278 658 1332 certum
684 1272 732 1330 001
754 1265 925 1329 Domitiani
946 1272 1114 1342 „naturam
1136 1266 1326 1331 obscuram'’
1348 1266 1634 1351 (1014211100

436 1380 514 1438 ante
546 1371 654 1437 oculos
684 1372 884 1438 obversatam
916 1391 1000 1448 esse,
1032 1392 1106 1435 cum
1136 1371 1175 1437 da
1198 1371 1324 1438 ‘liberio
1348 1380 1414 1437 tem
1438 1371 1636 1437 incredibilia

437 1480 502 1544 sibi
527 1478 672 1564 fingeret.

486 1587 570 1648 Anu.
595 1583 620 1659 1,
646 1581 698 1649 76.
734 1581 875 1660 „Eodem
907 1603 989 1647 anno
1012 1585 1171 1648 continuis
1194 1584 1353 1648 imbribus
1377 1590 1489 1648 auctus
1513 1583 1636 1648 'liberis

437 1690 535 1776 plana
565 1690 654 1754 urbia
684 1694 890 1775 stagnaverat
898 1708 906 1765 ;
932 1687 1129 1753 relabentem
1154 1694 1263 1754 secuta
1287 1695 1335 1754 est
1359 1689 1577 1754 aedificiorum
1603 1695 1636 1753 et

436 1797 612 1860 bominum
636 1799 768 1880 strages.
794 1792 901 1878 Igitur
923 1795 1048 1858 censuit
1072 1795 1202 1858 Asinius
1226 1791 1356 1869 Gallus,
1377 1803 1415 1858 ut
1435 1794 1510 1859 libri
1530 1792 1635 1879 Sibyl·

436 1901 500 1966 lini
531 1900 705 1965 adirentur.
737 1899 881 1964 Rennnit
914 1898 1062 1964 Tiberius
1189 1898 1243 1964 sed
1266 1900 1444 1964 remedium
1468 1899 1633 1964 coercendi

437 2007 584 2072 fluminis
606 2007 700 2070 Ateio
723 2004 871 2090 Capitoni
895 2011 927 2069 et
949 2004 986 2069 1..
1012 2006 1166 2069 Arruntio
1190 2004 1412 2070 mandatnm.’'

485 2112 580 2177 Vides
615 2112 693 2196 quid
728 2114 855 2176 intersit
888 2114 974 2176 inter
1004 2111 1168 2175 hominem
1199 2113 1346 2194 ineptum
1379 2111 1569 2196 fatuumque
1600 2117 1633 2175 et

437 2218 727 2304 prudentissimum
758 2217 944 2283 mortalium
976 2219 1212 2300 imperatorem.
1244 2215 1363 2296 Quodsi
1387 2219 1509 2302 etipse
1533 2220 1633 2300 suspi-

437 2331 545 2392 ciones
569 2345 699 2390 morare
723 2323 860 2399 vellem,
885 2344 1001 2408 easque
1021 2326 1158 2389 minime
1178 2324 1216 2389 de
1235 2323 1337 2388 nihilo
1354 2324 1458 2399 fictas,
1480 2325 1633 2387 coniicere

437 2452 565 2518 possem
590 2452 652 2495 non
676 2436 743 2495 tam
767 2429 868 2494 stulta
890 2430 1078 2494 infirmitate
1101 2436 1228 2495 motum
1252 2429 1335 2494 illud
1359 2430 1397 2494 de
1416 2429 1508 2493 libris
1527 2427 1633 2514 Sibyl·

437 2537 515 2601 linis
538 2539 698 2601 censuisse
722 2534 870 2613 Gallum,
895 2536 949 2601 sed
974 2543 1154 2621 sperantem
1178 2537 1243 2602 tore
1267 2544 1302 2600 01
1326 2537 1371 2600 ibi
1393 2534 1556 2621 legeretur
1578 2534 1633 2598 ali-

438 2642 535 2728 quid,
561 2641 643 2726 quod
669 2662 777 2706 rerum
795 2644 1010 2706 mutationem
1030 2648 1125 2727 atque
1144 2644 1206 2726 ipsi
1225 2643 1399 2726 imperium
1420 2643 1632 2725 promitteret.

436 2748 565 2813 Scimus
596 2749 682 2811 enim
712 2767 787 2811 eum
821 2748 971 2833 Augusto
1003 2749 1110 2811 visum
1142 2769 1209 2812 ease
1242 2747 1395 2823 „avidum
1419 2747 1576 2829 (imperii)
1600 2753 1633 2809 et

437 2852 618 2918 minorem''
644 2854 695 2930 (A.
721 2852 745 2930 l,
774 2852 838 2933 13),
864 2855 983 2917 0011000
1007 2874 1132 2937 quoque
1157 2859 1186 2930 (e
1209 2851 1321 2917 Servio
1344 2852 1382 2916 ed
1403 2850 1492 2937 Virg.
1513 2849 1629 2929 11014)

437 2961 474 3022 ab
497 2959 553 3022 illo
576 2957 718 3023 fabulam
743 2979 902 3044 sparsam,
932 2979 993 3043 qua
1018 2957 1056 3022 de
1079 2957 1229 3021 Pollionis
1251 2957 1388 3022 consulis
1412 2955 1478 3021 lilio
1501 2977 1629 3020 summa

436 3085 598 3151 quaeque,
629 3072 795 3149 tamquam
828 3064 866 3128 de
897 3064 1006 3129 futuro
1028 3066 1159 3150 imperii
1181 3066 1301 3146 capite,
1327 3066 1537 3127 vaticinatum
1562 3082 1629 3126 esse

437 3169 613 3256 Virgilium
638 3170 767 3254 quidam
791 3169 995 3234 crediderunt
1018 3170 1070 3248 (cf.
1096 3170 1236 3234 Boissier
1254 3168 1287 3233 10
1306 3168 1454 3253 Religion
1475 3167 1630 3232 Romaine

437 3275 501 3341 vol.
523 3275 563 3352 1).
587 3275 673 3354 Quae
693 3278 803 3340 sinon
824 3295 907 3341 vana
927 3277 1065 3359 00001010
1084 3280 1150 3350 001,
1170 3296 1231 3338 non
1253 3274 1357 3338 solum
1377 3274 1448 3338 ideo
1465 3272 1631 3337 Tiberium

436 3382 646 3456 admiramur,
679 3381 762 3467 qnod
793 3383 921 3466 ineptae
953 3381 990 3446 de
1021 3379 1112 3444 libris
1144 3380 1312 3466 Sibyllinis
1336 3380 1541 3464 inspiciendis
1566 3400 1632 3443 sen·

436 3492 557 3554 tentiae
589 3487 727 3572 prudens
758 3489 943 3572 opposuerit
974 3485 1144 3551 consilium
1176 3489 1277 3551 101100
1309 3489 1432 3572 negotii
1464 3486 1631 3571 sagacibus

436 3597 613 3680 peritisque
644 3592 815 3657 mandandi
844 3594 940 3671 viris,
972 3592 1027 3657 sed
1057 3595 1164 3677 magis
1195 3595 1292 3656 etiam
1318 3592 1397 3656 banc
1421 3592 1460 3656 nb
1483 3611 1631 3668 causam,

435 3699 520 3785 quod
541 3697 694 3762 stolidum
714 3697 895 3773 aemulum,
917 3700 1066 3782 quamvis
1085 3699 1154 3761 eius
1167 3700 1358 3782 perspiceret
1371 3698 1518 3770 artificia,
1536 3697 1631 3761 rebus

434 3809 653 3891 potiusquam
666 3805 771 3869 verbis
782 3804 942 3869 refutarit.
956 3802 1049 3870 Certe
1062 3803 1144 3868 nihil
1155 3806 1207 3870 bic
1219 3804 1534 3869 commisit'l'iberius
1545 3804 1629 3889 quod

432 3910 486 3977 vel
509 3910 677 3975 levissima
701 3910 836 3995 dignum
861 3916 943 3974 esset
967 3912 1213 3993 vituperatione.
1234 3909 1277 3974 ut.
1296 3916 1403 3974 tamen
1423 3910 1568 3982 Tacitus.
1590 3931 1626 3974 eo

431 4017 519 4092 loco,
545 4036 641 4100 quam
665 4013 779 4099 reliqui
802 4036 960 4091 vacuum,
985 4016 1062 4100 quid
1086 4014 1214 4100 posuit?
1234 4016 1357 4100 Nempe
1371 4017 1501 4097 perinde
1519 4016 1627 4078 diuino

430 4124 619 4203 humanaque
648 4121 799 4201 01100000,
830 4141 910 4205 qnae
933 4123 1030 4185 verba
1053 4124 1107 4185 vix
1131 4123 1426 4206 interpretationem
1451 4120 1629 4184 admittunt

432 4228 556 4294 ullam:
582 4229 653 4311 quis
676 4229 762 4291 enim
788 4248 845 4310 pro
869 4233 956 4292 certo
980 4232 1119 4292 statuere
1143 4230 1244 4312 possit
1267 4249 1347 4311 quae
1370 4231 1412 4291 sit
1432 4249 1542 4291 eorum
1563 4248 1630 4291 sen·

432 4330 556 4400 tentia?
592 4332 701 4396 Unum
737 4332 797 4397 hoc
829 4333 977 4397 videmus
1008 4333 1059 4397 bic
1091 4354 1217 4418 quoque
1248 4354 1280 4397 se
1310 4333 1419 4398 Tacito
1450 4333 1628 4398 abstrusam

429 4442 602 4524 arcanique
625 4443 829 4522 appetentem
849 4437 1024 4503 Domitiani
1044 4438 1198 4503 obtulisse
1218 4439 1358 4503 indolem
1381 4478 1421 4489 —
1444 4442 1471 4502 si
1492 4460 1628 4523 usquam

427 4530 678 4628 intempestive,
703 4543 755 4607 hic
779 4545 930 4628 profecto.
956 4542 1040 4608 Nam
1064 4545 1102 4610 de
1126 4543 1253 4610 Tiberio
1278 4566 1358 4629 quae
1378 4546 1430 4609 bio
1451 4550 1628 4623 narrantur,

429 4654 542 4717 omnia
564 4658 640 4713 sunt
664 4670 761 4734 qnam
784 4652 986 4735 apertissima
1009 4651 1318 4735 simplicissimeque.

478 4755 542 4820 Sed
576 4757 704 4820 omniuo
738 4776 897 4839 nusquam
933 4758 1038 4841 magis
1073 4756 1179 4821 studio
1211 4760 1335 4835 omnia,
1368 4779 1448 4841 quae
1478 4754 1626 4837 'liberius
