<?xml version="1.0" encoding="UTF-8"?>
<!DOCTYPE html PUBLIC "-//W3C//DTD XHTML 1.0 Transitional//EN"
    "http://www.w3.org/TR/xhtml1/DTD/xhtml1-transitional.dtd">
<html xmlns="http://www.w3.org/1999/xhtml" xml:lang="en" lang="en">
 <head>
  <title>
</title>
<meta http-equiv="Content-Type" content="text/html;charset=utf-8" />
  <meta name='ocr-system' content='tesseract 3.04.00' />
  <meta name='ocr-capabilities' content='ocr_page ocr_carea ocr_par ocr_line ocrx_word'/>
</head>
<body>
  <div class='ocr_page' id='page_1' title='image "./mnemosyne07verdgoog_0147.png"; bbox 0 0 4525 5950; ppageno 0'>
   <div class='ocr_carea' id='block_1_1' title="bbox 823 1275 1433 1366">
    <p class='ocr_par' dir='ltr' id='par_1_1' title="bbox 823 1275 1433 1366">
     <span class='ocr_line' id='line_1_1' title="bbox 823 1275 1433 1366; baseline 0.005 -3"><span class='ocrx_word' id='word_1_1' title='bbox 823 1275 893 1364; x_wconf 83' lang='lat' dir='ltr'><strong>DE</strong></span> <span class='ocrx_word' id='word_1_2' title='bbox 923 1275 1117 1364; x_wconf 80' lang='lat' dir='ltr'><strong>PLAUTI</strong></span> <span class='ocrx_word' id='word_1_3' title='bbox 1147 1276 1433 1366; x_wconf 78' lang='lat' dir='ltr'><strong>PSEUDOLO.</strong></span> 
     </span>
    </p>
   </div>
   <div class='ocr_carea' id='block_1_2' title="bbox 1065 1494 1190 1535">
    <p class='ocr_par' dir='ltr' id='par_1_2' title="bbox 1065 1494 1190 1535">
     <span class='ocr_line' id='line_1_2' title="bbox 1065 1494 1190 1535; baseline -0.008 0"><span class='ocrx_word' id='word_1_4' title='bbox 1065 1494 1190 1535; x_wconf 72' lang='lat' dir='ltr'><strong>semaam</strong></span> 
     </span>
    </p>
   </div>
   <div class='ocr_carea' id='block_1_3' title="bbox 943 1659 1324 1726">
    <p class='ocr_par' dir='ltr' id='par_1_3' title="bbox 943 1659 1324 1726">
     <span class='ocr_line' id='line_1_3' title="bbox 943 1659 1324 1726; baseline 0.003 -3"><span class='ocrx_word' id='word_1_5' title='bbox 943 1659 985 1724; x_wconf 92' lang='lat' dir='ltr'><strong>H.</strong></span> <span class='ocrx_word' id='word_1_6' title='bbox 1011 1659 1046 1724; x_wconf 85' lang='grc' dir='ltr'><strong>Τ.</strong></span> <span class='ocrx_word' id='word_1_7' title='bbox 1071 1659 1324 1726; x_wconf 77' lang='lat' dir='ltr'><strong>KARsruN.</strong></span> 
     </span>
    </p>
   </div>
   <div class='ocr_carea' id='block_1_4' title="bbox 1049 1929 1208 1972">
    <p class='ocr_par' dir='ltr' id='par_1_4' title="bbox 1049 1929 1208 1972">
     <span class='ocr_line' id='line_1_4' title="bbox 1049 1929 1208 1972; baseline 0 0"><span class='ocrx_word' id='word_1_8' title='bbox 1049 1929 1208 1972; x_wconf 52' lang='lat'><em>-0-04-</em></span> 
     </span>
    </p>
   </div>
   <div class='ocr_carea' id='block_1_5' title="bbox 532 2138 1741 4330">
    <p class='ocr_par' dir='ltr' id='par_1_5' title="bbox 532 2138 1741 3803">
     <span class='ocr_line' id='line_1_5' title="bbox 583 2138 1732 2226; baseline -0.001 -22"><span class='ocrx_word' id='word_1_9' title='bbox 583 2141 707 2206; x_wconf 93' lang='lat' dir='ltr'><strong>Prodiit</strong></span> <span class='ocrx_word' id='word_1_10' title='bbox 738 2161 839 2225; x_wconf 84' lang='lat' dir='ltr'><strong>nuper</strong></span> <span class='ocrx_word' id='word_1_11' title='bbox 868 2139 1052 2224; x_wconf 82' lang='lat' dir='ltr'><strong>Groningae</strong></span> <span class='ocrx_word' id='word_1_12' title='bbox 1076 2141 1235 2223; x_wconf 80' lang='lat' dir='ltr'><strong>specimen</strong></span> <span class='ocrx_word' id='word_1_13' title='bbox 1259 2138 1454 2203; x_wconf 88' lang='lat' dir='ltr'><strong>litterarium</strong></span> <span class='ocrx_word' id='word_1_14' title='bbox 1478 2139 1670 2226; x_wconf 82' lang='lat' dir='ltr'><strong>inaugurale</strong></span> <span class='ocrx_word' id='word_1_15' title='bbox 1695 2140 1732 2203; x_wconf 91' lang='lat' dir='ltr'><strong>de</strong></span> 
     </span>
     <span class='ocr_line' id='line_1_6' title="bbox 537 2244 1730 2330; baseline -0.002 -19"><span class='ocrx_word' id='word_1_16' title='bbox 537 2246 710 2323; x_wconf 85' lang='lat' dir='ltr'><strong>Pseudolo,</strong></span> <span class='ocrx_word' id='word_1_17' title='bbox 743 2245 827 2330; x_wconf 89' lang='lat' dir='ltr'><strong>quod</strong></span> <span class='ocrx_word' id='word_1_18' title='bbox 859 2247 1046 2330; x_wconf 89' lang='lat' dir='ltr'><strong>conscripsit</strong></span> <span class='ocrx_word' id='word_1_19' title='bbox 1075 2244 1099 2308; x_wconf 93' lang='lat' dir='ltr'><strong>l.</strong></span> <span class='ocrx_word' id='word_1_20' title='bbox 1126 2244 1175 2308; x_wconf 89' lang='lat' dir='ltr'><strong>W.</strong></span> <span class='ocrx_word' id='word_1_21' title='bbox 1201 2244 1345 2322; x_wconf 88' lang='lat' dir='ltr'><strong>Bierma,</strong></span> <span class='ocrx_word' id='word_1_22' title='bbox 1371 2248 1523 2330; x_wconf 90' lang='lat' dir='ltr'><strong>quicum</strong></span> <span class='ocrx_word' id='word_1_23' title='bbox 1547 2253 1730 2311; x_wconf 76' lang='lat' dir='ltr'><strong>accuratam</strong></span> 
     </span>
     <span class='ocr_line' id='line_1_7' title="bbox 536 2350 1729 2437; baseline -0.003 -19"><span class='ocrx_word' id='word_1_24' title='bbox 536 2354 729 2418; x_wconf 82' lang='lat' dir='ltr'><strong>comicorum</strong></span> <span class='ocrx_word' id='word_1_25' title='bbox 754 2350 929 2415; x_wconf 88' lang='lat' dir='ltr'><strong>latinorum</strong></span> <span class='ocrx_word' id='word_1_26' title='bbox 954 2371 1128 2434; x_wconf 90' lang='lat' dir='ltr'><strong>eorumque</strong></span> <span class='ocrx_word' id='word_1_27' title='bbox 1153 2351 1290 2414; x_wconf 84' lang='lat' dir='ltr'><strong>fontium</strong></span> <span class='ocrx_word' id='word_1_28' title='bbox 1314 2354 1530 2437; x_wconf 80' lang='lat' dir='ltr'><strong>cognitionem</strong></span> <span class='ocrx_word' id='word_1_29' title='bbox 1556 2352 1619 2415; x_wconf 90' lang='lat' dir='ltr'><strong>sibi</strong></span> <span class='ocrx_word' id='word_1_30' title='bbox 1643 2372 1729 2436; x_wconf 88' lang='lat' dir='ltr'><strong>pare-</strong></span> 
     </span>
     <span class='ocr_line' id='line_1_8' title="bbox 535 2456 1728 2542; baseline -0.002 -20"><span class='ocrx_word' id='word_1_31' title='bbox 535 2461 652 2533; x_wconf 83' lang='lat' dir='ltr'><strong>visset,</strong></span> <span class='ocrx_word' id='word_1_32' title='bbox 685 2457 773 2521; x_wconf 90' lang='lat' dir='ltr'><strong>docte</strong></span> <span class='ocrx_word' id='word_1_33' title='bbox 804 2464 836 2519; x_wconf 92' lang='lat' dir='ltr'><strong>et</strong></span> <span class='ocrx_word' id='word_1_34' title='bbox 866 2458 1022 2542; x_wconf 75' lang='lat' dir='ltr'><strong>sagaciter</strong></span> <span class='ocrx_word' id='word_1_35' title='bbox 1054 2461 1239 2539; x_wconf 89' lang='lat' dir='ltr'><strong>persecutus</strong></span> <span class='ocrx_word' id='word_1_36' title='bbox 1271 2463 1319 2520; x_wconf 90' lang='lat' dir='ltr'><strong>est</strong></span> <span class='ocrx_word' id='word_1_37' title='bbox 1350 2456 1502 2541; x_wconf 93' lang='lat' dir='ltr'><strong>quicquid</strong></span> <span class='ocrx_word' id='word_1_38' title='bbox 1536 2459 1728 2522; x_wconf 87' lang='lat' dir='ltr'><strong>recentiores</strong></span> 
     </span>
     <span class='ocr_line' id='line_1_9' title="bbox 536 2560 1728 2647; baseline -0.001 -20"><span class='ocrx_word' id='word_1_39' title='bbox 536 2584 566 2627; x_wconf 81' lang='lat' dir='ltr'><strong>v.</strong></span> <span class='ocrx_word' id='word_1_40' title='bbox 600 2563 629 2626; x_wconf 90' lang='lat' dir='ltr'><strong>d.</strong></span> <span class='ocrx_word' id='word_1_41' title='bbox 663 2562 700 2625; x_wconf 91' lang='lat' dir='ltr'><strong>de</strong></span> <span class='ocrx_word' id='word_1_42' title='bbox 725 2560 850 2625; x_wconf 76' lang='lat' dir='ltr'><strong>fabriles</strong></span> <span class='ocrx_word' id='word_1_43' title='bbox 873 2564 1120 2645; x_wconf 81' lang='lat' dir='ltr'><strong>compositione,</strong></span> <span class='ocrx_word' id='word_1_44' title='bbox 1145 2560 1267 2637; x_wconf 91' lang='lat' dir='ltr'><strong>indole,</strong></span> <span class='ocrx_word' id='word_1_45' title='bbox 1292 2564 1451 2646; x_wconf 90' lang='lat' dir='ltr'><strong>personis,</strong></span> <span class='ocrx_word' id='word_1_46' title='bbox 1476 2565 1566 2627; x_wconf 79' lang='lat' dir='ltr'><strong>vitiis</strong></span> <span class='ocrx_word' id='word_1_47' title='bbox 1591 2563 1728 2647; x_wconf 92' lang='lat' dir='ltr'><strong>denique</strong></span> 
     </span>
     <span class='ocr_line' id='line_1_10' title="bbox 536 2666 1728 2752; baseline -0.001 -20"><span class='ocrx_word' id='word_1_48' title='bbox 536 2668 799 2742; x_wconf 79' lang='lat' dir='ltr'><strong>observaverant,</strong></span> <span class='ocrx_word' id='word_1_49' title='bbox 824 2666 978 2731; x_wconf 89' lang='lat' dir='ltr'><strong>adnotans</strong></span> <span class='ocrx_word' id='word_1_50' title='bbox 997 2670 1126 2730; x_wconf 87' lang='lat' dir='ltr'><strong>interim</strong></span> <span class='ocrx_word' id='word_1_51' title='bbox 1148 2667 1223 2750; x_wconf 91' lang='lat' dir='ltr'><strong>quid</strong></span> <span class='ocrx_word' id='word_1_52' title='bbox 1243 2670 1305 2751; x_wconf 92' lang='lat' dir='ltr'><strong>ipsi</strong></span> <span class='ocrx_word' id='word_1_53' title='bbox 1325 2666 1507 2752; x_wconf 83' lang='lat' dir='ltr'><strong>displiceret</strong></span> <span class='ocrx_word' id='word_1_54' title='bbox 1524 2671 1558 2731; x_wconf 93' lang='lat' dir='ltr'><strong>in</strong></span> <span class='ocrx_word' id='word_1_55' title='bbox 1578 2671 1728 2732; x_wconf 84' lang='lat' dir='ltr'><strong>universa</strong></span> 
     </span>
     <span class='ocr_line' id='line_1_11' title="bbox 535 2771 1727 2858; baseline 0.002 -22"><span class='ocrx_word' id='word_1_56' title='bbox 535 2774 632 2836; x_wconf 90' lang='lat' dir='ltr'><strong>huius</strong></span> <span class='ocrx_word' id='word_1_57' title='bbox 643 2771 823 2836; x_wconf 90' lang='lat' dir='ltr'><strong>comoediae</strong></span> <span class='ocrx_word' id='word_1_58' title='bbox 835 2775 1030 2847; x_wconf 90' lang='lat' dir='ltr'><strong>oeconomia,</strong></span> <span class='ocrx_word' id='word_1_59' title='bbox 1049 2794 1085 2837; x_wconf 93' lang='lat' dir='ltr'><strong>eo</strong></span> <span class='ocrx_word' id='word_1_60' title='bbox 1098 2778 1232 2847; x_wconf 86' lang='lat' dir='ltr'><strong>eventu,</strong></span> <span class='ocrx_word' id='word_1_61' title='bbox 1251 2779 1289 2835; x_wconf 94' lang='lat' dir='ltr'><strong>ut</strong></span> <span class='ocrx_word' id='word_1_62' title='bbox 1301 2779 1407 2856; x_wconf 90' lang='lat' dir='ltr'><strong>spreta</strong></span> <span class='ocrx_word' id='word_1_63' title='bbox 1417 2772 1548 2838; x_wconf 90' lang='lat' dir='ltr'><strong>illorum</strong></span> <span class='ocrx_word' id='word_1_64' title='bbox 1561 2776 1727 2858; x_wconf 87' lang='lat' dir='ltr'><strong>opinione,</strong></span> 
     </span>
     <span class='ocr_line' id='line_1_12' title="bbox 535 2875 1725 2964; baseline 0 -22"><span class='ocrx_word' id='word_1_65' title='bbox 535 2882 589 2964; x_wconf 93' lang='lat' dir='ltr'><strong>qui</strong></span> <span class='ocrx_word' id='word_1_66' title='bbox 621 2875 818 2941; x_wconf 88' lang='lat' dir='ltr'><strong>Pseudolum</strong></span> <span class='ocrx_word' id='word_1_67' title='bbox 848 2876 1147 2962; x_wconf 83' lang='lat' dir='ltr'><strong>interpolationibus</strong></span> <span class='ocrx_word' id='word_1_68' title='bbox 1177 2880 1378 2962; x_wconf 84' lang='lat' dir='ltr'><strong>inquinatam</strong></span> <span class='ocrx_word' id='word_1_69' title='bbox 1410 2900 1477 2943; x_wconf 91' lang='lat' dir='ltr'><strong>esse</strong></span> <span class='ocrx_word' id='word_1_70' title='bbox 1504 2879 1725 2963; x_wconf 88' lang='lat' dir='ltr'><strong>perhiberent,</strong></span> 
     </span>
     <span class='ocr_line' id='line_1_13' title="bbox 534 2983 1726 3069; baseline -0.001 -20"><span class='ocrx_word' id='word_1_71' title='bbox 534 3006 605 3049; x_wconf 92' lang='lat' dir='ltr'><strong>eam</strong></span> <span class='ocrx_word' id='word_1_72' title='bbox 637 2987 743 3069; x_wconf 90' lang='lat' dir='ltr'><strong>potius</strong></span> <span class='ocrx_word' id='word_1_73' title='bbox 774 3005 811 3047; x_wconf 83' lang='lat' dir='ltr'><strong>er</strong></span> <span class='ocrx_word' id='word_1_74' title='bbox 836 2984 958 3048; x_wconf 90' lang='lat' dir='ltr'><strong>duabus</strong></span> <span class='ocrx_word' id='word_1_75' title='bbox 981 2986 1104 3069; x_wconf 81' lang='lat' dir='ltr'><strong>graecis</strong></span> <span class='ocrx_word' id='word_1_76' title='bbox 1128 2983 1296 3048; x_wconf 87' lang='lat' dir='ltr'><strong>conflatam</strong></span> <span class='ocrx_word' id='word_1_77' title='bbox 1321 3005 1388 3048; x_wconf 90' lang='lat' dir='ltr'><strong>esse</strong></span> <span class='ocrx_word' id='word_1_78' title='bbox 1412 2985 1634 3062; x_wconf 87' lang='lat' dir='ltr'><strong>contenderet,</strong></span> <span class='ocrx_word' id='word_1_79' title='bbox 1654 3005 1726 3069; x_wconf 91' lang='lat' dir='ltr'><strong>qua-</strong></span> 
     </span>
     <span class='ocr_line' id='line_1_14' title="bbox 533 3088 1726 3175; baseline 0 -22"><span class='ocrx_word' id='word_1_80' title='bbox 533 3111 605 3153; x_wconf 91' lang='lat' dir='ltr'><strong>rum</strong></span> <span class='ocrx_word' id='word_1_81' title='bbox 631 3088 730 3153; x_wconf 88' lang='lat' dir='ltr'><strong>altera</strong></span> <span class='ocrx_word' id='word_1_82' title='bbox 754 3111 811 3174; x_wconf 91' lang='lat' dir='ltr'><strong>pro</strong></span> <span class='ocrx_word' id='word_1_83' title='bbox 835 3099 1025 3173; x_wconf 83' lang='lat' dir='ltr'><strong>argumento</strong></span> <span class='ocrx_word' id='word_1_84' title='bbox 1049 3089 1215 3153; x_wconf 89' lang='lat' dir='ltr'><strong>habuisset</strong></span> <span class='ocrx_word' id='word_1_85' title='bbox 1234 3089 1474 3154; x_wconf 84' lang='lat' dir='ltr'><strong>frustrationem</strong></span> <span class='ocrx_word' id='word_1_86' title='bbox 1495 3090 1651 3155; x_wconf 91' lang='lat' dir='ltr'><strong>Ballionis</strong></span> <span class='ocrx_word' id='word_1_87' title='bbox 1672 3112 1726 3175; x_wconf 88' lang='lat' dir='ltr'><strong>per</strong></span> 
     </span>
     <span class='ocr_line' id='line_1_15' title="bbox 534 3193 1724 3278; baseline -0.002 -20"><span class='ocrx_word' id='word_1_88' title='bbox 534 3194 677 3278; x_wconf 89' lang='lat' dir='ltr'><strong>lepidum</strong></span> <span class='ocrx_word' id='word_1_89' title='bbox 709 3193 819 3257; x_wconf 90' lang='lat' dir='ltr'><strong>dolum</strong></span> <span class='ocrx_word' id='word_1_90' title='bbox 849 3194 926 3274; x_wconf 89' lang='lat' dir='ltr'><strong>(huc</strong></span> <span class='ocrx_word' id='word_1_91' title='bbox 957 3197 1152 3278; x_wconf 82' lang='lat' dir='ltr'><strong>pertinerent</strong></span> <span class='ocrx_word' id='word_1_92' title='bbox 1175 3194 1190 3257; x_wconf 94' lang='lat' dir='ltr'><strong>l</strong></span> <span class='ocrx_word' id='word_1_93' title='bbox 1214 3193 1244 3257; x_wconf 82' lang='lat'><strong>2.</strong></span> <span class='ocrx_word' id='word_1_94' title='bbox 1260 3193 1290 3270; x_wconf 85' lang='lat'><strong>3,</strong></span> <span class='ocrx_word' id='word_1_95' title='bbox 1323 3194 1354 3258; x_wconf 92' lang='grc' dir='ltr'><strong>ΙΙ</strong></span> <span class='ocrx_word' id='word_1_96' title='bbox 1378 3194 1477 3270; x_wconf 86' lang='grc'>2-4,</span> <span class='ocrx_word' id='word_1_97' title='bbox 1510 3195 1556 3259; x_wconf 90' lang='grc' dir='ltr'><strong>ΠΙ</strong></span> <span class='ocrx_word' id='word_1_98' title='bbox 1585 3195 1724 3270; x_wconf 83' lang='lat' dir='ltr'><strong>1.2,1v</strong></span> 
     </span>
     <span class='ocr_line' id='line_1_16' title="bbox 536 3297 1724 3383; baseline 0.003 -21"><span class='ocrx_word' id='word_1_99' title='bbox 536 3299 634 3375; x_wconf 84' lang='lat'><strong>1-4,</strong></span> <span class='ocrx_word' id='word_1_100' title='bbox 660 3297 703 3379; x_wconf 84' lang='lat'><strong>7),</strong></span> <span class='ocrx_word' id='word_1_101' title='bbox 735 3300 834 3364; x_wconf 89' lang='lat' dir='ltr'><strong>altera</strong></span> <span class='ocrx_word' id='word_1_102' title='bbox 865 3301 1105 3364; x_wconf 83' lang='lat' dir='ltr'><strong>frustrationem</strong></span> <span class='ocrx_word' id='word_1_103' title='bbox 1137 3299 1295 3374; x_wconf 85' lang='lat' dir='ltr'><strong>Simonis,</strong></span> <span class='ocrx_word' id='word_1_104' title='bbox 1329 3321 1424 3383; x_wconf 84' lang='lat' dir='ltr'><strong>quern</strong></span> <span class='ocrx_word' id='word_1_105' title='bbox 1456 3300 1589 3365; x_wconf 90' lang='lat' dir='ltr'><strong>callidus</strong></span> <span class='ocrx_word' id='word_1_106' title='bbox 1613 3322 1724 3365; x_wconf 85' lang='lat' dir='ltr'><strong>servus</strong></span> 
     </span>
     <span class='ocr_line' id='line_1_17' title="bbox 534 3405 1724 3471; baseline -0.001 -1"><span class='ocrx_word' id='word_1_107' title='bbox 534 3406 599 3470; x_wconf 86' lang='lat' dir='ltr'><strong>XX</strong></span> <span class='ocrx_word' id='word_1_108' title='bbox 620 3407 717 3469; x_wconf 91' lang='lat' dir='ltr'><strong>minis</strong></span> <span class='ocrx_word' id='word_1_109' title='bbox 735 3408 995 3469; x_wconf 82' lang='lat' dir='ltr'><strong>circumverteret</strong></span> <span class='ocrx_word' id='word_1_110' title='bbox 1014 3405 1053 3469; x_wconf 86' lang='lat' dir='ltr'><strong>ad</strong></span> <span class='ocrx_word' id='word_1_111' title='bbox 1074 3406 1241 3470; x_wconf 87' lang='lat' dir='ltr'><strong>emendam</strong></span> <span class='ocrx_word' id='word_1_112' title='bbox 1262 3405 1320 3469; x_wconf 90' lang='lat' dir='ltr'><strong>filii</strong></span> <span class='ocrx_word' id='word_1_113' title='bbox 1340 3408 1487 3470; x_wconf 87' lang='lat' dir='ltr'><strong>amicam.</strong></span> <span class='ocrx_word' id='word_1_114' title='bbox 1508 3405 1579 3470; x_wconf 90' lang='lat' dir='ltr'><strong>Hae</strong></span> <span class='ocrx_word' id='word_1_115' title='bbox 1600 3405 1724 3471; x_wconf 87' lang='lat' dir='ltr'><strong>fabulae</strong></span> 
     </span>
     <span class='ocr_line' id='line_1_18' title="bbox 532 3509 1741 3595; baseline 0.001 -20"><span class='ocrx_word' id='word_1_116' title='bbox 532 3515 566 3575; x_wconf 85' lang='lat' dir='ltr'><strong>in</strong></span> <span class='ocrx_word' id='word_1_117' title='bbox 593 3532 696 3574; x_wconf 90' lang='lat' dir='ltr'><strong>unum</strong></span> <span class='ocrx_word' id='word_1_118' title='bbox 726 3510 889 3575; x_wconf 89' lang='lat' dir='ltr'><strong>conciliari</strong></span> <span class='ocrx_word' id='word_1_119' title='bbox 919 3532 980 3575; x_wconf 92' lang='lat' dir='ltr'><strong>non</strong></span> <span class='ocrx_word' id='word_1_120' title='bbox 1011 3517 1186 3595; x_wconf 88' lang='lat' dir='ltr'><strong>potuerunt</strong></span> <span class='ocrx_word' id='word_1_121' title='bbox 1209 3514 1276 3575; x_wconf 90' lang='lat' dir='ltr'><strong>sine</strong></span> <span class='ocrx_word' id='word_1_122' title='bbox 1301 3509 1413 3574; x_wconf 90' lang='lat' dir='ltr'><strong>multis</strong></span> <span class='ocrx_word' id='word_1_123' title='bbox 1436 3512 1672 3576; x_wconf 88' lang='lat' dir='ltr'><strong>mutationibus</strong></span> <span class='ocrx_word' id='word_1_124' title='bbox 1694 3518 1741 3576; x_wconf 89' lang='lat' dir='ltr'><strong>et.</strong></span> 
     </span>
     <span class='ocr_line' id='line_1_19' title="bbox 533 3615 1725 3703; baseline -0.002 -22"><span class='ocrx_word' id='word_1_125' title='bbox 533 3617 776 3691; x_wconf 89' lang='lat' dir='ltr'><strong>additamentis,</strong></span> <span class='ocrx_word' id='word_1_126' title='bbox 802 3615 884 3679; x_wconf 90' lang='lat' dir='ltr'><strong>unde</strong></span> <span class='ocrx_word' id='word_1_127' title='bbox 907 3616 1028 3679; x_wconf 86' lang='lat' dir='ltr'><strong>factum</strong></span> <span class='ocrx_word' id='word_1_128' title='bbox 1053 3636 1119 3679; x_wconf 88' lang='lat' dir='ltr'><strong>esse</strong></span> <span class='ocrx_word' id='word_1_129' title='bbox 1140 3615 1293 3691; x_wconf 90' lang='lat' dir='ltr'><strong>affirmat,</strong></span> <span class='ocrx_word' id='word_1_130' title='bbox 1316 3623 1353 3679; x_wconf 92' lang='lat' dir='ltr'><strong>ut</strong></span> <span class='ocrx_word' id='word_1_131' title='bbox 1372 3636 1455 3679; x_wconf 91' lang='lat' dir='ltr'><strong>nnnc</strong></span> <span class='ocrx_word' id='word_1_132' title='bbox 1473 3616 1566 3680; x_wconf 88' lang='lat' dir='ltr'><strong>nobis</strong></span> <span class='ocrx_word' id='word_1_133' title='bbox 1586 3619 1725 3703; x_wconf 88' lang='lat' dir='ltr'><strong>supersit</strong></span> 
     </span>
     <span class='ocr_line' id='line_1_20' title="bbox 533 3719 1588 3803; baseline -0.002 -17"><span class='ocrx_word' id='word_1_134' title='bbox 533 3721 695 3787; x_wconf 89' lang='lat' dir='ltr'><strong>comoedia</strong></span> <span class='ocrx_word' id='word_1_135' title='bbox 719 3719 832 3784; x_wconf 89' lang='lat' dir='ltr'><strong>multis</strong></span> <span class='ocrx_word' id='word_1_136' title='bbox 856 3721 1038 3785; x_wconf 90' lang='lat' dir='ltr'><strong>nominibus</strong></span> <span class='ocrx_word' id='word_1_137' title='bbox 1060 3723 1249 3785; x_wconf 91' lang='lat' dir='ltr'><strong>inconcinna</strong></span> <span class='ocrx_word' id='word_1_138' title='bbox 1272 3720 1396 3803; x_wconf 90' lang='lat' dir='ltr'><strong>sibique</strong></span> <span class='ocrx_word' id='word_1_139' title='bbox 1419 3724 1588 3785; x_wconf 90' lang='lat' dir='ltr'><strong>contraria.</strong></span> 
     </span>
    </p>

    <p class='ocr_par' dir='ltr' id='par_1_6' title="bbox 532 3825 1725 4330">
     <span class='ocr_line' id='line_1_21' title="bbox 579 3825 1723 3909; baseline -0.002 -20"><span class='ocrx_word' id='word_1_140' title='bbox 579 3826 781 3909; x_wconf 80' lang='lat' dir='ltr'><strong>Quamquam</strong></span> <span class='ocrx_word' id='word_1_141' title='bbox 812 3825 892 3889; x_wconf 90' lang='lat' dir='ltr'><strong>hanc</strong></span> <span class='ocrx_word' id='word_1_142' title='bbox 922 3826 1027 3890; x_wconf 88' lang='lat' dir='ltr'><strong>thesin</strong></span> <span class='ocrx_word' id='word_1_143' title='bbox 1051 3846 1169 3909; x_wconf 84' lang='lat' dir='ltr'><strong>magna</strong></span> <span class='ocrx_word' id='word_1_144' title='bbox 1193 3832 1261 3889; x_wconf 83' lang='lat' dir='ltr'><strong>arte</strong></span> <span class='ocrx_word' id='word_1_145' title='bbox 1283 3827 1486 3909; x_wconf 84' lang='lat' dir='ltr'><strong>praeparavit</strong></span> <span class='ocrx_word' id='word_1_146' title='bbox 1509 3834 1541 3889; x_wconf 89' lang='lat' dir='ltr'><strong>et</strong></span> <span class='ocrx_word' id='word_1_147' title='bbox 1566 3825 1723 3904; x_wconf 82' lang='lat' dir='ltr'><strong>defendit,</strong></span> 
     </span>
     <span class='ocr_line' id='line_1_22' title="bbox 534 3929 1725 4014; baseline 0.001 -21"><span class='ocrx_word' id='word_1_148' title='bbox 534 3930 616 3994; x_wconf 90' lang='lat' dir='ltr'><strong>mihi</strong></span> <span class='ocrx_word' id='word_1_149' title='bbox 647 3938 753 3994; x_wconf 90' lang='lat' dir='ltr'><strong>tamen</strong></span> <span class='ocrx_word' id='word_1_150' title='bbox 784 3930 916 4014; x_wconf 89' lang='lat' dir='ltr'><strong>probare</strong></span> <span class='ocrx_word' id='word_1_151' title='bbox 940 3951 1010 3995; x_wconf 86' lang='lat' dir='ltr'><strong>eam</strong></span> <span class='ocrx_word' id='word_1_152' title='bbox 1035 3951 1097 3995; x_wconf 90' lang='lat' dir='ltr'><strong>non</strong></span> <span class='ocrx_word' id='word_1_153' title='bbox 1122 3932 1237 4013; x_wconf 90' lang='lat' dir='ltr'><strong>potuit.</strong></span> <span class='ocrx_word' id='word_1_154' title='bbox 1262 3929 1332 3993; x_wconf 91' lang='lat' dir='ltr'><strong>Non</strong></span> <span class='ocrx_word' id='word_1_155' title='bbox 1357 3934 1464 3994; x_wconf 90' lang='lat' dir='ltr'><strong>autem</strong></span> <span class='ocrx_word' id='word_1_156' title='bbox 1488 3933 1522 3993; x_wconf 92' lang='lat' dir='ltr'><strong>in</strong></span> <span class='ocrx_word' id='word_1_157' title='bbox 1546 3934 1656 3995; x_wconf 89' lang='lat' dir='ltr'><strong>animo</strong></span> <span class='ocrx_word' id='word_1_158' title='bbox 1678 3940 1725 3996; x_wconf 88' lang='lat' dir='ltr'><strong>est</strong></span> 
     </span>
     <span class='ocr_line' id='line_1_23' title="bbox 532 4034 1723 4119; baseline 0 -20"><span class='ocrx_word' id='word_1_159' title='bbox 532 4055 642 4099; x_wconf 89' lang='lat' dir='ltr'><strong>omnes</strong></span> <span class='ocrx_word' id='word_1_160' title='bbox 673 4036 736 4097; x_wconf 90' lang='lat' dir='ltr'><strong>viri</strong></span> <span class='ocrx_word' id='word_1_161' title='bbox 766 4034 945 4098; x_wconf 89' lang='lat' dir='ltr'><strong>doctissimi</strong></span> <span class='ocrx_word' id='word_1_162' title='bbox 975 4036 1269 4119; x_wconf 84' lang='lat' dir='ltr'><strong>argumentationes</strong></span> <span class='ocrx_word' id='word_1_163' title='bbox 1300 4055 1383 4097; x_wconf 91' lang='lat' dir='ltr'><strong>nnnc</strong></span> <span class='ocrx_word' id='word_1_164' title='bbox 1415 4037 1571 4119; x_wconf 89' lang='lat' dir='ltr'><strong>persequi.</strong></span> <span class='ocrx_word' id='word_1_165' title='bbox 1605 4035 1723 4099; x_wconf 87' lang='lat' dir='ltr'><strong>Rerum</strong></span> 
     </span>
     <span class='ocr_line' id='line_1_24' title="bbox 534 4136 1724 4224; baseline 0.001 -22"><span class='ocrx_word' id='word_1_166' title='bbox 534 4138 754 4223; x_wconf 89' lang='lat' dir='ltr'><strong>plautinarum</strong></span> <span class='ocrx_word' id='word_1_167' title='bbox 785 4138 943 4203; x_wconf 91' lang='lat' dir='ltr'><strong>studiosos</strong></span> <span class='ocrx_word' id='word_1_168' title='bbox 974 4138 1014 4203; x_wconf 92' lang='lat' dir='ltr'><strong>ad</strong></span> <span class='ocrx_word' id='word_1_169' title='bbox 1042 4141 1146 4222; x_wconf 90' lang='lat' dir='ltr'><strong>ipsam</strong></span> <span class='ocrx_word' id='word_1_170' title='bbox 1178 4138 1435 4202; x_wconf 88' lang='lat' dir='ltr'><strong>dissertationem</strong></span> <span class='ocrx_word' id='word_1_171' title='bbox 1466 4136 1594 4224; x_wconf 80' lang='lat' dir='ltr'><strong>relego,</strong></span> <span class='ocrx_word' id='word_1_172' title='bbox 1628 4160 1724 4224; x_wconf 92' lang='lat' dir='ltr'><strong>quam</strong></span> 
     </span>
     <span class='ocr_line' id='line_1_25' title="bbox 533 4240 1722 4330; baseline 0.001 -23"><span class='ocrx_word' id='word_1_173' title='bbox 533 4265 626 4308; x_wconf 92' lang='lat' dir='ltr'><strong>nemo</strong></span> <span class='ocrx_word' id='word_1_174' title='bbox 661 4245 716 4327; x_wconf 91' lang='lat' dir='ltr'><strong>qui</strong></span> <span class='ocrx_word' id='word_1_175' title='bbox 747 4243 785 4306; x_wconf 92' lang='lat' dir='ltr'><strong>de</strong></span> <span class='ocrx_word' id='word_1_176' title='bbox 814 4241 973 4307; x_wconf 86' lang='lat' dir='ltr'><strong>Pseudolo</strong></span> <span class='ocrx_word' id='word_1_177' title='bbox 1002 4242 1144 4307; x_wconf 91' lang='lat' dir='ltr'><strong>iudicare</strong></span> <span class='ocrx_word' id='word_1_178' title='bbox 1174 4240 1255 4305; x_wconf 85' lang='lat' dir='ltr'><strong>velit</strong></span> <span class='ocrx_word' id='word_1_179' title='bbox 1285 4244 1352 4306; x_wconf 92' lang='lat' dir='ltr'><strong>sine</strong></span> <span class='ocrx_word' id='word_1_180' title='bbox 1383 4241 1498 4306; x_wconf 88' lang='lat' dir='ltr'><strong>damno</strong></span> <span class='ocrx_word' id='word_1_181' title='bbox 1529 4242 1675 4330; x_wconf 77' lang='lat' dir='ltr'><strong>negliget</strong></span> <span class='ocrx_word' id='word_1_182' title='bbox 1691 4243 1722 4322; x_wconf 89' lang='lat'><strong>¹).</strong></span> 
     </span>
    </p>
   </div>
   <div class='ocr_carea' id='block_1_6' title="bbox 530 4451 1725 4840">
    <p class='ocr_par' dir='ltr' id='par_1_7' title="bbox 530 4451 1725 4840">
     <span class='ocr_line' id='line_1_26' title="bbox 566 4451 1724 4520; baseline 0.001 -17"><span class='ocrx_word' id='word_1_183' title='bbox 566 4455 594 4518; x_wconf 94' lang='lat'><strong>1)</strong></span> <span class='ocrx_word' id='word_1_184' title='bbox 618 4452 774 4518; x_wconf 73' lang='lat' dir='ltr'><strong>Quaestiones</strong></span> <span class='ocrx_word' id='word_1_185' title='bbox 797 4452 826 4499; x_wconf 86' lang='lat' dir='ltr'><strong>de</strong></span> <span class='ocrx_word' id='word_1_186' title='bbox 851 4452 931 4500; x_wconf 88' lang='lat' dir='ltr'><strong>Plsuti</strong></span> <span class='ocrx_word' id='word_1_187' title='bbox 955 4451 1085 4509; x_wconf 85' lang='lat' dir='ltr'><strong>Pseudolo,</strong></span> <span class='ocrx_word' id='word_1_188' title='bbox 1102 4452 1240 4515; x_wconf 81' lang='lat' dir='ltr'><strong>Groningae</strong></span> <span class='ocrx_word' id='word_1_189' title='bbox 1255 4468 1292 4516; x_wconf 87' lang='lat' dir='ltr'><strong>sp.</strong></span> <span class='ocrx_word' id='word_1_190' title='bbox 1307 4452 1431 4501; x_wconf 84' lang='lat' dir='ltr'><strong>Soboltens</strong></span> <span class='ocrx_word' id='word_1_191' title='bbox 1448 4453 1519 4505; x_wconf 75' lang='lat' dir='ltr'><strong>leat.</strong></span> <span class='ocrx_word' id='word_1_192' title='bbox 1536 4455 1636 4504; x_wconf 78' lang='lat' dir='ltr'><strong>Praeter</strong></span> <span class='ocrx_word' id='word_1_193' title='bbox 1651 4457 1724 4520; x_wconf 85' lang='lat' dir='ltr'><strong>ipsssn</strong></span> 
     </span>
     <span class='ocr_line' id='line_1_27' title="bbox 531 4532 1724 4599; baseline 0.002 -15"><span class='ocrx_word' id='word_1_194' title='bbox 531 4535 637 4585; x_wconf 80' lang='lat' dir='ltr'><strong>tabulam</strong></span> <span class='ocrx_word' id='word_1_195' title='bbox 661 4535 737 4583; x_wconf 85' lang='lat' dir='ltr'><strong>multa</strong></span> <span class='ocrx_word' id='word_1_196' title='bbox 759 4533 838 4595; x_wconf 77' lang='lat' dir='ltr'><strong>tetigit</strong></span> <span class='ocrx_word' id='word_1_197' title='bbox 862 4532 924 4581; x_wconf 86' lang='lat' dir='ltr'><strong>lectu</strong></span> <span class='ocrx_word' id='word_1_198' title='bbox 941 4533 1025 4596; x_wconf 81' lang='lat' dir='ltr'><strong>digne,</strong></span> <span class='ocrx_word' id='word_1_199' title='bbox 1042 4534 1162 4598; x_wconf 83' lang='lat' dir='ltr'><strong>imprimis</strong></span> <span class='ocrx_word' id='word_1_200' title='bbox 1181 4551 1203 4598; x_wconf 88' lang='lat' dir='ltr'><strong>p.</strong></span> <span class='ocrx_word' id='word_1_201' title='bbox 1220 4534 1328 4592; x_wconf 75' lang='lat'><strong>49-82,</strong></span> <span class='ocrx_word' id='word_1_202' title='bbox 1349 4535 1391 4582; x_wconf 79' lang='lat' dir='ltr'><strong>.de</strong></span> <span class='ocrx_word' id='word_1_203' title='bbox 1409 4535 1636 4599; x_wconf 77' lang='lat' dir='ltr'><strong>interpolationibus</strong></span> <span class='ocrx_word' id='word_1_204' title='bbox 1654 4539 1724 4587; x_wconf 84' lang='lat' dir='ltr'><strong>Plen-</strong></span> 
     </span>
     <span class='ocr_line' id='line_1_28' title="bbox 530 4613 1725 4681; baseline 0 -15"><span class='ocrx_word' id='word_1_205' title='bbox 530 4617 614 4674; x_wconf 85' lang='lat' dir='ltr'><strong>tinis&#39;&#39;,</strong></span> <span class='ocrx_word' id='word_1_206' title='bbox 641 4616 680 4664; x_wconf 85' lang='lat' dir='ltr'><strong>nbi</strong></span> <span class='ocrx_word' id='word_1_207' title='bbox 706 4615 830 4679; x_wconf 84' lang='lat' dir='ltr'><strong>plerssqne</strong></span> <span class='ocrx_word' id='word_1_208' title='bbox 857 4613 926 4661; x_wconf 89' lang='lat' dir='ltr'><strong>reicit</strong></span> <span class='ocrx_word' id='word_1_209' title='bbox 947 4618 972 4662; x_wconf 87' lang='lat' dir='ltr'><strong>et</strong></span> <span class='ocrx_word' id='word_1_210' title='bbox 993 4613 1120 4662; x_wconf 87' lang='lat' dir='ltr'><strong>Biicheleri</strong></span> <span class='ocrx_word' id='word_1_211' title='bbox 1144 4615 1279 4678; x_wconf 86' lang='lat' dir='ltr'><strong>opinionem</strong></span> <span class='ocrx_word' id='word_1_212' title='bbox 1304 4615 1394 4663; x_wconf 76' lang='lat' dir='ltr'><strong>refellit</strong></span> <span class='ocrx_word' id='word_1_213' title='bbox 1416 4615 1506 4664; x_wconf 88' lang='lat' dir='ltr'><strong>multss</strong></span> <span class='ocrx_word' id='word_1_214' title='bbox 1529 4617 1725 4681; x_wconf 73' lang='lat' dir='ltr'><strong>interpolationes</strong></span> 
     </span>
     <span class='ocr_line' id='line_1_29' title="bbox 532 4695 1723 4762; baseline -0.001 -16"><span class='ocrx_word' id='word_1_215' title='bbox 532 4705 598 4747; x_wconf 84' lang='lat' dir='ltr'><strong>ortas</strong></span> <span class='ocrx_word' id='word_1_216' title='bbox 620 4713 670 4745; x_wconf 84' lang='lat' dir='ltr'><strong>esse</strong></span> <span class='ocrx_word' id='word_1_217' title='bbox 693 4698 760 4751; x_wconf 84' lang='lat' dir='ltr'><strong>inde,</strong></span> <span class='ocrx_word' id='word_1_218' title='bbox 781 4696 842 4757; x_wconf 89' lang='lat' dir='ltr'><strong>qnod</strong></span> <span class='ocrx_word' id='word_1_219' title='bbox 860 4695 1021 4759; x_wconf 87' lang='lat' dir='ltr'><strong>spurcioribus</strong></span> <span class='ocrx_word' id='word_1_220' title='bbox 1039 4696 1096 4744; x_wconf 88' lang='lat' dir='ltr'><strong>locis</strong></span> <span class='ocrx_word' id='word_1_221' title='bbox 1114 4697 1283 4743; x_wconf 81' lang='lat' dir='ltr'><strong>verecundiora</strong></span> <span class='ocrx_word' id='word_1_222' title='bbox 1298 4702 1499 4760; x_wconf 86' lang='lat' dir='ltr'><strong>supponerentur,</strong></span> <span class='ocrx_word' id='word_1_223' title='bbox 1513 4704 1538 4745; x_wconf 89' lang='lat' dir='ltr'><strong>et</strong></span> <span class='ocrx_word' id='word_1_224' title='bbox 1553 4715 1575 4762; x_wconf 90' lang='lat' dir='ltr'><strong>p.</strong></span> <span class='ocrx_word' id='word_1_225' title='bbox 1596 4700 1723 4749; x_wconf 75' lang='lat' dir='ltr'><strong>los-148</strong></span> 
     </span>
     <span class='ocr_line' id='line_1_30' title="bbox 534 4775 889 4840; baseline -0.017 -11"><span class='ocrx_word' id='word_1_226' title='bbox 534 4780 577 4829; x_wconf 69' lang='lat' dir='ltr'><strong>ads</strong></span> <span class='ocrx_word' id='word_1_227' title='bbox 593 4779 683 4827; x_wconf 87' lang='lat' dir='ltr'><strong>criticis</strong></span> <span class='ocrx_word' id='word_1_228' title='bbox 700 4789 723 4825; x_wconf 84' lang='lat' dir='ltr'><strong>et</strong></span> <span class='ocrx_word' id='word_1_229' title='bbox 741 4775 889 4840; x_wconf 76' lang='lat' dir='ltr'><strong>exegeticis”.</strong></span> 
     </span>
    </p>
   </div>
   <div class='ocr_carea' id='block_1_7' title="bbox 0 0 2268 5949">
    <p class='ocr_par' dir='ltr' id='par_1_8' title="bbox 0 0 2268 5949">
     <span class='ocr_line' id='line_1_31' title="bbox 0 0 2268 5949; baseline 0 0"><span class='ocrx_word' id='word_1_230' title='bbox 0 0 2268 5949; x_wconf 95' lang='lat' dir='ltr'><strong> </strong></span> 
     </span>
    </p>
   </div>
  </div>
 </body>
</html>
