4525 5950
991 690 1127 739 888888.
1571 672 1637 738 119

490 852 612 918 Deinde
634 856 704 935 iure
727 859 835 918 nostro
854 855 944 919 nobis
964 856 1144 940 improbare
1164 855 1257 920 modo
1277 855 1465 919 videbamur
1484 876 1638 919 versuum

441 958 505 1037 XI,
532 957 597 1025 745
610 980 677 1044 sqq.
702 958 891 1024 lectionem:

629 1065 746 1149 Perque
768 1066 834 1128 dies
850 1066 991 1146 placidos
1014 1066 1147 1128 hiberno
1171 1070 1314 1149 tempore
1338 1071 1461 1149 septem

627 1169 762 1235 Incubet
784 1171 928 1258 Alcyone
952 1171 1164 1256 pendentibus
1187 1191 1321 1255 8888888
1345 1171 1438 1234 nidis.

630 1276 711 1339 11888
734 1277 811 1340 iacet
834 1279 916 1340 888818
938 1277 1048 1353 marie,

443 1384 601 1465 quoniam
634 1380 920 1467 languidissimum
954 1385 988 1446 in
1022 1381 1157 1446 modum
1196 1383 1242 1445 bis
1276 1381 1363 1447 idem
1394 1382 1440 1446 ibi
1471 1382 1639 1459 diceretur,

441 1487 592 1570 nihilque
622 1489 656 1551 in
686 1490 749 1552 isto
780 1494 851 1551 1888
877 1488 954 1551 iacet
977 1489 1059 1550 unda
1083 1488 1176 1549 morie
1199 1489 1316 1551 inesset
1340 1487 1423 1571 qued
1447 1508 1510 1551 non
1534 1488 1639 1551 verbis

444 1614 477 1677 q.
512 1614 536 1658 8.
575 1594 640 1656 dics
665 1594 806 1675 placidos
838 1600 920 1659 88881
951 1593 1180 1679 significatum.
1212 1592 1350 1669 Verum,
1381 1593 1528 1670 obsecro,
1559 1615 1639 1658 num

443 1701 555 1762 minus
584 1697 719 1784 languet
741 1705 822 1761 mota
845 1722 948 1762 monus
966 1721 1123 1781 procerum
1147 1705 1191 1761 881
1214 1701 1250 1778 (1.
1271 1719 1298 1761 8.
1323 1697 1455 1784 Ulysses
1478 1699 1640 1763 iudicibus

444 1806 623 1889 persuasit,
658 1804 806 1869 facundia
836 1826 895 1869 sua
925 1827 977 1870 eos
1008 1804 1047 1869 ad
1079 1824 1153 1869 suas
1184 1806 1342 1889 pertraxit
1372 1812 1491 1888 partos)
1515 1805 1641 1890 etquid

435 1909 600 1996 facundia
623 1917 726 1993 ,888881
757 1932 789 1973 re
814 1908 942 1992 ,8818111
972 1910 1084 1975 Nonne
1115 1910 1168 1974 hic
1193 1930 1320 1994 quoque
1342 1913 1582 1994 ineptissimum
1604 1913 1639 1974 in

441 2015 579 2082 modum
611 2016 659 2079 bis
687 2015 773 2081 idem
810 2012 950 2080 dicitur?
981 2016 1028 2078 118
1052 2016 1175 2098 patuit:
1210 2036 1290 2100 quae
1320 2022 1368 2079 est
1397 2037 1447 2080 res
1469 2015 1543 2091 1118,
1567 2019 1639 2101 8818

441 2127 553 2199 actus,
577 2143 639 2207 quo
662 2125 769 2207 patuit
792 2119 896 2186 illud?
926 2121 1037 2186 Nonne
1060 2125 1093 2185 in
1116 2129 1184 2185 tam
1208 2121 1317 2185 vivida
1340 2125 1519 2187 8888811888
1541 2130 1638 2185 actum

441 2226 542 2292 illum
577 2234 704 2292 tantum
740 2248 802 2292 non
838 2226 940 2291 oculis
971 2228 1088 2290 nostris
1119 2247 1247 2290 cernere
1278 2224 1452 2291 debemus?
1487 2229 1531 2291 At
1561 2227 1638 2312 quid

442 2355 531 2399 nunc
543 2331 723 2398 cemimus?
740 2332 898 2399 Vultusne
909 2332 1127 2410 laudantium,
1146 2333 1370 2416 probantium,
1389 2330 1638 2398 admirantium?

441 2439 553 2504 Nimis
583 2437 666 2504 erile
696 2439 784 2503 istud
814 2440 974 2523 nimisque
1006 2439 1093 2502 vitae
1115 2458 1239 2522 expers.
1264 2437 1424 2523 Denique,
1449 2445 1487 2502 ut
1510 2438 1637 2503 tandem

441 2545 560 2631 longae
595 2543 807 2629 disputationi
840 2546 1045 2628 imponamus
1077 2543 1190 2620 finem,
1223 2544 1268 2607 sic
1300 2550 1367 2607 tota
1394 2564 1444 2607 res
1474 2564 1507 2609 se
1531 2544 1637 2609 habet.

443 2650 642 2716 Audivimus
677 2651 806 2714 Aiacem
844 2647 1060 2735 Ulyssemque
1094 2650 1271 2713 orationem
1303 2649 1471 2713 habentes:
1504 2655 1638 2733 uterque

442 2757 565 2841 raptim
595 2756 702 2819 verbis
732 2758 799 2819 suis
830 2775 984 2840 magnam
1016 2753 1145 2818 Troiani
1176 2753 1254 2818 belli
1282 2756 1480 2838 percucurrit
1503 2761 1639 2838 partem.

442 2862 489 2927 At
523 2882 585 2926 non
619 2863 652 2926 in
688 2862 759 2944 ipso
790 2859 925 2924 Troiano
955 2857 1039 2924 bello
1068 2880 1154 2923 nunc
1181 2866 1293 2944 poetae
1322 2880 1449 2924 carmen
1481 2867 1638 2938 versatur,

442 2967 527 3033 alius
558 2974 606 3033 est
636 2966 744 3044 locus,
777 2974 906 3052 tempus
937 2964 1043 3043 aliud,
1075 2965 1140 3031 alia
1167 2987 1217 3030 888
1240 2967 1359 3052 agitur.
1384 2964 1471 3045 Quae
1493 2965 1551 3031 illa
1573 2968 1640 3031 8181

440 3074 551 3138 verbis
568 3093 666 3158 quam
685 3071 907 3137 disertissimis
926 3093 1039 3136 sumus
1058 3071 1223 3148 monendi,
1244 3092 1319 3136 nam
1339 3072 1522 3157 periculum
1539 3079 1639 3138 estne

440 3185 568 3244 888188
590 3184 716 3243 8881888
739 3199 757 3242 8
777 3184 888 3263 poetae
907 3179 1053 3242 aberrent
1074 3176 1217 3242 consilio.
1241 3176 1350 3241 Firma
1371 3198 1447 3264 ergo
1467 3178 1640 3245 88881118

440 3305 529 3349 8888
547 3285 648 3349 181188
665 3286 855 3348 narrationis
875 3283 1009 3348 attrahit
1025 3282 1209 3359 vinculum,
1223 3285 1341 3368 881888
1354 3286 1398 3348 818
1410 3305 1541 3349 exorsus
1553 3291 1638 3349 erat:

494 3391 654 3453 0888881888
672 3390 771 3465 dcccc,
792 3388 877 3475 quod
896 3390 1059 3474 pingentis
1077 3392 1186 3473 potius
1204 3387 1332 3453 videtur
1351 3410 1448 3474 8888
1464 3393 1638 3466 narrantis,

441 3494 508 3560 alia
539 3494 650 3559 tabula
672 3515 734 3559 uon
758 3497 866 3559 minus
889 3496 1020 3580 egregia
1043 3493 1243 3578 praeclarum
1266 3492 1374 3559 locum
1398 3494 1535 3559 claudit:
1560 3502 1639 3558 mota

441 3623 549 3665 manue
573 3623 731 3683 procerem
763 3608 807 3664 881
837 3603 859 3665 1.
881 3621 908 3664 8.
935 3620 1065 3686 „reges,
1089 3599 1229 3675 iudices,
1254 3621 1369 3665 manus
1392 3608 1565 3666 moverunt
1587 3602 1640 3667 vel

441 3709 516 3788 πρὸς
541 3715 598 3780 τῆν
621 3705 885 3788 χ8888888188881
910 3714 946 3770 ut
971 3705 1105 3770 tabellas
1129 3714 1295 3772 sumerent
1318 3709 1406 3772 8118
1431 3727 1546 3771 88888
1570 3729 1640 3773 con·

439 3812 609 3879 iicerent'’.
630 3812 700 3877 Hoc
721 3812 837 3878 Ovidio
857 3812 1011 3899 dignum,
1033 3813 1092 3876 hoc
1112 3815 1182 3898 ipso
1195 3811 1360 3898 flagitatur
1372 3820 1574 3899 argumento.
1597 3812 1640 3878 Et

440 3940 482 3983 88
503 3921 575 4003 8818
594 3924 687 4004 putet
702 3917 822 4003 plurali
834 3919 886 3983 hic
898 3939 1033 3983 888888
1047 3938 1223 4003 opusesse,
1237 3921 1439 4003 quantumin
1452 3919 1639 4005 hocgenere

441 4027 547 4111 poetis
568 4026 610 4087 sit
629 4044 813 4088 concessum
833 4022 887 4087 vel
908 4044 946 4087 88
963 4024 1023 4088 hoc
1036 4043 1132 4087 versu
1144 4030 1248 4107 potest
1260 4044 1448 4109 cognoscere
1460 4024 1528 4107 (VI,
1542 4024 1638 4106 363):

578 4128 645 4194 Nec
668 4132 745 4193 satis
769 4136 833 4205 est,
858 4133 945 4214 ipsos
968 4133 1066 4194 etiam
1087 4129 1274 4213 pedibusque
1297 4153 1443 4215 manuque

580 4233 762 4300 Turbavero
785 4234 884 4299 lacus.

910 4340 1208 4419 (mariscalcum).

439 4508 512 4557 88888
535 4493 576 4556 881
594 4491 666 4541 verbe
682 4491 938 4541 88118818881188188
956 4506 999 4556 per
1016 4491 1091 4539 81888
1108 4490 1234 4554 iocumque
1252 4492 1277 4539 in
1295 4507 1362 4540 suum
1379 4493 1500 4542 convertit
1519 4509 1587 4542 usum
1605 4497 1640 4543 81·

438 4592 486 4640 888
507 4590 536 4623 co
557 4590 627 4623 88888
651 4573 748 4623 adhibet
766 4575 794 4622 de
813 4590 861 4638 888
878 4577 962 4622 888188
979 4589 1008 4621 88
1025 4573 1141 4635 cogitavit
1158 4573 1263 4637 quidem.
1283 4574 1369 4622 Nonne
1387 4591 1455 4640 88888
1473 4591 1516 4624 888
1533 4576 1637 4640 8118888

441 4658 606 4707 ‚laudatorem
629 4656 740 4720 temporis
763 4655 830 4705 acti”
853 4656 1000 4721 appellamus
1022 4656 1214 4705 881888811881
1232 4671 1280 4704 888
1298 4661 1409 4705 88888188
1426 4657 1538 4708 combula
1555 4663 1637 4707 881818

440 4739 507 4790 omni
524 4753 606 4788 888888
623 4752 693 4789 88888
710 4739 756 4787 8181
774 4739 835 4788 illud
853 4755 878 4788 88
890 4754 965 4803 puero
983 4737 1096 4786 88881811
