<?xml version="1.0" encoding="UTF-8"?>
<!DOCTYPE html PUBLIC "-//W3C//DTD XHTML 1.0 Transitional//EN"
    "http://www.w3.org/TR/xhtml1/DTD/xhtml1-transitional.dtd">
<html xmlns="http://www.w3.org/1999/xhtml" xml:lang="en" lang="en">
 <head>
  <title>
</title>
<meta http-equiv="Content-Type" content="text/html;charset=utf-8" />
  <meta name='ocr-system' content='tesseract 3.04.00' />
  <meta name='ocr-capabilities' content='ocr_page ocr_carea ocr_par ocr_line ocrx_word'/>
</head>
<body>
  <div class='ocr_page' id='page_1' title='image "./mnemosyne07verdgoog_0772.png"; bbox 0 0 4525 5950; ppageno 0'>
   <div class='ocr_carea' id='block_1_1' title="bbox 439 1365 1629 1464">
    <p class='ocr_par' dir='ltr' id='par_1_1' title="bbox 439 1365 1629 1464">
     <span class='ocr_line' id='line_1_1' title="bbox 439 1365 1629 1464; baseline -0.008 -1"><span class='ocrx_word' id='word_1_1' title='bbox 439 1371 782 1464; x_wconf 76' lang='lat' dir='ltr'><strong>COMMENTUM</strong></span> <span class='ocrx_word' id='word_1_2' title='bbox 812 1372 935 1460; x_wconf 75' lang='grc' dir='ltr'>ΛΕΜ</span> <span class='ocrx_word' id='word_1_3' title='bbox 971 1369 1168 1460; x_wconf 87' lang='lat' dir='ltr'><strong>DONATl</strong></span> <span class='ocrx_word' id='word_1_4' title='bbox 1199 1368 1271 1456; x_wconf 86' lang='lat' dir='ltr'>Al)</span> <span class='ocrx_word' id='word_1_5' title='bbox 1300 1365 1629 1457; x_wconf 75' lang='lat' dir='ltr'><strong>TERENTIUM.</strong></span> 
     </span>
    </p>
   </div>
   <div class='ocr_carea' id='block_1_2' title="bbox 982 1605 1106 1646">
    <p class='ocr_par' dir='ltr' id='par_1_2' title="bbox 982 1605 1106 1646">
     <span class='ocr_line' id='line_1_2' title="bbox 982 1605 1106 1646; baseline -0.008 0"><span class='ocrx_word' id='word_1_6' title='bbox 982 1605 1106 1646; x_wconf 68' lang='lat' dir='ltr'>scalpsit</span> 
     </span>
    </p>
   </div>
   <div class='ocr_carea' id='block_1_3' title="bbox 797 1785 1283 2021">
    <p class='ocr_par' dir='ltr' id='par_1_3' title="bbox 797 1785 1283 2021">
     <span class='ocr_line' id='line_1_3' title="bbox 847 1785 1237 1853; baseline -0.008 0"><span class='ocrx_word' id='word_1_7' title='bbox 847 1787 889 1853; x_wconf 91' lang='lat' dir='ltr'>H.</span> <span class='ocrx_word' id='word_1_8' title='bbox 915 1786 951 1852; x_wconf 89' lang='lat' dir='ltr'>T.</span> <span class='ocrx_word' id='word_1_9' title='bbox 983 1785 1237 1851; x_wconf 80' lang='lat' dir='ltr'>KARSTEN.</span> 
     </span>
     <span class='ocr_line' id='line_1_4' title="bbox 797 1938 1283 2021; baseline -0.006 -16"><span class='ocrx_word' id='word_1_10' title='bbox 797 1942 1035 2021; x_wconf 78' lang='lat' dir='ltr'>(Continccntur</span> <span class='ocrx_word' id='word_1_11' title='bbox 1058 1962 1073 2003; x_wconf 81' lang='lat' dir='ltr'>e</span> <span class='ocrx_word' id='word_1_12' title='bbox 1091 1962 1164 2021; x_wconf 72' lang='lat' dir='ltr'>paq.</span> <span class='ocrx_word' id='word_1_13' title='bbox 1192 1938 1283 2018; x_wconf 81' lang='lat'>128.)</span> 
     </span>
    </p>
   </div>
   <div class='ocr_carea' id='block_1_4' title="bbox 950 2239 1136 2284">
    <p class='ocr_par' dir='ltr' id='par_1_4' title="bbox 950 2239 1136 2284">
     <span class='ocr_line' id='line_1_5' title="bbox 950 2239 1136 2284; baseline 0.011 -2"><span class='ocrx_word' id='word_1_14' title='bbox 950 2239 1136 2284; x_wconf 56' lang='grc' dir='ltr'>-Ψ-</span> 
     </span>
    </p>
   </div>
   <div class='ocr_carea' id='block_1_5' title="bbox 1021 2499 1063 2564">
    <p class='ocr_par' dir='ltr' id='par_1_5' title="bbox 1021 2499 1063 2564">
     <span class='ocr_line' id='line_1_6' title="bbox 1021 2499 1063 2564; baseline 0.024 -1"><span class='ocrx_word' id='word_1_15' title='bbox 1021 2499 1063 2564; x_wconf 92' lang='grc' dir='ltr'>Π.</span> 
     </span>
    </p>
   </div>
   <div class='ocr_carea' id='block_1_6' title="bbox 567 2718 1508 2872">
    <p class='ocr_par' dir='ltr' id='par_1_6' title="bbox 567 2718 1508 2872">
     <span class='ocr_line' id='line_1_7' title="bbox 567 2718 1508 2778; baseline -0.002 -12"><span class='ocrx_word' id='word_1_16' title='bbox 567 2720 609 2766; x_wconf 78' lang='lat' dir='ltr'>bu</span> <span class='ocrx_word' id='word_1_17' title='bbox 632 2719 779 2778; x_wconf 76' lang='lat' dir='ltr'>Quauuoa</span> <span class='ocrx_word' id='word_1_18' title='bbox 801 2718 1003 2767; x_wconf 75' lang='lat' dir='ltr'>sosomouou</span> <span class='ocrx_word' id='word_1_19' title='bbox 1026 2718 1342 2766; x_wconf 75' lang='lat' dir='ltr'><strong>INTERPOLATORIBUS</strong></span> <span class='ocrx_word' id='word_1_20' title='bbox 1363 2718 1508 2765; x_wconf 71' lang='lat' dir='ltr'>rutum</span> 
     </span>
     <span class='ocr_line' id='line_1_8' title="bbox 924 2824 1160 2872; baseline 0 -1"><span class='ocrx_word' id='word_1_21' title='bbox 924 2824 1160 2872; x_wconf 78' lang='lat' dir='ltr'>PHILOSOPHUM.</span> 
     </span>
    </p>
   </div>
   <div class='ocr_carea' id='block_1_7' title="bbox 852 3011 1227 3096">
    <p class='ocr_par' dir='ltr' id='par_1_7' title="bbox 852 3011 1227 3096">
     <span class='ocr_line' id='line_1_9' title="bbox 852 3011 1227 3096; baseline 0.005 -22"><span class='ocrx_word' id='word_1_22' title='bbox 852 3011 922 3095; x_wconf 63' lang='lat'>51.</span> <span class='ocrx_word' id='word_1_23' title='bbox 955 3012 1165 3096; x_wconf 77' lang='lat' dir='ltr'><strong>Magister</strong></span> <span class='ocrx_word' id='word_1_24' title='bbox 1190 3014 1227 3077; x_wconf 84' lang='lat' dir='ltr'>A.</span> 
     </span>
    </p>
   </div>
   <div class='ocr_carea' id='block_1_8' title="bbox 438 3167 1635 3610">
    <p class='ocr_par' dir='ltr' id='par_1_8' title="bbox 438 3167 1635 3610">
     <span class='ocr_line' id='line_1_10' title="bbox 488 3167 1634 3293; baseline 0 -22"><span class='ocrx_word' id='word_1_25' title='bbox 488 3207 580 3287; x_wconf 79' lang='lat' dir='ltr'>Quod</span> <span class='ocrx_word' id='word_1_26' title='bbox 608 3167 769 3292; x_wconf 83' lang='lat' dir='ltr'>inprime</span> <span class='ocrx_word' id='word_1_27' title='bbox 793 3208 891 3271; x_wconf 90' lang='lat' dir='ltr'>huius</span> <span class='ocrx_word' id='word_1_28' title='bbox 914 3205 1148 3290; x_wconf 81' lang='lat' dir='ltr'>disquisitionis</span> <span class='ocrx_word' id='word_1_29' title='bbox 1174 3216 1262 3292; x_wconf 89' lang='lat' dir='ltr'>parte</span> <span class='ocrx_word' id='word_1_30' title='bbox 1286 3211 1419 3293; x_wconf 90' lang='lat' dir='ltr'>promisi</span> <span class='ocrx_word' id='word_1_31' title='bbox 1437 3210 1469 3285; x_wconf 88' lang='lat'>¹),</span> <span class='ocrx_word' id='word_1_32' title='bbox 1493 3207 1526 3271; x_wconf 92' lang='lat' dir='ltr'>id</span> <span class='ocrx_word' id='word_1_33' title='bbox 1551 3228 1634 3271; x_wconf 90' lang='lat' dir='ltr'>nunc</span> 
     </span>
     <span class='ocr_line' id='line_1_11' title="bbox 438 3312 1635 3399; baseline -0.001 -22"><span class='ocrx_word' id='word_1_34' title='bbox 438 3315 624 3399; x_wconf 80' lang='lat' dir='ltr'>praestabo,</span> <span class='ocrx_word' id='word_1_35' title='bbox 658 3320 693 3377; x_wconf 89' lang='lat' dir='ltr'>ut</span> <span class='ocrx_word' id='word_1_36' title='bbox 724 3312 919 3378; x_wconf 81' lang='lat' dir='ltr'>scholiorum</span> <span class='ocrx_word' id='word_1_37' title='bbox 949 3313 1193 3398; x_wconf 79' lang='lat' dir='ltr'>interpolatores</span> <span class='ocrx_word' id='word_1_38' title='bbox 1224 3334 1404 3398; x_wconf 88' lang='lat' dir='ltr'>persequar,</span> <span class='ocrx_word' id='word_1_39' title='bbox 1431 3316 1486 3398; x_wconf 94' lang='lat' dir='ltr'>qui</span> <span class='ocrx_word' id='word_1_40' title='bbox 1512 3321 1635 3397; x_wconf 87' lang='lat' dir='ltr'>praeter</span> 
     </span>
     <span class='ocr_line' id='line_1_12' title="bbox 438 3418 1635 3504; baseline -0.002 -19"><span class='ocrx_word' id='word_1_41' title='bbox 438 3419 553 3495; x_wconf 90' lang='lat' dir='ltr'>illum,</span> <span class='ocrx_word' id='word_1_42' title='bbox 586 3439 683 3504; x_wconf 89' lang='lat' dir='ltr'>quem</span> <span class='ocrx_word' id='word_1_43' title='bbox 712 3418 901 3504; x_wconf 89' lang='lat' dir='ltr'>Philosophi</span> <span class='ocrx_word' id='word_1_44' title='bbox 932 3421 1063 3484; x_wconf 89' lang='lat' dir='ltr'>nomine</span> <span class='ocrx_word' id='word_1_45' title='bbox 1094 3419 1244 3497; x_wconf 85' lang='lat' dir='ltr'>distinxi,</span> <span class='ocrx_word' id='word_1_46' title='bbox 1277 3423 1354 3484; x_wconf 90' lang='lat' dir='ltr'>satis</span> <span class='ocrx_word' id='word_1_47' title='bbox 1386 3425 1471 3484; x_wconf 90' lang='lat' dir='ltr'>certo</span> <span class='ocrx_word' id='word_1_48' title='bbox 1501 3419 1635 3483; x_wconf 88' lang='lat' dir='ltr'>indicari</span> 
     </span>
     <span class='ocr_line' id='line_1_13' title="bbox 442 3530 589 3610; baseline -0.014 -21"><span class='ocrx_word' id='word_1_49' title='bbox 442 3530 589 3610; x_wconf 89' lang='lat' dir='ltr'>possunt.</span> 
     </span>
    </p>
   </div>
   <div class='ocr_carea' id='block_1_9' title="bbox 440 3628 1639 4558">
    <p class='ocr_par' dir='ltr' id='par_1_9' title="bbox 440 3628 1639 4558">
     <span class='ocr_line' id='line_1_14' title="bbox 491 3628 1636 3715; baseline 0.001 -23"><span class='ocrx_word' id='word_1_50' title='bbox 491 3628 624 3693; x_wconf 90' lang='lat' dir='ltr'>Initium</span> <span class='ocrx_word' id='word_1_51' title='bbox 645 3629 725 3693; x_wconf 81' lang='lat' dir='ltr'>facio</span> <span class='ocrx_word' id='word_1_52' title='bbox 744 3629 783 3693; x_wconf 90' lang='lat' dir='ltr'>ab</span> <span class='ocrx_word' id='word_1_53' title='bbox 803 3628 878 3707; x_wconf 91' lang='lat' dir='ltr'>illo,</span> <span class='ocrx_word' id='word_1_54' title='bbox 900 3650 996 3712; x_wconf 88' lang='lat' dir='ltr'>quem</span> <span class='ocrx_word' id='word_1_55' title='bbox 1016 3628 1185 3715; x_wconf 91' lang='lat' dir='ltr'>appellabo</span> <span class='ocrx_word' id='word_1_56' title='bbox 1204 3631 1231 3694; x_wconf 88' lang='lat' dir='ltr'><strong>A</strong></span> <span class='ocrx_word' id='word_1_57' title='bbox 1250 3633 1407 3714; x_wconf 85' lang='lat' dir='ltr'>cuiusque</span> <span class='ocrx_word' id='word_1_58' title='bbox 1427 3632 1517 3714; x_wconf 90' lang='lat' dir='ltr'>quasi</span> <span class='ocrx_word' id='word_1_59' title='bbox 1541 3630 1636 3693; x_wconf 84' lang='lat' dir='ltr'>facias</span> 
     </span>
     <span class='ocr_line' id='line_1_15' title="bbox 443 3733 1639 3811; baseline -0.002 -12"><span class='ocrx_word' id='word_1_60' title='bbox 443 3737 591 3799; x_wconf 90' lang='lat' dir='ltr'>omnium</span> <span class='ocrx_word' id='word_1_61' title='bbox 622 3733 775 3799; x_wconf 89' lang='lat' dir='ltr'>facillimo</span> <span class='ocrx_word' id='word_1_62' title='bbox 806 3734 1007 3801; x_wconf 87' lang='lat' dir='ltr'>discernitur.</span> <span class='ocrx_word' id='word_1_63' title='bbox 1037 3734 1095 3799; x_wconf 80' lang='lat' dir='ltr'>Est</span> <span class='ocrx_word' id='word_1_64' title='bbox 1126 3734 1207 3799; x_wconf 90' lang='lat' dir='ltr'>fidus</span> <span class='ocrx_word' id='word_1_65' title='bbox 1231 3736 1369 3800; x_wconf 84' lang='lat' dir='ltr'>Achates</span> <span class='ocrx_word' id='word_1_66' title='bbox 1395 3735 1528 3811; x_wconf 88' lang='lat' dir='ltr'>Donati,</span> <span class='ocrx_word' id='word_1_67' title='bbox 1553 3735 1639 3798; x_wconf 87' lang='lat' dir='ltr'>obse·</span> 
     </span>
     <span class='ocr_line' id='line_1_16' title="bbox 441 3840 1639 3926; baseline -0.001 -21"><span class='ocrx_word' id='word_1_68' title='bbox 441 3862 543 3926; x_wconf 84' lang='lat' dir='ltr'>quens</span> <span class='ocrx_word' id='word_1_69' title='bbox 574 3848 606 3906; x_wconf 87' lang='lat' dir='ltr'>et</span> <span class='ocrx_word' id='word_1_70' title='bbox 629 3840 811 3917; x_wconf 87' lang='lat' dir='ltr'>modestus,</span> <span class='ocrx_word' id='word_1_71' title='bbox 835 3844 891 3926; x_wconf 92' lang='lat' dir='ltr'>qui</span> <span class='ocrx_word' id='word_1_72' title='bbox 914 3840 1003 3905; x_wconf 89' lang='lat' dir='ltr'>illius</span> <span class='ocrx_word' id='word_1_73' title='bbox 1026 3842 1247 3907; x_wconf 87' lang='lat' dir='ltr'>adnotationes</span> <span class='ocrx_word' id='word_1_74' title='bbox 1270 3844 1359 3906; x_wconf 86' lang='lat' dir='ltr'>varia</span> <span class='ocrx_word' id='word_1_75' title='bbox 1383 3840 1547 3917; x_wconf 86' lang='lat' dir='ltr'>adfirmat,</span> <span class='ocrx_word' id='word_1_76' title='bbox 1573 3862 1639 3904; x_wconf 85' lang='lat' dir='ltr'>am·</span> 
     </span>
     <span class='ocr_line' id='line_1_17' title="bbox 440 3945 1637 4033; baseline -0.002 -22"><span class='ocrx_word' id='word_1_77' title='bbox 440 3946 580 4033; x_wconf 89' lang='lat' dir='ltr'>plifioat,</span> <span class='ocrx_word' id='word_1_78' title='bbox 612 3948 754 4011; x_wconf 86' lang='lat' dir='ltr'>breviter</span> <span class='ocrx_word' id='word_1_79' title='bbox 784 3950 916 4031; x_wconf 86' lang='lat' dir='ltr'>repetit,</span> <span class='ocrx_word' id='word_1_80' title='bbox 946 3945 1027 4010; x_wconf 90' lang='lat' dir='ltr'>nihil</span> <span class='ocrx_word' id='word_1_81' title='bbox 1049 3949 1125 4011; x_wconf 86' lang='lat' dir='ltr'>novi</span> <span class='ocrx_word' id='word_1_82' title='bbox 1148 3949 1217 4031; x_wconf 87' lang='lat' dir='ltr'>ipso</span> <span class='ocrx_word' id='word_1_83' title='bbox 1242 3968 1379 4031; x_wconf 91' lang='lat' dir='ltr'>usquam</span> <span class='ocrx_word' id='word_1_84' title='bbox 1403 3946 1516 4011; x_wconf 84' lang='lat' dir='ltr'>addere</span> <span class='ocrx_word' id='word_1_85' title='bbox 1540 3966 1637 4011; x_wconf 86' lang='lat' dir='ltr'>ausus</span> 
     </span>
     <span class='ocr_line' id='line_1_18' title="bbox 440 4049 1638 4136; baseline -0.002 -19"><span class='ocrx_word' id='word_1_86' title='bbox 440 4055 506 4117; x_wconf 91' lang='lat' dir='ltr'>nisi</span> <span class='ocrx_word' id='word_1_87' title='bbox 528 4055 664 4115; x_wconf 84' lang='lat' dir='ltr'>inventu</span> <span class='ocrx_word' id='word_1_88' title='bbox 687 4050 851 4116; x_wconf 81' lang='lat' dir='ltr'>facillima.</span> <span class='ocrx_word' id='word_1_89' title='bbox 883 4052 1041 4116; x_wconf 81' lang='lat' dir='ltr'>Adiunxit</span> <span class='ocrx_word' id='word_1_90' title='bbox 1064 4052 1283 4116; x_wconf 81' lang='lat' dir='ltr'>additamenta</span> <span class='ocrx_word' id='word_1_91' title='bbox 1306 4072 1364 4116; x_wconf 89' lang='lat' dir='ltr'>sua</span> <span class='ocrx_word' id='word_1_92' title='bbox 1387 4073 1443 4136; x_wconf 84' lang='lat' dir='ltr'>per</span> <span class='ocrx_word' id='word_1_93' title='bbox 1464 4049 1638 4135; x_wconf 89' lang='lat' dir='ltr'>particulas</span> 
     </span>
     <span class='ocr_line' id='line_1_19' title="bbox 440 4156 1637 4241; baseline -0.003 -19"><span class='ocrx_word' id='word_1_94' title='bbox 440 4178 560 4241; x_wconf 86' lang='lat' dir='ltr'>crgo,</span> <span class='ocrx_word' id='word_1_95' title='bbox 586 4176 692 4233; x_wconf 88' lang='lat' dir='ltr'>nam,</span> <span class='ocrx_word' id='word_1_96' title='bbox 717 4160 844 4233; x_wconf 84' lang='lat' dir='ltr'>enim,</span> <span class='ocrx_word' id='word_1_97' title='bbox 869 4163 910 4221; x_wconf 90' lang='lat' dir='ltr'>et</span> <span class='ocrx_word' id='word_1_98' title='bbox 934 4163 1013 4232; x_wconf 90' lang='lat' dir='ltr'>est,</span> <span class='ocrx_word' id='word_1_99' title='bbox 1038 4157 1078 4220; x_wconf 93' lang='lat' dir='ltr'>id</span> <span class='ocrx_word' id='word_1_100' title='bbox 1103 4163 1186 4233; x_wconf 85' lang='lat' dir='ltr'>ast,</span> <span class='ocrx_word' id='word_1_101' title='bbox 1210 4156 1251 4221; x_wconf 93' lang='lat' dir='ltr'>al.</span> <span class='ocrx_word' id='word_1_102' title='bbox 1284 4157 1355 4221; x_wconf 92' lang='lat' dir='ltr'>Non</span> <span class='ocrx_word' id='word_1_103' title='bbox 1379 4177 1503 4222; x_wconf 84' lang='lat' dir='ltr'>necesse</span> <span class='ocrx_word' id='word_1_104' title='bbox 1527 4163 1575 4220; x_wconf 86' lang='lat' dir='ltr'>ast</span> <span class='ocrx_word' id='word_1_105' title='bbox 1599 4162 1637 4220; x_wconf 94' lang='lat' dir='ltr'>ut</span> 
     </span>
     <span class='ocr_line' id='line_1_20' title="bbox 440 4260 1636 4337; baseline -0.001 -10"><span class='ocrx_word' id='word_1_106' title='bbox 440 4263 551 4327; x_wconf 88' lang='lat' dir='ltr'>omnia</span> <span class='ocrx_word' id='word_1_107' title='bbox 582 4263 651 4326; x_wconf 87' lang='lat' dir='ltr'>cius</span> <span class='ocrx_word' id='word_1_108' title='bbox 683 4260 805 4326; x_wconf 90' lang='lat' dir='ltr'>scholia</span> <span class='ocrx_word' id='word_1_109' title='bbox 837 4261 1032 4337; x_wconf 75' lang='lat' dir='ltr'>describam,</span> <span class='ocrx_word' id='word_1_110' title='bbox 1063 4261 1117 4326; x_wconf 88' lang='lat' dir='ltr'>sed</span> <span class='ocrx_word' id='word_1_111' title='bbox 1142 4263 1317 4326; x_wconf 90' lang='lat' dir='ltr'>subsistam</span> <span class='ocrx_word' id='word_1_112' title='bbox 1340 4266 1373 4326; x_wconf 90' lang='lat' dir='ltr'>in</span> <span class='ocrx_word' id='word_1_113' title='bbox 1397 4262 1458 4327; x_wconf 82' lang='lat' dir='ltr'>fine</span> <span class='ocrx_word' id='word_1_114' title='bbox 1482 4260 1554 4327; x_wconf 84' lang='lat' dir='ltr'>Act.</span> <span class='ocrx_word' id='word_1_115' title='bbox 1580 4262 1636 4326; x_wconf 87' lang='grc' dir='ltr'>ΠΙ.</span> 
     </span>
     <span class='ocr_line' id='line_1_21' title="bbox 441 4366 1639 4453; baseline -0.001 -20"><span class='ocrx_word' id='word_1_116' title='bbox 441 4368 490 4433; x_wconf 82' lang='lat' dir='ltr'>Ila</span> <span class='ocrx_word' id='word_1_117' title='bbox 513 4366 649 4443; x_wconf 87' lang='lat' dir='ltr'>scholia,</span> <span class='ocrx_word' id='word_1_118' title='bbox 670 4387 751 4451; x_wconf 85' lang='lat' dir='ltr'>quac</span> <span class='ocrx_word' id='word_1_119' title='bbox 770 4369 949 4453; x_wconf 81' lang='lat' dir='ltr'>genuinum</span> <span class='ocrx_word' id='word_1_120' title='bbox 970 4366 1088 4432; x_wconf 92' lang='lat' dir='ltr'>Donati</span> <span class='ocrx_word' id='word_1_121' title='bbox 1109 4367 1254 4431; x_wconf 84' lang='lat' dir='ltr'>medium</span> <span class='ocrx_word' id='word_1_122' title='bbox 1274 4369 1528 4452; x_wconf 84' lang='lat' dir='ltr'>interrumpunt,</span> <span class='ocrx_word' id='word_1_123' title='bbox 1549 4366 1639 4432; x_wconf 90' lang='lat' dir='ltr'>nulla</span> 
     </span>
     <span class='ocr_line' id='line_1_22' title="bbox 442 4472 1636 4558; baseline 0 -20"><span class='ocrx_word' id='word_1_124' title='bbox 442 4494 539 4558; x_wconf 87' lang='lat' dir='ltr'>opera</span> <span class='ocrx_word' id='word_1_125' title='bbox 562 4478 779 4557; x_wconf 86' lang='lat' dir='ltr'>agnoscuntur</span> <span class='ocrx_word' id='word_1_126' title='bbox 802 4481 835 4537; x_wconf 88' lang='lat' dir='ltr'>et</span> <span class='ocrx_word' id='word_1_127' title='bbox 858 4472 1008 4557; x_wconf 88' lang='lat' dir='ltr'>pleraque</span> <span class='ocrx_word' id='word_1_128' title='bbox 1033 4475 1099 4536; x_wconf 91' lang='lat' dir='ltr'>iam</span> <span class='ocrx_word' id='word_1_129' title='bbox 1119 4473 1259 4537; x_wconf 89' lang='lat' dir='ltr'>indicata</span> <span class='ocrx_word' id='word_1_130' title='bbox 1278 4480 1353 4536; x_wconf 88' lang='lat' dir='ltr'>sunt</span> <span class='ocrx_word' id='word_1_131' title='bbox 1371 4493 1389 4536; x_wconf 89' lang='lat' dir='ltr'>a</span> <span class='ocrx_word' id='word_1_132' title='bbox 1410 4472 1636 4539; x_wconf 87' lang='lat' dir='ltr'>Wessnero.</span> 
     </span>
    </p>
   </div>
   <div class='ocr_carea' id='block_1_10' title="bbox 481 4727 868 4794">
    <p class='ocr_par' dir='ltr' id='par_1_10' title="bbox 481 4727 868 4794">
     <span class='ocr_line' id='line_1_23' title="bbox 481 4727 868 4794; baseline 0 -17"><span class='ocrx_word' id='word_1_133' title='bbox 481 4732 506 4792; x_wconf 86' lang='lat'>1)</span> <span class='ocrx_word' id='word_1_134' title='bbox 528 4730 644 4777; x_wconf 75' lang='lat' dir='ltr'>Mnemon.</span> <span class='ocrx_word' id='word_1_135' title='bbox 662 4727 754 4777; x_wconf 81' lang='lat' dir='ltr'>lillllll</span> <span class='ocrx_word' id='word_1_136' title='bbox 771 4746 795 4794; x_wconf 88' lang='lat' dir='ltr'>p.</span> <span class='ocrx_word' id='word_1_137' title='bbox 810 4729 868 4777; x_wconf 77' lang='lat'>211.</span> 
     </span>
    </p>
   </div>
   <div class='ocr_carea' id='block_1_11' title="bbox 0 0 2277 5940">
    <p class='ocr_par' dir='ltr' id='par_1_11' title="bbox 0 0 2277 5940">
     <span class='ocr_line' id='line_1_24' title="bbox 0 0 2277 5940; baseline 0 0"><span class='ocrx_word' id='word_1_138' title='bbox 0 0 2277 5940; x_wconf 95' lang='lat' dir='ltr'> </span> 
     </span>
    </p>
   </div>
  </div>
 </body>
</html>
