<?xml version="1.0" encoding="UTF-8"?>
<!DOCTYPE html PUBLIC "-//W3C//DTD XHTML 1.0 Transitional//EN"
    "http://www.w3.org/TR/xhtml1/DTD/xhtml1-transitional.dtd">
<html xmlns="http://www.w3.org/1999/xhtml" xml:lang="en" lang="en">
 <head>
  <title>
</title>
<meta http-equiv="Content-Type" content="text/html;charset=utf-8" />
  <meta name='ocr-system' content='tesseract 3.04.00' />
  <meta name='ocr-capabilities' content='ocr_page ocr_carea ocr_par ocr_line ocrx_word'/>
</head>
<body>
  <div class='ocr_page' id='page_1' title='image "./mnemosyne07verdgoog_0062.png"; bbox 0 0 4525 5950; ppageno 0'>
   <div class='ocr_carea' id='block_1_1' title="bbox 842 1294 1243 1384">
    <p class='ocr_par' dir='ltr' id='par_1_1' title="bbox 842 1294 1243 1384">
     <span class='ocr_line' id='line_1_1' title="bbox 842 1294 1243 1384; baseline 0.002 -1"><span class='ocrx_word' id='word_1_1' title='bbox 842 1294 916 1383; x_wconf 87' lang='lat' dir='ltr'>All</span> <span class='ocrx_word' id='word_1_2' title='bbox 944 1294 1243 1384; x_wconf 85' lang='lat' dir='ltr'><strong>LUCIANUM.</strong></span> 
     </span>
    </p>
   </div>
   <div class='ocr_carea' id='block_1_2' title="bbox 983 1531 1107 1572">
    <p class='ocr_par' dir='ltr' id='par_1_2' title="bbox 983 1531 1107 1572">
     <span class='ocr_line' id='line_1_2' title="bbox 983 1531 1107 1572; baseline -0.008 0"><span class='ocrx_word' id='word_1_3' title='bbox 983 1531 1107 1572; x_wconf 70' lang='lat' dir='ltr'>scelests</span> 
     </span>
    </p>
   </div>
   <div class='ocr_carea' id='block_1_3' title="bbox 694 1711 1388 1946">
    <p class='ocr_par' dir='ltr' id='par_1_3' title="bbox 694 1711 1388 1946">
     <span class='ocr_line' id='line_1_3' title="bbox 785 1711 1298 1780; baseline -0.002 -2"><span class='ocrx_word' id='word_1_4' title='bbox 785 1713 826 1778; x_wconf 88' lang='lat' dir='ltr'>K.</span> <span class='ocrx_word' id='word_1_5' title='bbox 859 1712 900 1779; x_wconf 83' lang='lat' dir='ltr'>G.</span> <span class='ocrx_word' id='word_1_6' title='bbox 933 1714 970 1778; x_wconf 94' lang='lat' dir='ltr'>P.</span> <span class='ocrx_word' id='word_1_7' title='bbox 1003 1711 1298 1780; x_wconf 75' lang='lat' dir='ltr'><strong>SOHWARTZ.</strong></span> 
     </span>
     <span class='ocr_line' id='line_1_4' title="bbox 694 1862 1388 1946; baseline 0.001 -18"><span class='ocrx_word' id='word_1_8' title='bbox 694 1866 934 1945; x_wconf 77' lang='lat' dir='ltr'>(Ceut-iocantur</span> <span class='ocrx_word' id='word_1_9' title='bbox 957 1888 972 1928; x_wconf 88' lang='lat' dir='ltr'>c</span> <span class='ocrx_word' id='word_1_10' title='bbox 999 1864 1064 1930; x_wconf 78' lang='lat' dir='ltr'>Vol.</span> <span class='ocrx_word' id='word_1_11' title='bbox 1089 1865 1182 1928; x_wconf 81' lang='lat' dir='ltr'>XXX</span> <span class='ocrx_word' id='word_1_12' title='bbox 1197 1886 1272 1946; x_wconf 75' lang='lat' dir='ltr'>pap.</span> <span class='ocrx_word' id='word_1_13' title='bbox 1297 1862 1388 1943; x_wconf 84' lang='lat'>366.)</span> 
     </span>
    </p>
   </div>
   <div class='ocr_carea' id='block_1_4' title="bbox 945 2168 1140 2205">
    <p class='ocr_par' dir='ltr' id='par_1_4' title="bbox 945 2168 1140 2205">
     <span class='ocr_line' id='line_1_5' title="bbox 945 2168 1140 2205; baseline -0.005 0"><span class='ocrx_word' id='word_1_14' title='bbox 945 2168 1140 2205; x_wconf 54' lang='lat' dir='ltr'>*tm-</span> 
     </span>
    </p>
   </div>
   <div class='ocr_carea' id='block_1_5' title="bbox 428 2422 1638 4731">
    <p class='ocr_par' dir='ltr' id='par_1_5' title="bbox 428 2422 1638 4731">
     <span class='ocr_line' id='line_1_6' title="bbox 487 2422 1634 2507; baseline -0.002 -16"><span class='ocrx_word' id='word_1_15' title='bbox 487 2427 653 2491; x_wconf 83' lang='lat' dir='ltr'>Promoth.</span> <span class='ocrx_word' id='word_1_16' title='bbox 679 2423 715 2491; x_wconf 84' lang='lat' dir='ltr'>O.</span> <span class='ocrx_word' id='word_1_17' title='bbox 736 2424 774 2488; x_wconf 76' lang='lat'>4:</span> <span class='ocrx_word' id='word_1_18' title='bbox 799 2424 968 2502; x_wconf 77' lang='grc' dir='ltr'><strong><em>περιμένειν</em></strong></span> <span class='ocrx_word' id='word_1_19' title='bbox 988 2425 1173 2502; x_wconf 70' lang='grc' dir='ltr'>ἀναγκαῖον,</span> <span class='ocrx_word' id='word_1_20' title='bbox 1194 2422 1258 2488; x_wconf 80' lang='grc' dir='ltr'>ἔστ’</span> <span class='ocrx_word' id='word_1_21' title='bbox 1278 2422 1316 2489; x_wconf 66' lang='grc' dir='ltr'>ἂν</span> <span class='ocrx_word' id='word_1_22' title='bbox 1336 2424 1349 2488; x_wconf 77' lang='lat' dir='ltr'>l</span> <span class='ocrx_word' id='word_1_23' title='bbox 1368 2424 1459 2495; x_wconf 70' lang='grc' dir='ltr'><strong><em>ἀετὸς</em></strong></span> <span class='ocrx_word' id='word_1_24' title='bbox 1483 2435 1634 2507; x_wconf 67' lang='grc' dir='ltr'>καταπτῇ</span> 
     </span>
     <span class='ocr_line' id='line_1_7' title="bbox 440 2528 1638 2608; baseline 0 -11"><span class='ocrx_word' id='word_1_25' title='bbox 440 2530 800 2608; x_wconf 68' lang='grc' dir='ltr'>ἐπιμελησόμενός</span> <span class='ocrx_word' id='word_1_26' title='bbox 832 2553 899 2594; x_wconf 84' lang='grc' dir='ltr'>σου</span> <span class='ocrx_word' id='word_1_27' title='bbox 931 2535 998 2595; x_wconf 81' lang='grc' dir='ltr'>τοῦ</span> <span class='ocrx_word' id='word_1_28' title='bbox 1024 2528 1191 2604; x_wconf 67' lang='grc' dir='ltr'>ἥπατος.</span> <span class='ocrx_word' id='word_1_29' title='bbox 1221 2531 1294 2596; x_wconf 91' lang='lat' dir='ltr'>Non</span> <span class='ocrx_word' id='word_1_30' title='bbox 1318 2535 1385 2595; x_wconf 87' lang='lat' dir='ltr'>tam</span> <span class='ocrx_word' id='word_1_31' title='bbox 1408 2530 1583 2596; x_wconf 84' lang='lat' dir='ltr'>inhumana</span> <span class='ocrx_word' id='word_1_32' title='bbox 1606 2538 1638 2597; x_wconf 85' lang='lat' dir='ltr'>et</span> 
     </span>
     <span class='ocr_line' id='line_1_8' title="bbox 439 2635 1637 2723; baseline -0.003 -18"><span class='ocrx_word' id='word_1_33' title='bbox 439 2638 618 2705; x_wconf 77' lang='lat' dir='ltr'>scurriliter</span> <span class='ocrx_word' id='word_1_34' title='bbox 649 2659 747 2723; x_wconf 90' lang='lat' dir='ltr'>quam</span> <span class='ocrx_word' id='word_1_35' title='bbox 778 2637 913 2702; x_wconf 87' lang='lat' dir='ltr'>absurdo</span> <span class='ocrx_word' id='word_1_36' title='bbox 935 2643 968 2701; x_wconf 89' lang='lat' dir='ltr'>et</span> <span class='ocrx_word' id='word_1_37' title='bbox 990 2636 1116 2702; x_wconf 84' lang='lat' dir='ltr'>inficeto</span> <span class='ocrx_word' id='word_1_38' title='bbox 1140 2637 1199 2702; x_wconf 92' lang='lat' dir='ltr'>hoc</span> <span class='ocrx_word' id='word_1_39' title='bbox 1223 2637 1345 2701; x_wconf 89' lang='lat' dir='ltr'>dictum</span> <span class='ocrx_word' id='word_1_40' title='bbox 1370 2641 1427 2701; x_wconf 85' lang='lat' dir='ltr'>ost.</span> <span class='ocrx_word' id='word_1_41' title='bbox 1451 2635 1538 2701; x_wconf 91' lang='lat' dir='ltr'>Mica</span> <span class='ocrx_word' id='word_1_42' title='bbox 1561 2637 1637 2702; x_wconf 89' lang='lat' dir='ltr'>salis</span> 
     </span>
     <span class='ocr_line' id='line_1_9' title="bbox 438 2742 1635 2830; baseline -0.003 -19"><span class='ocrx_word' id='word_1_43' title='bbox 438 2749 509 2811; x_wconf 89' lang='lat' dir='ltr'>ioco</span> <span class='ocrx_word' id='word_1_44' title='bbox 541 2765 603 2809; x_wconf 92' lang='lat' dir='ltr'>non</span> <span class='ocrx_word' id='word_1_45' title='bbox 634 2747 736 2821; x_wconf 88' lang='lat' dir='ltr'>inest,</span> <span class='ocrx_word' id='word_1_46' title='bbox 767 2746 802 2807; x_wconf 93' lang='lat' dir='ltr'>in</span> <span class='ocrx_word' id='word_1_47' title='bbox 832 2764 895 2828; x_wconf 94' lang='lat' dir='ltr'>quo</span> <span class='ocrx_word' id='word_1_48' title='bbox 919 2742 952 2806; x_wconf 90' lang='lat' dir='ltr'>id</span> <span class='ocrx_word' id='word_1_49' title='bbox 977 2743 1061 2827; x_wconf 92' lang='lat' dir='ltr'>qnod</span> <span class='ocrx_word' id='word_1_50' title='bbox 1084 2765 1141 2828; x_wconf 89' lang='lat' dir='ltr'>per</span> <span class='ocrx_word' id='word_1_51' title='bbox 1163 2745 1315 2830; x_wconf 77' lang='lat' dir='ltr'><strong>ambages</strong></span> <span class='ocrx_word' id='word_1_52' title='bbox 1339 2742 1549 2828; x_wconf 80' lang='lat' dir='ltr'>significatur,</span> <span class='ocrx_word' id='word_1_53' title='bbox 1574 2765 1635 2808; x_wconf 91' lang='lat' dir='ltr'>uon</span> 
     </span>
     <span class='ocr_line' id='line_1_10' title="bbox 439 2848 1638 2937; baseline -0.003 -21"><span class='ocrx_word' id='word_1_54' title='bbox 439 2852 548 2937; x_wconf 91' lang='lat' dir='ltr'>aliqua</span> <span class='ocrx_word' id='word_1_55' title='bbox 567 2849 736 2937; x_wconf 79' lang='lat' dir='ltr'>polluceat.</span> <span class='ocrx_word' id='word_1_56' title='bbox 759 2848 842 2929; x_wconf 81' lang='lat' dir='ltr'>Quid</span> <span class='ocrx_word' id='word_1_57' title='bbox 863 2856 971 2913; x_wconf 85' lang='lat' dir='ltr'>autem</span> <span class='ocrx_word' id='word_1_58' title='bbox 991 2853 1075 2915; x_wconf 89' lang='lat' dir='ltr'>inter</span> <span class='ocrx_word' id='word_1_59' title='bbox 1094 2870 1127 2913; x_wconf 87' lang='lat' dir='ltr'>so</span> <span class='ocrx_word' id='word_1_60' title='bbox 1147 2870 1316 2914; x_wconf 88' lang='lat' dir='ltr'>commune</span> <span class='ocrx_word' id='word_1_61' title='bbox 1337 2848 1457 2914; x_wconf 85' lang='lat' dir='ltr'>habant</span> <span class='ocrx_word' id='word_1_62' title='bbox 1475 2850 1556 2912; x_wconf 81' lang='lat' dir='ltr'>ieeur</span> <span class='ocrx_word' id='word_1_63' title='bbox 1576 2872 1638 2913; x_wconf 77' lang='lat' dir='ltr'>eor·</span> 
     </span>
     <span class='ocr_line' id='line_1_11' title="bbox 438 2953 1635 3042; baseline -0.001 -21"><span class='ocrx_word' id='word_1_64' title='bbox 438 2960 544 3022; x_wconf 79' lang='lat' dir='ltr'>rodere</span> <span class='ocrx_word' id='word_1_65' title='bbox 576 2965 608 3022; x_wconf 91' lang='lat' dir='ltr'>et</span> <span class='ocrx_word' id='word_1_66' title='bbox 637 2956 729 3020; x_wconf 80' lang='lat' dir='ltr'>iecori</span> <span class='ocrx_word' id='word_1_67' title='bbox 759 2953 930 3020; x_wconf 68' lang='lat' dir='ltr'>emtore?</span> <span class='ocrx_word' id='word_1_68' title='bbox 954 2955 1045 3021; x_wconf 88' lang='lat' dir='ltr'>Nihil</span> <span class='ocrx_word' id='word_1_69' title='bbox 1068 2978 1207 3042; x_wconf 87' lang='lat' dir='ltr'>prorsus.</span> <span class='ocrx_word' id='word_1_70' title='bbox 1232 2955 1362 3023; x_wconf 86' lang='lat' dir='ltr'>Poterat</span> <span class='ocrx_word' id='word_1_71' title='bbox 1385 2956 1444 3021; x_wconf 93' lang='lat' dir='ltr'>hoc</span> <span class='ocrx_word' id='word_1_72' title='bbox 1466 2958 1578 3021; x_wconf 86' lang='lat' dir='ltr'>iactari</span> <span class='ocrx_word' id='word_1_73' title='bbox 1601 2958 1635 3021; x_wconf 89' lang='lat' dir='ltr'>in</span> 
     </span>
     <span class='ocr_line' id='line_1_12' title="bbox 438 3062 1634 3151; baseline -0.001 -22"><span class='ocrx_word' id='word_1_74' title='bbox 438 3063 720 3151; x_wconf 79' lang='lat' dir='ltr'>pharmacopolam</span> <span class='ocrx_word' id='word_1_75' title='bbox 753 3062 804 3128; x_wconf 85' lang='lat' dir='ltr'>vel</span> <span class='ocrx_word' id='word_1_76' title='bbox 828 3064 990 3129; x_wconf 88' lang='lat' dir='ltr'>medicum</span> <span class='ocrx_word' id='word_1_77' title='bbox 1016 3067 1185 3149; x_wconf 85' lang='lat' dir='ltr'>ignarum:</span> <span class='ocrx_word' id='word_1_78' title='bbox 1213 3064 1270 3128; x_wconf 86' lang='lat' dir='ltr'>&#39;En</span> <span class='ocrx_word' id='word_1_79' title='bbox 1295 3066 1421 3141; x_wconf 85' lang='lat' dir='ltr'>virum,</span> <span class='ocrx_word' id='word_1_80' title='bbox 1447 3066 1502 3149; x_wconf 91' lang='lat' dir='ltr'>qui</span> <span class='ocrx_word' id='word_1_81' title='bbox 1524 3084 1634 3128; x_wconf 91' lang='lat' dir='ltr'>curam</span> 
     </span>
     <span class='ocr_line' id='line_1_13' title="bbox 435 3167 1634 3254; baseline -0.002 -18"><span class='ocrx_word' id='word_1_82' title='bbox 435 3174 550 3236; x_wconf 85' lang='lat' dir='ltr'>iecoris</span> <span class='ocrx_word' id='word_1_83' title='bbox 570 3172 619 3234; x_wconf 86' lang='lat' dir='ltr'>tui</span> <span class='ocrx_word' id='word_1_84' title='bbox 639 3171 810 3254; x_wconf 87' lang='lat' dir='ltr'>suscipiat,</span> <span class='ocrx_word' id='word_1_85' title='bbox 831 3172 884 3234; x_wconf 87' lang='lat' dir='ltr'>cui</span> <span class='ocrx_word' id='word_1_86' title='bbox 903 3170 982 3235; x_wconf 88' lang='lat' dir='ltr'>bene</span> <span class='ocrx_word' id='word_1_87' title='bbox 1002 3175 1051 3234; x_wconf 83' lang='lat' dir='ltr'>est</span> <span class='ocrx_word' id='word_1_88' title='bbox 1071 3170 1259 3234; x_wconf 88' lang='lat' dir='ltr'>mandatum</span> <span class='ocrx_word' id='word_1_89' title='bbox 1271 3172 1359 3235; x_wconf 90' lang='lat' dir='ltr'>iecur</span> <span class='ocrx_word' id='word_1_90' title='bbox 1371 3167 1493 3233; x_wconf 86' lang='lat' dir='ltr'>tuuml&#39;</span> <span class='ocrx_word' id='word_1_91' title='bbox 1516 3168 1634 3234; x_wconf 88' lang='lat' dir='ltr'>Verum</span> 
     </span>
     <span class='ocr_line' id='line_1_14' title="bbox 437 3274 1636 3360; baseline -0.002 -19"><span class='ocrx_word' id='word_1_92' title='bbox 437 3277 475 3342; x_wconf 91' lang='lat' dir='ltr'>de</span> <span class='ocrx_word' id='word_1_93' title='bbox 513 3298 571 3342; x_wconf 88' lang='lat' dir='ltr'>ave</span> <span class='ocrx_word' id='word_1_94' title='bbox 607 3278 714 3360; x_wconf 81' lang='lat' dir='ltr'>rapaci</span> <span class='ocrx_word' id='word_1_95' title='bbox 748 3281 852 3340; x_wconf 89' lang='lat' dir='ltr'>rostro</span> <span class='ocrx_word' id='word_1_96' title='bbox 888 3281 920 3340; x_wconf 89' lang='lat' dir='ltr'>et</span> <span class='ocrx_word' id='word_1_97' title='bbox 954 3276 1119 3360; x_wconf 84' lang='lat' dir='ltr'>unguibus</span> <span class='ocrx_word' id='word_1_98' title='bbox 1154 3278 1265 3339; x_wconf 89' lang='lat' dir='ltr'>miseri</span> <span class='ocrx_word' id='word_1_99' title='bbox 1299 3274 1422 3340; x_wconf 73' lang='lat' dir='ltr'>litenis</span> <span class='ocrx_word' id='word_1_100' title='bbox 1453 3274 1636 3360; x_wconf 85' lang='lat' dir='ltr'>praecordia</span> 
     </span>
     <span class='ocr_line' id='line_1_15' title="bbox 437 3380 1635 3466; baseline -0.003 -18"><span class='ocrx_word' id='word_1_101' title='bbox 437 3383 614 3459; x_wconf 77' lang='lat' dir='ltr'>lacerante,</span> <span class='ocrx_word' id='word_1_102' title='bbox 648 3385 673 3445; x_wconf 93' lang='lat' dir='ltr'>si</span> <span class='ocrx_word' id='word_1_103' title='bbox 706 3381 815 3446; x_wconf 88' lang='lat' dir='ltr'>acerbe</span> <span class='ocrx_word' id='word_1_104' title='bbox 846 3384 945 3446; x_wconf 89' lang='lat' dir='ltr'>iocari</span> <span class='ocrx_word' id='word_1_105' title='bbox 977 3381 1150 3457; x_wconf 87' lang='lat' dir='ltr'>voluisset,</span> <span class='ocrx_word' id='word_1_106' title='bbox 1181 3381 1340 3447; x_wconf 88' lang='lat' dir='ltr'>eiusmodi</span> <span class='ocrx_word' id='word_1_107' title='bbox 1367 3380 1488 3466; x_wconf 85' lang='lat' dir='ltr'>aliquid</span> <span class='ocrx_word' id='word_1_108' title='bbox 1512 3382 1635 3445; x_wconf 91' lang='lat' dir='ltr'>dictum</span> 
     </span>
     <span class='ocr_line' id='line_1_16' title="bbox 436 3486 1635 3574; baseline -0.001 -21"><span class='ocrx_word' id='word_1_109' title='bbox 436 3489 621 3574; x_wconf 87' lang='lat' dir='ltr'>oportebat:</span> <span class='ocrx_word' id='word_1_110' title='bbox 653 3490 743 3573; x_wconf 83' lang='lat' dir='ltr'>‘quae</span> <span class='ocrx_word' id='word_1_111' title='bbox 774 3510 813 3551; x_wconf 83' lang='lat' dir='ltr'>er</span> <span class='ocrx_word' id='word_1_112' title='bbox 841 3490 942 3552; x_wconf 88' lang='lat' dir='ltr'>iecore</span> <span class='ocrx_word' id='word_1_113' title='bbox 967 3495 1022 3552; x_wconf 89' lang='lat' dir='ltr'>tuo</span> <span class='ocrx_word' id='word_1_114' title='bbox 1046 3486 1187 3552; x_wconf 87' lang='lat' dir='ltr'>minutal</span> <span class='ocrx_word' id='word_1_115' title='bbox 1210 3493 1258 3552; x_wconf 89' lang='lat' dir='ltr'>est</span> <span class='ocrx_word' id='word_1_116' title='bbox 1282 3487 1414 3551; x_wconf 88' lang='lat' dir='ltr'>factura’</span> <span class='ocrx_word' id='word_1_117' title='bbox 1439 3486 1491 3551; x_wconf 85' lang='lat' dir='ltr'>vel</span> <span class='ocrx_word' id='word_1_118' title='bbox 1512 3489 1574 3552; x_wconf 79' lang='lat' dir='ltr'>‘oui</span> <span class='ocrx_word' id='word_1_119' title='bbox 1599 3494 1635 3552; x_wconf 89' lang='lat' dir='ltr'>tn</span> 
     </span>
     <span class='ocr_line' id='line_1_17' title="bbox 434 3592 1636 3680; baseline -0.002 -21"><span class='ocrx_word' id='word_1_120' title='bbox 434 3594 567 3659; x_wconf 87' lang='lat' dir='ltr'>saliares</span> <span class='ocrx_word' id='word_1_121' title='bbox 597 3592 693 3678; x_wconf 88' lang='lat' dir='ltr'>dapes</span> <span class='ocrx_word' id='word_1_122' title='bbox 724 3592 953 3678; x_wconf 85' lang='lat' dir='ltr'>suppeditabis’</span> <span class='ocrx_word' id='word_1_123' title='bbox 986 3592 1040 3658; x_wconf 84' lang='lat' dir='ltr'>vel</span> <span class='ocrx_word' id='word_1_124' title='bbox 1060 3596 1151 3677; x_wconf 85' lang='lat' dir='ltr'>&#39;quae</span> <span class='ocrx_word' id='word_1_125' title='bbox 1174 3595 1249 3657; x_wconf 85' lang='lat' dir='ltr'>novi</span> <span class='ocrx_word' id='word_1_126' title='bbox 1273 3595 1400 3680; x_wconf 80' lang='lat' dir='ltr'>generis</span> <span class='ocrx_word' id='word_1_127' title='bbox 1423 3595 1580 3678; x_wconf 89' lang='lat' dir='ltr'>parasitae</span> <span class='ocrx_word' id='word_1_128' title='bbox 1604 3599 1636 3657; x_wconf 89' lang='lat' dir='ltr'>te</span> 
     </span>
     <span class='ocr_line' id='line_1_18' title="bbox 434 3697 1636 3789; baseline -0.004 -23"><span class='ocrx_word' id='word_1_129' title='bbox 434 3722 548 3789; x_wconf 81' lang='lat' dir='ltr'>regem</span> <span class='ocrx_word' id='word_1_130' title='bbox 578 3700 695 3776; x_wconf 83' lang='lat' dir='ltr'>faciet&#39;,</span> <span class='ocrx_word' id='word_1_131' title='bbox 728 3697 782 3764; x_wconf 86' lang='lat' dir='ltr'>vol</span> <span class='ocrx_word' id='word_1_132' title='bbox 813 3719 893 3783; x_wconf 88' lang='lat' dir='ltr'>quae</span> <span class='ocrx_word' id='word_1_133' title='bbox 925 3704 1088 3783; x_wconf 87' lang='lat' dir='ltr'>praeterea</span> <span class='ocrx_word' id='word_1_134' title='bbox 1111 3700 1279 3762; x_wconf 87' lang='lat' dir='ltr'>innumera</span> <span class='ocrx_word' id='word_1_135' title='bbox 1303 3700 1477 3785; x_wconf 81' lang='lat' dir='ltr'>excogitari</span> <span class='ocrx_word' id='word_1_136' title='bbox 1501 3702 1636 3783; x_wconf 81' lang='lat' dir='ltr'>possunt</span> 
     </span>
     <span class='ocr_line' id='line_1_19' title="bbox 433 3804 1636 3894; baseline -0.004 -21"><span class='ocrx_word' id='word_1_137' title='bbox 433 3807 622 3894; x_wconf 81' lang='lat' dir='ltr'>legentibus</span> <span class='ocrx_word' id='word_1_138' title='bbox 649 3806 754 3891; x_wconf 80' lang='lat' dir='ltr'>magis</span> <span class='ocrx_word' id='word_1_139' title='bbox 780 3807 929 3869; x_wconf 87' lang='lat' dir='ltr'>minusve</span> <span class='ocrx_word' id='word_1_140' title='bbox 952 3804 1121 3889; x_wconf 85' lang='lat' dir='ltr'>placitura,</span> <span class='ocrx_word' id='word_1_141' title='bbox 1146 3826 1209 3869; x_wconf 93' lang='lat' dir='ltr'>non</span> <span class='ocrx_word' id='word_1_142' title='bbox 1234 3810 1341 3869; x_wconf 81' lang='lat' dir='ltr'>tamen</span> <span class='ocrx_word' id='word_1_143' title='bbox 1365 3805 1494 3869; x_wconf 90' lang='lat' dir='ltr'>omnino</span> <span class='ocrx_word' id='word_1_144' title='bbox 1518 3806 1636 3888; x_wconf 91' lang='lat' dir='ltr'>impro-</span> 
     </span>
     <span class='ocr_line' id='line_1_20' title="bbox 433 3909 1634 3996; baseline -0.002 -19"><span class='ocrx_word' id='word_1_145' title='bbox 433 3913 557 3990; x_wconf 87' lang='lat' dir='ltr'>banda,</span> <span class='ocrx_word' id='word_1_146' title='bbox 590 3910 763 3976; x_wconf 91' lang='lat' dir='ltr'>dummodo</span> <span class='ocrx_word' id='word_1_147' title='bbox 793 3914 976 3975; x_wconf 77' lang='lat' dir='ltr'>contineant</span> <span class='ocrx_word' id='word_1_148' title='bbox 999 3911 1082 3995; x_wconf 86' lang='lat' dir='ltr'>qnod</span> <span class='ocrx_word' id='word_1_149' title='bbox 1107 3909 1277 3996; x_wconf 86' lang='lat' dir='ltr'>supplicio,</span> <span class='ocrx_word' id='word_1_150' title='bbox 1302 3913 1354 3974; x_wconf 90' lang='lat' dir='ltr'>oui</span> <span class='ocrx_word' id='word_1_151' title='bbox 1378 3909 1538 3984; x_wconf 82' lang='lat' dir='ltr'>illuditur,</span> <span class='ocrx_word' id='word_1_152' title='bbox 1563 3932 1634 3975; x_wconf 92' lang='lat' dir='ltr'>con·</span> 
     </span>
     <span class='ocr_line' id='line_1_21' title="bbox 431 4015 1634 4101; baseline -0.003 -18"><span class='ocrx_word' id='word_1_153' title='bbox 431 4040 556 4083; x_wconf 84' lang='lat' dir='ltr'>noxum</span> <span class='ocrx_word' id='word_1_154' title='bbox 586 4019 639 4081; x_wconf 91' lang='lat' dir='ltr'>sit.</span> <span class='ocrx_word' id='word_1_155' title='bbox 664 4016 794 4082; x_wconf 85' lang='lat' dir='ltr'>Accedit</span> <span class='ocrx_word' id='word_1_156' title='bbox 818 4016 901 4101; x_wconf 91' lang='lat' dir='ltr'>quod</span> <span class='ocrx_word' id='word_1_157' title='bbox 925 4015 1150 4081; x_wconf 85' lang='lat' dir='ltr'>malevolentia</span> <span class='ocrx_word' id='word_1_158' title='bbox 1174 4023 1205 4079; x_wconf 86' lang='lat' dir='ltr'>et</span> <span class='ocrx_word' id='word_1_159' title='bbox 1228 4019 1414 4080; x_wconf 84' lang='lat' dir='ltr'>immanitas</span> <span class='ocrx_word' id='word_1_160' title='bbox 1437 4037 1455 4080; x_wconf 92' lang='lat' dir='ltr'>a</span> <span class='ocrx_word' id='word_1_161' title='bbox 1478 4015 1634 4082; x_wconf 90' lang='lat' dir='ltr'>Mercurii</span> 
     </span>
     <span class='ocr_line' id='line_1_22' title="bbox 431 4121 1631 4211; baseline -0.002 -22"><span class='ocrx_word' id='word_1_162' title='bbox 431 4144 585 4211; x_wconf 86' lang='lat' dir='ltr'>persona,</span> <span class='ocrx_word' id='word_1_163' title='bbox 607 4121 712 4207; x_wconf 89' lang='lat' dir='ltr'>qualis</span> <span class='ocrx_word' id='word_1_164' title='bbox 732 4143 749 4186; x_wconf 86' lang='lat' dir='ltr'>a</span> <span class='ocrx_word' id='word_1_165' title='bbox 769 4121 911 4187; x_wconf 83' lang='lat' dir='ltr'>Lucieno</span> <span class='ocrx_word' id='word_1_166' title='bbox 930 4124 964 4185; x_wconf 92' lang='lat' dir='ltr'>in</span> <span class='ocrx_word' id='word_1_167' title='bbox 985 4122 1045 4186; x_wconf 93' lang='lat' dir='ltr'>hoc</span> <span class='ocrx_word' id='word_1_168' title='bbox 1065 4121 1191 4206; x_wconf 84' lang='lat' dir='ltr'>dialogo</span> <span class='ocrx_word' id='word_1_169' title='bbox 1210 4121 1385 4198; x_wconf 85' lang='lat' dir='ltr'>inducitur,</span> <span class='ocrx_word' id='word_1_170' title='bbox 1407 4121 1631 4200; x_wconf 87' lang='lat' dir='ltr'>suntalieuao;</span> 
     </span>
     <span class='ocr_line' id='line_1_23' title="bbox 431 4226 1632 4313; baseline -0.003 -17"><span class='ocrx_word' id='word_1_171' title='bbox 431 4230 627 4296; x_wconf 89' lang='lat' dir='ltr'>clementem</span> <span class='ocrx_word' id='word_1_172' title='bbox 648 4235 680 4292; x_wconf 89' lang='lat' dir='ltr'>et</span> <span class='ocrx_word' id='word_1_173' title='bbox 698 4228 938 4293; x_wconf 87' lang='lat' dir='ltr'>misericordem</span> <span class='ocrx_word' id='word_1_174' title='bbox 960 4231 1106 4292; x_wconf 87' lang='lat' dir='ltr'>animum</span> <span class='ocrx_word' id='word_1_175' title='bbox 1126 4228 1267 4313; x_wconf 91' lang='lat' dir='ltr'>produnt</span> <span class='ocrx_word' id='word_1_176' title='bbox 1286 4232 1431 4311; x_wconf 82' lang='lat' dir='ltr'>votapro</span> <span class='ocrx_word' id='word_1_177' title='bbox 1444 4226 1632 4292; x_wconf 87' lang='lat' dir='ltr'>liberatione</span> 
     </span>
     <span class='ocr_line' id='line_1_24' title="bbox 431 4333 1632 4420; baseline -0.004 -18"><span class='ocrx_word' id='word_1_178' title='bbox 431 4337 557 4411; x_wconf 86' lang='lat' dir='ltr'>herois,</span> <span class='ocrx_word' id='word_1_179' title='bbox 589 4355 685 4419; x_wconf 88' lang='lat' dir='ltr'>quem</span> <span class='ocrx_word' id='word_1_180' title='bbox 716 4336 930 4420; x_wconf 86' lang='lat' dir='ltr'>patrocinium</span> <span class='ocrx_word' id='word_1_181' title='bbox 960 4336 1087 4420; x_wconf 80' lang='lat' dir='ltr'>generis</span> <span class='ocrx_word' id='word_1_182' title='bbox 1110 4334 1244 4397; x_wconf 91' lang='lat' dir='ltr'>humani</span> <span class='ocrx_word' id='word_1_183' title='bbox 1268 4335 1354 4398; x_wconf 90' lang='lat' dir='ltr'>cruci</span> <span class='ocrx_word' id='word_1_184' title='bbox 1378 4333 1493 4397; x_wconf 85' lang='lat' dir='ltr'>affixit:</span> <span class='ocrx_word' id='word_1_185' title='bbox 1518 4335 1544 4397; x_wconf 77' lang='grc' dir='ltr'>εἰ</span> <span class='ocrx_word' id='word_1_186' title='bbox 1569 4335 1632 4413; x_wconf 75' lang='grc' dir='ltr'>γὰρ</span> 
     </span>
     <span class='ocr_line' id='line_1_25' title="bbox 430 4435 1630 4521; baseline -0.004 -15"><span class='ocrx_word' id='word_1_187' title='bbox 430 4443 571 4521; x_wconf 71' lang='grc' dir='ltr'><strong><em>γένοντο,</em></strong></span> <span class='ocrx_word' id='word_1_188' title='bbox 603 4435 624 4503; x_wconf 81' lang='grc' dir='ltr'><strong><em>ὦ</em></strong></span> <span class='ocrx_word' id='word_1_189' title='bbox 657 4440 825 4518; x_wconf 73' lang='grc' dir='ltr'><strong><em>Προμηθεῦ,</em></strong></span> <span class='ocrx_word' id='word_1_190' title='bbox 858 4443 964 4502; x_wconf 69' lang='grc' dir='ltr'><strong><em>ταῦτα</em></strong></span> <span class='ocrx_word' id='word_1_191' title='bbox 996 4439 1047 4502; x_wconf 71' lang='grc' dir='ltr'>καὶ</span> <span class='ocrx_word' id='word_1_192' title='bbox 1080 4438 1214 4514; x_wconf 60' lang='lat' dir='ltr'>cattorp!</span> <span class='ocrx_word' id='word_1_193' title='bbox 1243 4461 1277 4502; x_wconf 88' lang='grc' dir='ltr'>τε</span> <span class='ocrx_word' id='word_1_194' title='bbox 1302 4439 1479 4515; x_wconf 76' lang='grc' dir='ltr'><strong><em>λελυμένον,</em></strong></span> <span class='ocrx_word' id='word_1_195' title='bbox 1504 4438 1533 4501; x_wconf 82' lang='grc' dir='ltr'>ἕν</span> <span class='ocrx_word' id='word_1_196' title='bbox 1558 4440 1630 4513; x_wconf 76' lang='grc' dir='ltr'>ἡμῖν</span> 
     </span>
     <span class='ocr_line' id='line_1_26' title="bbox 429 4542 1629 4627; baseline -0.005 -13"><span class='ocrx_word' id='word_1_197' title='bbox 429 4549 661 4627; x_wconf 81' lang='grc' dir='ltr'><strong><em>εὐωχούμενον;</em></strong></span> <span class='ocrx_word' id='word_1_198' title='bbox 683 4552 715 4611; x_wconf 86' lang='lat' dir='ltr'>ot</span> <span class='ocrx_word' id='word_1_199' title='bbox 734 4567 810 4610; x_wconf 84' lang='lat' dir='ltr'>mox</span> <span class='ocrx_word' id='word_1_200' title='bbox 830 4545 1010 4610; x_wconf 87' lang='lat' dir='ltr'>discedens:</span> <span class='ocrx_word' id='word_1_201' title='bbox 1032 4544 1162 4620; x_wconf 69' lang='lat' dir='ltr'>deduces</span> <span class='ocrx_word' id='word_1_202' title='bbox 1185 4542 1233 4609; x_wconf 78' lang='lat' dir='ltr'>oda</span> <span class='ocrx_word' id='word_1_203' title='bbox 1254 4547 1423 4625; x_wconf 68' lang='lat' dir='ltr'>euprepiae·</span> <span class='ocrx_word' id='word_1_204' title='bbox 1449 4542 1493 4618; x_wconf 75' lang='lat' dir='ltr'>sla</span> <span class='ocrx_word' id='word_1_205' title='bbox 1518 4543 1549 4608; x_wconf 75' lang='grc' dir='ltr'>δὲ</span> <span class='ocrx_word' id='word_1_206' title='bbox 1575 4543 1629 4619; x_wconf 75' lang='grc' dir='ltr'>ἤδη</span> 
     </span>
     <span class='ocr_line' id='line_1_27' title="bbox 428 4642 1630 4731; baseline -0.004 -13"><span class='ocrx_word' id='word_1_207' title='bbox 428 4679 475 4718; x_wconf 83' lang='grc' dir='ltr'>σοι</span> <span class='ocrx_word' id='word_1_208' title='bbox 510 4653 562 4716; x_wconf 83' lang='grc' dir='ltr'>τὸν</span> <span class='ocrx_word' id='word_1_209' title='bbox 594 4652 736 4727; x_wconf 72' lang='grc' dir='ltr'>Θηβαῖον</span> <span class='ocrx_word' id='word_1_210' title='bbox 760 4642 790 4714; x_wconf 74' lang='grc' dir='ltr'>ὃν</span> <span class='ocrx_word' id='word_1_211' title='bbox 814 4652 877 4730; x_wconf 69' lang='grc' dir='ltr'>Φίρς</span> <span class='ocrx_word' id='word_1_212' title='bbox 901 4650 1027 4729; x_wconf 68' lang='grc' dir='ltr'><strong><em>τοξότην</em></strong></span> <span class='ocrx_word' id='word_1_213' title='bbox 1052 4650 1259 4731; x_wconf 72' lang='grc' dir='ltr'>ἐπιφανῆναι,</span> <span class='ocrx_word' id='word_1_214' title='bbox 1285 4651 1324 4721; x_wconf 75' lang='grc' dir='ltr'>ὥς</span> <span class='ocrx_word' id='word_1_215' title='bbox 1349 4649 1496 4714; x_wconf 73' lang='grc' dir='ltr'><strong><em>παύσειεν</em></strong></span> <span class='ocrx_word' id='word_1_216' title='bbox 1520 4651 1630 4714; x_wconf 70' lang='grc' dir='ltr'><strong><em>ἀντιτε-</em></strong></span> 
     </span>
    </p>
   </div>
   <div class='ocr_carea' id='block_1_6' title="bbox 428 4756 872 4853">
    <p class='ocr_par' dir='ltr' id='par_1_6' title="bbox 428 4756 872 4853">
     <span class='ocr_line' id='line_1_28' title="bbox 428 4756 872 4853; baseline -0.009 -27"><span class='ocrx_word' id='word_1_217' title='bbox 428 4760 583 4839; x_wconf 81' lang='grc' dir='ltr'><strong><em>μνόμενον</em></strong></span> <span class='ocrx_word' id='word_1_218' title='bbox 607 4759 665 4824; x_wconf 77' lang='grc' dir='ltr'>ὑπὸ</span> <span class='ocrx_word' id='word_1_219' title='bbox 689 4763 741 4853; x_wconf 81' lang='grc' dir='ltr'>τοῦ</span> <span class='ocrx_word' id='word_1_220' title='bbox 765 4756 872 4838; x_wconf 74' lang='grc' dir='ltr'><strong><em>ὀρνέου.</em></strong></span> 
     </span>
    </p>
   </div>
   <div class='ocr_carea' id='block_1_7' title="bbox 0 0 2268 5950">
    <p class='ocr_par' dir='ltr' id='par_1_7' title="bbox 0 0 2268 5950">
     <span class='ocr_line' id='line_1_29' title="bbox 0 0 2268 5950; baseline 0 0"><span class='ocrx_word' id='word_1_221' title='bbox 0 0 2268 5950; x_wconf 95' lang='lat' dir='ltr'> </span> 
     </span>
    </p>
   </div>
  </div>
 </body>
</html>
