4525 5950
1025 693 1267 743 unuosrnnnns.
1677 676 1742 741 315

541 857 629 921 mihi
657 879 720 922 non
745 878 864 942 magno
888 878 981 942 opere
1005 858 1134 923 arridet.
1161 858 1249 923 Malo
1273 859 1421 943 equidem
1447 858 1629 924 Dobraeum
1653 862 1743 944 sequi

544 984 576 1046 p.
603 961 681 1039 438,
706 964 760 1026 oui
783 961 877 1047 plene
901 961 1035 1028 delenda
1058 963 1211 1029 uidentur
1234 964 1331 1028 verba
1355 964 1414 1028 οὐδ’
1436 960 1521 1044 εἶχεν
1544 962 1608 1028 tn
1628 971 1742 1042 πρῶτον

541 1067 646 1148 λάβη.
671 1067 761 1132 Idem
785 1067 863 1132 haec
888 1068 986 1133 verba
1009 1068 1194 1154 significant
1217 1069 1317 1154 quod:
1341 1071 1441 1133 οὐκέτι
1463 1065 1548 1148 εἶχεν
1568 1070 1741 1146 ὑπακούειν,

541 1173 601 1238 sed
625 1175 733 1238 minus
757 1171 922 1260 eleganter
945 1177 1113 1238 enunciata
1136 1180 1221 1239 sunt.

590 1391 697 1477 §272
720 1414 751 1478 p.
777 1392 853 1458 428.
886 1391 1001 1458 Orator
1032 1413 1219 1479 praeconem
1243 1394 1375 1457 recitare
1396 1394 1533 1456 iusserat
1555 1395 1609 1465 τήν
1633 1394 1740 1470 ςήλην,

541 1500 577 1560 in
611 1518 675 1582 qua
702 1500 918 1584 perscriptum
949 1504 1017 1563 erat
1048 1499 1260 1564 Athenienses
1288 1498 1438 1563 Arthmio
1461 1496 1581 1562 Zelitae
1604 1517 1686 1583 aqua
1709 1506 1741 1562 et

541 1606 616 1688 igni
646 1603 849 1670 interdixisse
879 1601 926 1668 ὅτι
957 1604 1007 1669 τὸν
1039 1604 1153 1683 χρυσὸν
1185 1607 1236 1667 τὸν
1269 1604 1383 1667 ἐκτῶν
1407 1603 1576 1683 βαρβάρων
1601 1605 1644 1672 εἰς
1669 1604 1739 1674 τοὺς

539 1707 705 1781 Ἕλληνας
737 1709 869 1786 ήγοιγεν.
901 1710 1014 1775 Stabat
1044 1710 1101 1775 illa
1130 1709 1200 1775 loco
1224 1712 1392 1793 conspicuo
1414 1711 1507 1773 iuxta
1531 1711 1585 1782 τήν
1608 1712 1740 1782 ’λθηνάν

542 1812 733 1894 Πρόμαχον·
764 1816 851 1892 παρά
875 1817 929 1889 τήν
954 1825 1081 1895 χαλκῆν
1105 1818 1161 1887 τήν
1185 1816 1331 1892 μεγάλην
1356 1815 1552 1897 [Ἀθηνάν]
1577 1817 1611 1877 ἐκ
1636 1813 1738 1889 δεξιάς

541 1916 654 1993 ἕςηκεν
678 1915 712 1992 ἣν
736 1921 865 1998 ἀριςεῖον
891 1923 907 1995 ή
932 1919 1019 1990 πθλιι
1047 1925 1100 1985 τοῦ
1126 1922 1199 2001 πρὸς
1224 1920 1293 1990 τοὺς
1317 1920 1497 1999 βαρβάρους
1518 1921 1655 1995 πολέμου
1676 1920 1739 1984 ttu-

538 2050 601 2088 των
633 2033 692 2089 τῶν
724 2026 879 2099 Ἑλλήνων
911 2030 953 2091 τά
977 2027 1132 2108 χρήματα
1157 2032 1310 2104 ταῦτα,
1335 2025 1489 2098 ἀνέθηκεν.
1513 2026 1664 2090 Primum
1687 2048 1739 2091 ax-

539 2151 687 2216 pungem
722 2135 889 2216 proprium
920 2132 1086 2198 Minervae
1117 2153 1250 2210 nomen,
1290 2131 1373 2216 quod
1405 2133 1523 2197 nostris
1550 2132 1739 2196 ¹hominibus

539 2236 674 2300 fortasse
710 2235 834 2302 utiliter
869 2236 1015 2301 additum
1051 2242 1117 2314 eet,
1152 2258 1209 2301 nec
1244 2257 1320 2301 vero
1354 2240 1433 2321 ipsis
1468 2236 1735 2314 Atheniensibus;

538 2341 655 2407 deinde
685 2363 758 2406 cum
790 2347 895 2405 ταῦτα
927 2341 1115 2427 planissime
1142 2342 1299 2419 abundet,
1331 2344 1517 2407 conticium:
1548 2342 1656 2406 δόντων
1679 2348 1737 2404 τῶν

538 2449 697 2520 Ἐλλήνων
732 2451 773 2510 τά
808 2449 960 2526 χρήματα
997 2449 1153 2513 ἐνταῦθ’
1189 2448 1341 2520 ἀνέθηκεν.
1375 2447 1424 2512 Ad
1455 2467 1523 2512 rem
1554 2446 1736 2511 Boeckhius

539 2553 678 2617 conferri
702 2556 820 2639 poterit
843 2552 915 2618 Oec.
941 2551 1011 2619 (liv.
1036 2552 1067 2617 Il
1092 2576 1122 2638 p.
1148 2551 1214 2620 247
1227 2575 1294 2639 sqq.

589 2770 695 2855 §280
726 2793 756 2855 p.
781 2769 864 2835 431:
898 2772 1077 2848 ὑπομενεῖτε
1109 2773 1161 2835 τὸν
1193 2773 1249 2845 μὲν
1280 2772 1442 2849 εὐεργέτην
1474 2775 1527 2834 τοῦ
1559 2770 1654 2844 δήμου
1682 2772 1734 2834 καὶ

538 2882 601 2940 τῶν
634 2877 666 2938 ἐκ
699 2884 842 2954 Πειραιῶς
875 2876 1152 2961 [Ἐπικράτην]
1176 2881 1317 2943 ἐκπεσεῖν
1326 2900 1334 2956 ;
1359 2879 1484 2944 Nomen
1507 2879 1673 2962 proprium
1696 2880 1736 2941 ir·

536 2986 641 3067 repsit
664 3005 703 3047 er
728 2980 842 3066 5277.
868 2982 915 3048 De
937 2983 1086 3068 Epicrate
1111 2994 1183 3069 post
1206 2984 1284 3050 alios
1308 2985 1463 3070 quaedam
1485 2983 1602 3069 collegi
1623 2985 1733 3048 Maera.

538 3088 631 3153 1899
655 3110 686 3173 p.
711 3088 788 3153 203.

584 3289 690 3374 §284
721 3311 752 3375 p.
779 3289 862 3355 432:
895 3290 908 3352 θ
936 3290 992 3366 μὲν
1018 3290 1207 3366 ἠτιμώσεται
1231 3286 1276 3353 ὅτι
1302 3295 1407 3353 τοῦτον
1432 3286 1530 3354 εἶδεν
1556 3290 1731 3356 ἀδικοῦνται.

536 3396 611 3461 Imo
635 3416 728 3460 vero:
752 3392 875 3461 οἶδεν·
901 3418 963 3461 non
986 3417 1062 3461 sane
1085 3397 1190 3461 fuerat
1214 3398 1304 3461 testis
1328 3394 1483 3461 oculatus.

584 3609 690 3695 §288
714 3633 745 3695 p.
772 3610 855 3677 433:
891 3611 1032 3690 πρότερον
1068 3613 1125 3686 μὲν
1160 3614 1200 3677 τί
1234 3615 1307 3690 παρ’
1340 3614 1410 3687 ὑμῖν
1442 3613 1614 3690 ε’ψήφιςαι,
1647 3617 1731 3679 τοῦτ’

532 3719 699 3793 ἐπετήρουν
732 3718 757 3780 οἱ
788 3716 879 3782 ἀλλοι
912 3716 1027 3789 πάντες
1058 3717 1221 3790 Ἕλληνες.
1254 3718 1332 3783 Esse
1356 3721 1453 3783 etiam
1477 3719 1571 3783 hodie
1594 3722 1650 3804 qui
1673 3721 1732 3785 hoo

532 3825 674 3910 probent
707 3823 760 3889 vel
795 3831 878 3889 certe
908 3822 1077 3889 excusentl
1113 3824 1265 3889 Reislrius
1296 3832 1404 3890 tamen
1438 3825 1628 3889 iamdudum
1664 3847 1731 3889 cor-

533 3936 680 3994 rexerat:
705 3924 723 3992 θ
743 3951 790 3994 τι.
1284 3945 1286 3950 ·

582 4143 687 4230 §303
719 4167 750 4230 p.
775 4144 858 4209 438:
890 4146 938 4216 τίς
969 4146 983 4207 θ
1016 4144 1259 4225 συσκευάζεσθαι
1290 4150 1343 4219 τήν
1367 4148 1511 4211 Ἑλλάδα
1536 4148 1587 4210 καὶ
1613 4158 1730 4212 Πελο-

532 4255 733 4323 πόννησον
771 4255 923 4315 Φίλιππον
958 4252 1053 4330 decim
1096 4250 1340 4336 Suppleverim:
1378 4250 1484 4332 (ὅλην
1519 4254 1600 4332 τήν)
1635 4263 1729 4317 Πελο-

532 4359 692 4431 πθννησον.

581 4562 599 4644 §
620 4557 685 4623 303
711 4581 741 4643 p.
768 4558 852 4624 438:
877 4559 926 4630 τθς
947 4560 961 4623 θ
982 4560 1015 4623 al
1036 4558 1210 4622 Μιλτιάδου
1231 4560 1280 4622 καὶ
1295 4565 1328 4623 τὸ
1344 4559 1567 4633 Θεμιςοκλέοος
1581 4562 1724 4640 ψήφισμ’

526 4670 774 4741 ἀναγιγνώσκων
805 4665 857 4728 καὶ
890 4667 940 4728 τὸν
974 4667 1004 4728 ἐν
1035 4665 1077 4740 τῷ
1104 4671 1158 4735 τῆς
1185 4665 1361 4741 Ἀγλαύρου
1391 4671 1449 4728 τῶν
1474 4667 1600 4741 ἐφήβων
1625 4663 1723 4746 ὅρκους

529 4770 625 4851 Quod
649 4771 796 4835 adhunc
820 4790 942 4835 morem
966 4771 1098 4847 attinet,
1122 4771 1233 4835 scribit
1255 4771 1493 4835 Schoomannus
1513 4771 1634 4856 Antiqq.
1654 4773 1724 4837 θυι.
