4525 5950
881 701 922 748 nu
945 701 1020 748 runs
1045 701 1185 750 nomaso.
1561 681 1627 748 213

429 868 608 952 possessio,
641 885 738 950 quam
769 863 951 929 Decemviri
980 869 1082 929 ratam
1107 865 1304 941 habueruut,
1326 867 1396 931 sive
1418 868 1489 949 quie
1513 868 1632 951 pignus

431 975 572 1056 cepisset
594 972 736 1034 adversae
760 993 824 1033 cam
839 969 862 1050 ¹)
890 970 942 1054 qui
964 970 1090 1034 boetium
1113 971 1230 1034 emicaret
1251 994 1305 1034 mec
1322 972 1457 1054 pretium
1476 974 1630 1048 redderet,

432 1081 506 1143 sive
528 1078 671 1141 adversae
694 1099 758 1141 emm
780 1076 1009 1161 quimercedem
1028 1099 1087 1140 mon
1105 1079 1244 1140 redderet
1256 1099 1316 1159 pro
1336 1100 1368 1141 eo
1385 1079 1530 1155 iumento,
1551 1079 1631 1162 qaod

432 1184 505 1268 quic
527 1183 593 1246 ideo
616 1182 758 1258 decurret,
783 1189 816 1245 at
838 1182 910 1246 inde
927 1182 1087 1264 pecmcc'cm
1111 1190 1258 1265 acceptam
1282 1183 1316 1247 in
1338 1186 1460 1266 dapem,
1481 1183 1517 1245 id
1535 1190 1578 1246 eat
1594 1183 1629 1245 ia

431 1289 617 1371 sacraficium
639 1288 821 1371 impenderet
844 1286 929 1368 (Gai.
953 1286 997 1352 IV
1020 1288 1123 1374 528),
1150 1289 1235 1373 quod
1259 1291 1377 1374 pignus
1400 1288 1558 1374 quomodo
1581 1291 1631 1352 iu·

433 1396 521 1460 dicio
551 1395 745 1472 obtinuerit,
778 1397 806 1459 si
837 1394 960 1459 debitor
990 1415 1059 1459 rem
1083 1414 1174 1458 suam
1199 1416 1267 1460 csse
1290 1394 1484 1472 vindicaret,
1509 1394 1633 1460 dicetur

433 1521 506 1585 cap.
537 1498 666 1567 XCVII.
702 1499 763 1566 Sed
795 1503 905 1584 quaeri
936 1507 1059 1585 potest,
1091 1504 1202 1566 utrum
1235 1503 1354 1586 pignus
1384 1500 1564 1585 depositum
1588 1502 1634 1565 sic

434 1606 622 1671 Decemviri
645 1605 698 1671 vel
723 1609 819 1671 tacite
842 1604 895 1671 vel
918 1607 1093 1690 expressim
1117 1604 1390 1683 confirmaverint,
1414 1614 1452 1671 ut
1471 1606 1635 1672 confirma·

432 1719 552 1777 verunt
582 1715 701 1797 pignus
725 1733 764 1776 ex
787 1715 874 1776 iusta
897 1731 991 1776 causa
1014 1717 1156 1795 captum.
1181 1712 1243 1776 Pro
1266 1732 1329 1796 qua
1352 1714 1508 1777 sententia
1532 1712 1633 1776 facere

433 1817 567 1885 videtur
600 1820 750 1903 inprimis
783 1817 880 1881 huius
911 1819 1035 1902 negotii
1066 1816 1257 1901 simplicitas
1289 1823 1321 1882 et
1353 1820 1444 1902 qnasi
1475 1815 1633 1882 naturalis

433 1926 659 2010 opportunitas
671 1925 708 2003 ²),
734 1929 804 1988 tum
829 1921 963 1988 foederis
987 1922 1095 1988 Latini
1119 1927 1246 1988 textus:
1270 1923 1306 1986 ci
1326 1924 1421 2008 quid
1437 1923 1632 2005 pipnorie

433 2027 704 2109 aaciccitar³)
733 2030 814 2092 eibi
843 2029 1034 2109 ἢούθὲν).
1061 2027 1126 2094 Nec
1151 2029 1278 2094 dubitat
1299 2029 1465 2109 Puchta⁵)
1490 2036 1633 2094 statuere

432 2137 534 2201 huius
553 2157 678 2220 quoque
697 2138 857 2222 pignoris,
878 2135 912 2199 id
933 2143 981 2200 est
1001 2135 1130 2213 traditi,
1153 2137 1377 2201 anctoritatem
1395 2135 1502 2221 aliquo
1513 2134 1630 2200 saltem

432 2243 534 2308 modo
557 2250 660 2308 ratam
683 2243 782 2308 fuisse
795 2241 842 2320 ⁰).
868 2243 1022 2307 Atameu
1047 2245 1153 2328 magis
1177 2241 1347 2306 dicendum
1368 2250 1431 2320 eet,
1450 2245 1521 2307 iure
1541 2240 1632 2307 civili

431 2357 542 2415 ratam
583 2371 645 2414 non
685 2349 785 2414 fuisse
819 2351 963 2435 pignoris
999 2347 1108 2413 traditi
1144 2350 1368 2412 anctoritatem
1390 2347 1426 2427 ²),
1463 2346 1514 2413 vel
1549 2353 1633 2413 certe

433 2476 569 2522 omnem
598 2458 644 2520 rei
674 2456 864 2519 memoriam
888 2453 1090 2519 obliteratam
1115 2474 1193 2520 esee.
1217 2454 1320 2530 Nam,
1345 2453 1455 2518 foedus
1480 2453 1633 2518 Latinum

432 2560 524 2646 quod
558 2563 688 2637 attinet,
723 2566 772 2625 est
807 2558 983 2624 verisimile
1018 2580 1067 2623 res
1090 2559 1232 2641 pipmorie
1261 2559 1307 2623 ibi
1338 2561 1453 2644 opponi
1477 2558 1632 2643 praediis,

433 2664 571 2753 proinde
602 2667 748 2750 permitti
778 2686 815 2730 eo
842 2662 962 2729 Romae
986 2663 1118 2741 Latino,
1143 2664 1286 2729 Romano
1310 2669 1420 2729 autem
1443 2666 1476 2727 in
1499 2664 1632 2729 urbibus
1695 2687 1699 2694 ·

432 2772 563 2837 Latinis
582 2792 632 2836 res
650 2769 785 2837 mobiles
805 2768 987 2855 adquirere,
1011 2792 1074 2834 non
1094 2769 1231 2834 fundum
1252 2767 1305 2834 vel
1323 2769 1424 2834 aedes.
1446 2768 1512 2836 cur
1531 2772 1634 2855 igitur

432 2877 526 2943 idem
549 2877 662 2943 foedus
686 2877 800 2941 habet:
825 2875 1040 2958 pecuniam
1063 2874 1190 2961 quw)
1213 2875 1442 2954 catamitae·
1464 2876 1633 2940 habeto?

433 2983 525 3048 Fieri
555 2990 676 3068 potest,
704 2989 741 3046 ut
764 2985 806 3046 sit
827 2982 912 3047 idem
936 2987 1044 3047 textus
1066 2980 1139 3045 aliis
1161 2981 1268 3046 verbis
1289 2980 1458 3059 laudatus,
1482 2982 1632 3067 quemad-

435 3089 573 3155 modum
607 3088 790 3154 tabularum
825 3089 1007 3175 fragmenta
1040 3108 1133 3173 saepe
1169 3087 1343 3154 laudantur
1371 3092 1434 3165 ita,
1466 3097 1504 3153 ut
1534 3091 1630 3154 verba

433 3194 635 3280 discrepent,
667 3195 752 3259 idam
784 3200 889 3259 tamen
922 3193 1127 3279 intelligatur
1158 3193 1241 3280 legis
1273 3202 1386 3279 caput;
1414 3194 1482 3260 fieri
1505 3216 1630 3280 quoque

433 3305 561 3388 potest,
598 3305 635 3365 ut
669 3300 807 3366 alterum
842 3307 953 3366 utrum
989 3300 1209 3387 fragmentum
1243 3322 1306 3365 non
1338 3303 1380 3365 eit
1412 3301 1547 3366 foederis
1577 3302 1631 3367 scd

477 3578 503 3640 1)
521 3575 541 3624 1.
557 3590 576 3624 e.
595 3590 623 3623 cx
641 3573 709 3623 bonis
726 3573 785 3623 eina.

474 3659 502 3723 2)
528 3657 564 3706 Οἱ.
587 3656 715 3715 Bechoicn,
739 3655 842 3720 Pfcedr.
866 3654 952 3716 (1847)
969 3670 991 3718 p.
1011 3656 1025 3702 8
1042 3657 1111 3716 i§4):
1138 3654 1190 3703 ‚die
1213 3654 1386 3718 Vcrpsiudanq
1479 3655 1554 3705 durch
1572 3655 1634 3704 Hia-

432 3741 496 3807 9aie
599 3739 634 3787 iet
658 3738 709 3787 eine
731 3752 757 3785 co
778 3735 915 3785 natirliete
937 3735 1157 3798 hettchudmup,
1179 3737 1235 3784 dam
1258 3736 1310 3785 ihre
1332 3736 1424 3799 Uetuaep
1442 3737 1512 3785 echon
1525 3739 1578 3799 fiir
1595 3737 1635 3786 dic

435 3825 528 3871 tillem
544 3821 596 3870 mic
610 3820 672 3868 caeli
686 3820 746 3868 etue
761 3855 817 3867 ....
833 3817 957 3882 Zeupaiere
970 3817 1069 3866 niceae
1083 3817 1217 3881 tecamjcit
1229 3819 1319 3866 werden
1333 3817 1445 3882 diestef'
1459 3844 1492 3854 -
1506 3818 1633 3867 Invenitur

435 3904 526 3969 pignus
551 3902 667 3951 traditum
693 3900 755 3966 apud
779 3900 899 3957 Plantam,
923 3900 990 3963 capt.
1016 3901 1078 3948 4³3:
1102 3915 1176 3948 meam
1199 3914 1248 3948 eree
1271 3899 1342 3947 mam
1365 3900 1404 3949 hic
1422 3915 1468 3962 pro
1490 3903 1512 3949 te
1529 3900 1632 3962 mutan

427 3984 536 4049 pipaen'.
554 3983 589 4033 Oi.
608 3982 664 4031 ibid.
683 3983 732 4031 488
753 3982 794 4045 (nc
881 3981 968 4045 pipam
984 3982 1099 4042 corcram
1122 3982 1170 4030 cic
1188 3981 1291 4044 (retinui
1304 3982 1399 4045 piencrr'
1413 3981 1565 4045 putamina);
1581 3981 1630 4030 888

433 4067 587 4130 (reliqueram
601 4065 687 4128 maan
700 4078 745 4127 pro
761 4067 813 4124 ne).

472 4150 498 4209 8)
517 4147 652 4211 Ingenium
668 4145 790 4204 unitor,
808 4146 876 4194 docet
892 4144 997 4204 Schocll,
1014 4144 1059 4208 leg.
1079 4144 1127 4194 XII
1146 4143 1192 4194 tab.
1212 4145 1255 4194 rel.
1272 4146 1358 4207 (1888)
1375 4162 1398 4210 p.
1415 4147 1455 4194 88.

473 4229 503 4291 8)
520 4229 581 4277 sert.
600 4243 623 4277 r.
641 4226 760 4277 nancitor·

474 4315 501 4372 8)
521 4312 607 4359 curm
622 4310 699 4372 5248.

473 4393 500 4456 8)
526 4394 604 4440 ‚Daca
620 4392 671 4452 (der
689 4390 824 4455 Olintiper)
840 4390 892 4454 aas
903 4389 988 4454 irpead
1004 4390 1055 4439 ciac
1073 4390 1120 4438 Art
1134 4405 1207 4454 pepon
1224 4390 1263 4440 die
1285 4389 1439 4440 Vindicatioa
1455 4392 1496 4440 dee
1517 4390 1633 4455 Verpfria·

432 4476 491 4525 dere
505 4473 633 4538 pccctitaet
649 4473 735 4530 acarde,
753 4471 786 4521 ist
802 4471 1003 4535 cellectierdinpa
1019 4469 1206 4520 amentem?

472 4556 499 4618 7)
522 4556 610 4605 urcem
633 4559 669 4603 est
691 4554 772 4619 opinio
792 4554 893 4604 chrici
913 4554 1047 4618 Demiurg,
1065 4554 1217 4618 Psandrcctt
1234 4552 1246 4601 1
1264 4570 1287 4619 p.
1305 4556 1352 4604 45¹
1373 4557 1398 4602 et
1416 4553 1510 4603 Nicolai
1529 4554 1631 4613 Hermu,

437 4639 538 4704 Orr‘qr'nc
554 4639 583 4687 de
601 4635 764 4701 i'typctlcprre
781 4637 884 4686 romine
901 4637 986 4698 (1888)
1004 4653 1027 4702 p.
1046 4638 1153 4686 38-84.
1172 4636 1247 4685 addit
1264 4636 1302 4685 hic
1318 4639 1351 4701 (p.
1370 4638 1423 4698 ⁶³)=
1444 4639 1509 4686 ‚cela
1525 4636 1565 4685 κά
1582 4636 1634 4685 rien

434 4724 479 4789 qai
495 4721 562 4771 deice
578 4735 636 4769 ncne
652 4717 775 4769 e‘tcrrm.”
1630 4730 1633 4734 <

473 4806 502 4869 8)
519 4803 557 4854 Cf.
574 4802 681 4861 Scbceil,
696 4817 735 4867 op.
752 4801 792 4851 cit.
809 4816 833 4865 p.
850 4799 891 4853 78.
