4525 5950
651 665 717 730 352
1200 684 1376 735 incursus.

650 851 705 923 την
738 849 848 913 Ἀσίαν
883 853 1093 919 κατοικοῦντες
1126 847 1278 922 Ἕλληνες
1313 849 1422 926 βοηίδν
1462 852 1691 930 ἐπεκαλοῦντο,
1738 849 1851 927 οὗτος

650 955 783 1018 ἐδεῖτο
818 960 876 1017 τῶν
910 951 944 1029 ἐξ
970 954 1099 1032 1Ἀνδρον
1130 955 1182 1018 καί
1216 956 1281 1020 Κέω
1314 957 1365 1019 καί
1398 955 1556 1036 Τροιζῆνος
1583 958 1639 1021 καῖ
1668 959 1852 1038 Ἐπιδαύρου

649 1062 823 1138 ἐπικουρίαν
854 1062 959 1139 αύτῷ
992 1061 1277 1139 μεταπέμψασθαι.
1302 1061 1441 1148 Operose
1463 1067 1546 1128 ratio
1571 1071 1623 1128 est
1649 1085 1752 1151 quam
1776 1065 1854 1131 Van·

650 1167 813 1232 denessiue
837 1169 983 1251 sequitur
1005 1188 1036 1251 p.
1061 1165 1121 1245 27;
1148 1167 1231 1231 mihi
1253 1168 1385 1252 quidem
1404 1172 1543 1235 insiticia
1564 1170 1726 1236 videntur
1743 1174 1851 1238 verba:

649 1269 763 1343 ούτος
796 1272 945 1350 ἐδεῖτο,
978 1272 1090 1338 deinde
1122 1275 1151 1337 si
1181 1276 1379 1359 rescripseris
1411 1276 1585 1354 ἐπικουρίαν
1622 1280 1852 1352 ἀντιμετα-

650 1377 914 1456 πέμψαοίαι,
935 1378 975 1443 ad
995 1380 1172 1443 sententiae
1191 1381 1414 1464 integritatem
1431 1380 1513 1445 nihil
1525 1381 1741 1448 desiderabis.
1763 1383 1852 1450 Idem

647 1483 703 1550 ille
734 1483 888 1570 populus,
921 1486 1012 1549 cuius
1040 1483 1200 1549 auxilium
1222 1487 1463 1568 potentissimae
1485 1493 1599 1572 gentes
1625 1487 1713 1553 olim
1736 1489 1853 1575 imple

649 1590 775 1668 rabant,
799 1611 883 1654 nunc
907 1611 1001 1675 opem
1024 1592 1107 1675 petit
1129 1590 1168 1654 ab
1191 1589 1349 1655 insulanis
1369 1599 1401 1656 et
1420 1613 1595 1677 parvorum
1618 1594 1851 1680 oppidulomm

648 1694 772 1760 incolis.

694 1911 792 1996 §492
825 1914 849 1977 εί
879 1912 910 1977 δέ
943 1913 1063 1977 δεῖκαὶ
1089 1912 1435 1991 παραδοξότατον
1457 1917 1514 1992 μὲν
1538 1917 1641 1982 εἰπεῖν
1667 1919 1786 1994 ιέληύές
1811 1921 1850 1985 δέ.

647 2016 794 2084 Praestat
816 2021 992 2106 positivus:
1018 2018 1262 2099 παράδοξον.

693 2222 711 2305 ξ
733 2219 794 2285 50:
817 2221 871 2286 ούκ
894 2220 933 2285 ῖιν
958 2223 1154 2304 αἰσχυνθείην
1178 2224 1268 2288 εῖπὼν
1287 2223 1421 2303 repam
1440 2232 1497 2298 τῆς
1516 2225 1671 2304 πατρίδος
1694 2224 1776 2292 εῖναι
1795 2230 1849 2301 τὰς

649 2327 765 2390 ἐκείνων
788 2327 940 2406 ψυχάς.
962 2326 1195 2395 Vandenessius
1215 2332 1331 2395 merito
1352 2331 1517 2396 contendit
1536 2332 1598 2396 hoo
1620 2333 1775 2421 intelligi
1794 2356 1851 2400 non

648 2453 739 2518 posse
767 2437 800 2498 et
822 2435 1024 2500 commendat
1048 2435 1107 2506 τας
1132 2437 1250 2499 ἐκείνων
1274 2435 1319 2499 τύ
1326 2459 1418 2516 χας.
1443 2435 1510 2504 Gur
1532 2436 1760 2506 'Phalhemius
1784 2462 1849 2507 eam

647 2541 861 2623 suspicionem
886 2562 925 2605 ne
949 2545 1142 2607 memoravit
1164 2540 1313 2626 quidem?

693 2758 711 2842 ξ
732 2756 792 2821 52:
825 2759 841 2833 η
866 2758 964 2833 βουλὴ
990 2807 1087 2825 .....
1113 2761 1182 2831 τούς
1207 2761 1385 2840 Φεύγοντας
1411 2763 1465 2835 την
1490 2761 1628 2840 πατρίδα
1659 2813 1766 2831 .....
1791 2783 1848 2830 λα-

647 2863 779 2938 βοῦσα
811 2864 983 2930 ἀπέκτεινε.
1008 2864 1121 2932 Nonne
1144 2866 1204 2931 hoc
1227 2866 1498 2944 ξυλλαβούσα
1525 2868 1654 2934 dietum
1681 2870 1847 2957 oportuit?

690 3079 790 3163 §58:
815 3078 884 3143 ούτε
905 3076 976 3144 τύτε
1000 3082 1235 3151 ἐκπλεύσας
1260 3081 1342 3146 ούδέν
1366 3083 1538 3159 εἰσήγαγεν
1564 3085 1597 3146 ἐκ
1619 3088 1797 3165 Μεγοῖραν,
1816 3080 1845 3161 ἐξ

646 3182 697 3258 ἐτη
723 3192 858 3265 συνεχῶς
883 3187 1099 3261 ἀποδημήσας.
1124 3187 1186 3267 Qui
1211 3208 1228 3253 e
1251 3194 1345 3273 portu
1368 3191 1402 3252 in
1421 3188 1526 3254 altum
1544 3194 1707 3277 enavigat
1730 3196 1844 3269 ἐκπλεῖ,

645 3294 701 3376 qui
730 3292 864 3358 domum
888 3290 970 3358 redit
993 3302 1155 3357 καταπλεῖ
1176 3300 1209 3358 et
1232 3293 1399 3359 Leocratee
1422 3294 1526 3359 nullas
1550 3316 1678 3363 merces
1701 3299 1843 3387 Megetis

645 3399 786 3463 Athenae
808 3401 1006 3484 importavit,
1031 3398 1114 3463 unde
1139 3406 1271 3484 apparet
1290 3421 1405 3465 verum
1424 3421 1509 3466 esse:
1536 3409 1841 3477 καταπλεύσας

645 3504 727 3570 ούδέν
762 3506 943 3581 είούγαγεν.
984 3504 1198 3590 Opponuntur
1231 3508 1316 3571 inter
1351 3528 1383 3570 se
1420 3509 1545 3570 ἐκπλεῖν
1581 3517 1614 3572 et
1654 3521 1841 3588 καταπλεῖν,

644 3610 916 3694 quemadmodum
954 3609 1063 3685 ἐξιέναι
1095 3617 1128 3675 et
1160 3612 1317 3675 κατιέναι·
1355 3615 1460 3676 activa
1491 3618 1599 3677 autem
1636 3616 1740 3680 verba
1773 3630 1841 3682 sunt

645 3717 770 3792 ἐξάγειν
795 3725 827 3782 et
852 3717 1015 3795 κατάγειν,
1037 3717 1075 3783 de
1099 3739 1162 3802 quo
1185 3739 1247 3782 usu
1271 3724 1320 3782 est
1343 3717 1506 3783 luculenta
1525 3715 1642 3784 (lebeti
1662 3723 1841 3789 observatio

646 3822 755 3887 Meam.
784 3822 870 3888 1854
894 3846 924 3908 p.
954 3823 1015 3887 128
1039 3831 1071 3888 et
1097 3823 1184 3888 1862
1208 3846 1238 3908 p.
1265 3822 1341 3888 114.
1372 3823 1458 3889 Hinc
1481 3824 1597 3910 pendet
1621 3827 1841 3915 intelligentia

644 3950 754 3995 eorum
777 3950 858 4014 quae
881 3929 1035 4016 leguntur
1057 3929 1130 4013 §18
1155 3929 1193 3993 de
1217 3929 1362 4006 Rhodiis,
1387 3951 1478 4008 nam,
1504 3937 1634 4016 accepto
1660 3939 1784 4002 nuncio
1806 3935 1839 3999 de

644 4055 753 4122 pugna
777 4036 861 4120 apud
885 4034 1119 4109 Chaeroneam,
1144 4035 1269 4113 τριύρεις
1294 4037 1509 4113 πληρώσαντες
1533 4037 1576 4100 τύι
1600 4046 1702 4104 πλοῖα
1730 4047 1841 4113 κατῖε

644 4166 713 4219 γον
749 4142 800 4204 καῖ
837 4147 895 4204 τῶν
931 4141 1068 4221 ἐμπύρων
1103 4141 1154 4204 καί
1191 4143 1249 4205 τῶν
1284 4141 1457 4217 ναυκλήρων
1491 4143 1516 4205 οῖ
1549 4148 1838 4223 ταρεσκειιασμένοι

644 4248 726 4326 δεῦρο
759 4254 850 4309 πλεῖν
882 4247 978 4311 αύτού
1009 4249 1060 4310 τὸν
1091 4254 1174 4311 σῖτον
1206 4246 1356 4323 ἐξείλοντο
1388 4247 1440 4309 καί
1473 4241 1581 4310 τᾶλλα
1604 4253 1770 4328 χρήματα
1793 4253 1838 4317 διὰ

643 4359 757 4417 τοῦτον.
792 4352 904 4438 Itaque
936 4355 1082 4417 triremes
1104 4359 1270 4417 armarunt
1293 4357 1325 4417 et
1347 4356 1564 4417 onerariarum
1587 4358 1728 4421 navium
1753 4360 1838 4423 insti·

643 4467 727 4524 tores
757 4461 791 4523 in
822 4480 901 4544 quos
924 4459 1123 4536 incidebant,
1148 4461 1311 4523 iusserunt
1334 4458 1486 4524 Rhodum
1510 4458 1670 4538 κατιέναι,
1697 4463 1837 4549 nequid

641 4566 798 4630 frumenti
831 4566 973 4629 Athenas
1007 4565 1159 4629 veherent
1193 4564 1232 4629 ad
1266 4565 1382 4629 hostes.
1418 4563 1509 4630 Nihil
1538 4566 1745 4650 praedonum
1775 4572 1836 4633 ritu

641 4672 758 4736 Rhodii
788 4669 1058 4736 latrocinabantur
1089 4692 1145 4735 nec
1169 4691 1287 4734 merces
1312 4670 1491 4755 publicatae
1515 4671 1647 4735 fuerunt
1672 4680 1707 4738 et
1732 4674 1836 4739 darde-

640 4780 723 4841 narii
753 4777 889 4842 libenter
919 4775 1069 4842 Rhodum
1094 4776 1349 4853 devertebantur,
1374 4776 1459 4859 quod
1484 4774 1637 4862 colligere
1662 4800 1835 4864 possumus
