4525 5950
977 675 1152 725 urcunous.
1591 658 1656 723 355

460 847 556 931 gine,
588 844 660 921 sed,
693 847 821 910 etiamsi
852 847 982 909 vetusta
1009 842 1105 908 lectio
1136 848 1202 921 est,
1232 863 1329 928 quam
1354 843 1467 909 itidem
1491 842 1659 909 confirmat

462 949 570 1016 Sobel.
594 950 634 1014 ad
657 950 820 1035 Aristoph.
845 950 936 1015 Pluti
956 971 1003 1015 vs.
1027 947 1102 1027 182,
1128 947 1242 1014 malim
1261 954 1369 1014 tamen
1391 950 1504 1024 μένοι
1529 945 1657 1026 οὗτοι,

462 1078 539 1122 cum
563 1056 781 1142 superlativus
805 1060 997 1131 μονώτατος,
1017 1062 1175 1140 quantum
1195 1058 1349 1140 comperi,
1370 1058 1551 1141 ceteroquin
1572 1054 1658 1140 apud

463 1169 604 1226 oratores
635 1184 697 1228 non
728 1166 883 1238 occurrat,
916 1163 979 1226 nisi
1010 1160 1092 1226 forte
1116 1181 1153 1225 ea
1175 1160 1385 1246 paragrapho,
1409 1182 1490 1246 quae
1513 1164 1658 1247 proxime

463 1270 619 1352 sequitur,
651 1268 708 1332 ubi
739 1267 906 1333 Leocrates
937 1267 1173 1343 μονώτατος
1204 1265 1241 1329 θον
1266 1267 1472 1344 προσηκόντως
1497 1265 1657 1345 ἐξορισθείη

464 1381 519 1447 τῆς
552 1375 654 1452 χώρας
682 1367 717 1439 ἣν
740 1373 963 1449 ἐγκαταλιπὼν
986 1380 1050 1443 τοῖς
1075 1372 1232 1447 πολεμίοις
1257 1370 1367 1452 ᾤχετο.
1392 1370 1507 1438 Orator
1529 1374 1562 1437 in
1587 1394 1658 1438 ean-

465 1478 540 1544 dem
575 1480 768 1543 sententiam
804 1477 961 1543 declamat
996 1476 1115 1562 §1311
1151 1476 1267 1552 μόνος
1299 1473 1412 1549 οὗτος
1445 1485 1502 1541 τῶν
1534 1476 1658 1544 τοίντων

464 1584 624 1662 ἀνθρώπων
656 1585 706 1648 καί
739 1583 781 1648 τοὶ
813 1593 868 1656 τῆς
902 1585 1022 1662 φύσεως
1055 1584 1151 1647 οίκεῖα
1182 1582 1235 1646 καί
1268 1583 1433 1660 οίναγκοιΐα
1464 1583 1656 1660 προδέδωκεν.

465 1689 619 1774 Sequitur
653 1688 845 1755 obliviosum
880 1689 993 1766 fuisse,
1029 1690 1085 1773 qni
1116 1687 1197 1772 §53
1228 1692 1275 1753 ita
1306 1688 1456 1754 dixisset:
1488 1690 1576 1753 αλλὰ
1600 1690 1656 1764 μέν

465 1796 643 1860 Αὐτολύκου
667 1795 724 1871 μέν
751 1796 837 1871 ὑμεῖς
864 1793 1147 1874 κατεψηφίσασθε,
1167 1793 1327 1868 μείναντος
1351 1796 1407 1869 μὶν
1427 1795 1522 1858 αὑτοῦ
1544 1794 1572 1857 έν
1593 1803 1657 1867 τοῖς

464 1900 626 1977 κινδύνοις,
650 1900 776 1980 ἔχοντος
800 1898 825 1963 δ’
850 1901 955 1963 αἰτίαν
975 1900 1044 1969 τοὺς
1072 1901 1145 1968 υἱεῖς
1168 1899 1220 1964 καί
1241 1900 1293 1971 την
1313 1907 1450 1977 γυναῖκα
1464 1900 1657 1977 ὑπεκθέσθαι,

463 2007 515 2069 καί
549 2005 787 2082 ἐτιμωρήσασθε.
819 2002 973 2070 Getarum
1005 2003 1228 2089 Hermogenes
1259 2004 1344 2088 apud
1374 2003 1575 2089 Hyperidem
1599 2006 1658 2068 im·

462 2112 619 2196 probabat
638 2110 874 2196 superlativum
893 2109 1084 2185 μονώτατος,
1105 2110 1145 2174 of.
1163 2110 1247 2194 apud
1261 2109 1423 2175 Blaesium
1435 2110 1566 2195 fragmt.
1579 2108 1657 2174 239.

508 2331 526 2413 ᾗ
547 2327 608 2393 9οῑ
640 2329 739 2392 καίτοι
768 2329 801 2404 γ’
825 2327 1024 2406 ἐπεχείρησεν
1048 2328 1156 2405 εἰπεῖν,
1283 2328 1320 2399 oie
1346 2327 1399 2391 οὐκ
1422 2324 1461 2388 οἶν
1486 2326 1562 2390 ποτε
1587 2326 1658 2392 ὑπέ-

462 2458 549 2510 μεινε
574 2434 625 2497 τὸν
644 2435 754 2510 syene
773 2437 878 2497 τοῦτον
899 2433 1035 2503 συνειδὼς
1058 2433 1156 2511 ἑαυτῷ
1177 2433 1311 2497 ποιοῦσίν
1330 2457 1360 2496 τι
1381 2431 1655 2510 διαπεπραγμένῳ.

463 2539 585 2605 Facilis
604 2540 680 2605 haec
700 2545 785 2616 sunt,
806 2539 919 2604 deinde
939 2540 1086 2623 seqnitur
1106 2541 1216 2624 paucis
1236 2539 1427 2624 quibusdam
1443 2541 1655 2624 interpositis:

462 2648 495 2711 οὐ
521 2645 584 2723 γὰρ
606 2651 660 2709 τοῦ
685 2645 877 2722 προίγματθς
904 2645 948 2713 έςι
972 2652 1110 2721 σημεῖον,
1134 2647 1171 2716 ὥς
1196 2647 1229 2710 οὐ
1254 2646 1466 2722 πεποιήκασιν,
1491 2648 1580 2710 σίλλθο
1600 2654 1654 2720 της

462 2752 620 2822 ἀναιδείας
653 2740 687 2822 ἣν
718 2748 850 2831 ἔχουσιν,
881 2751 915 2813 οῦ
948 2751 1011 2830 γὰρ
1043 2755 1132 2814 τοῦτο
1157 2751 1204 2814 δεῖ
1225 2751 1340 2828 λέγειν,
1366 2752 1440 2815 ἀλλ’
1464 2754 1502 2822 ὣς
1527 2754 1580 2816 οὐκ
1604 2751 1657 2829 έξ-

461 2857 662 2923 έπλεοσεν
701 2856 767 2920 οὐδὲ
801 2856 855 2928 την
892 2854 981 2919 πόλιν
1020 2856 1304 2934 ἐγκατέλιπεν
1342 2856 1403 2921 οὐθ’
1434 2858 1464 2919 έν
1496 2857 1655 2935 Μεγάροις

460 2962 707 3045 κατῴκησεν.
739 2961 803 3027 Hic
831 2969 950 3048 quanto
980 2960 1195 3049 elegantiores
1219 2968 1252 3028 et
1274 2962 1538 3049 significantiores
1562 2968 1658 3029 erunt

461 3072 585 3155 primae
607 3088 759 3155 personae
782 3066 1036 3147 ἐξέπλευσα,
1062 3068 1357 3147 ἐγκατέλιπον,
1383 3070 1612 3152 κατῴκησα.

507 3274 525 3356 §
546 3270 606 3336 91:
639 3271 706 3335 έπεί
731 3273 767 3336 τί
789 3274 823 3349 γ’
847 3273 944 3337 έλθεῒν
967 3277 1084 3349 τοῦτον,
1109 3266 1196 3347 οἶμαι
1222 3271 1284 3336 θείν
1309 3295 1377 3335 τινα
1402 3274 1495 3339 αθτθν
1520 3273 1569 3336 έπ·
1593 3274 1656 3338 αὖ·

459 3380 532 3450 την
568 3379 706 3454 ιὶγοιγεῖν
740 3379 795 3449 την
831 3378 1038 3456 τιμωρίαν.
1082 3376 1233 3462 Longum
1267 3383 1316 3441 est
1350 3381 1452 3443 totam
1488 3378 1657 3443 verbosam

460 3484 740 3547 ratiocinationem
776 3482 967 3560 describere,
1004 3482 1058 3548 sed
1092 3503 1193 3567 quum
1228 3480 1310 3565 §92
1344 3482 1390 3546 dii
1421 3483 1567 3548 dicantur
1597 3490 1655 3548 τῶν

461 3594 594 3665 πονηρῶν
625 3588 783 3667 ἀνθρώπων
815 3588 869 3660 την
901 3587 1034 3653 διοίκοιαν
1055 3589 1222 3666 παράγειν,
1247 3586 1361 3652 malim
1384 3588 1466 3653 fere:
1492 3588 1541 3652 έπί
1567 3589 1656 3653 ταύ-

460 3716 532 3767 την
563 3694 702 3769 αγαγεῖι
734 3695 788 3767 την
819 3719 875 3766 μω
884 3695 990 3771 ριόιν,
1028 3714 1126 3779 quam
1159 3694 1376 3779 suspicionem
1399 3696 1427 3759 si
1451 3694 1654 3778 probaveris,

458 3800 516 3863 vir
552 3798 730 3863 remanebit
764 3818 859 3862 cansa
892 3820 949 3863 cur
982 3819 1058 3863 cum
1093 3797 1308 3863 Herwerdeno
1345 3819 1510 3884 expungas
1540 3799 1653 3863 verba:

460 3901 577 3981 ἑτέρωθι
706 3900 817 3983 ὑπέχει
850 3902 966 3975 ταύτην
997 3905 1051 3976 την
1084 3903 1240 3979 τιμωρίαν.
1275 3901 1324 3968 Of.
1356 3903 1440 3988 apud
1467 3901 1654 3970 Ciceronem

460 4009 533 4072 Act.
558 4006 626 4072 Sec.
651 4009 685 4072 in
707 4006 839 4072 Verrem
863 4007 878 4071 I
898 4008 967 4093 56:
993 4006 1149 4073 scelerum
1169 4010 1279 4093 poenis
1297 4011 1440 4095 agitatur
1459 4015 1492 4074 et
1510 4029 1529 4073 a
1547 4014 1655 4075 mente

459 4111 656 4198 consilioque
679 4113 860 4179 deducitur.

505 4334 523 4416 ξ
545 4330 606 4396 92:
630 4332 667 4396 ln
687 4353 723 4398 ea
745 4334 904 4397 sententia
925 4353 1022 4416 quam
1041 4332 1137 4397 modo
1156 4332 1344 4398 afferebam:
1364 4334 1390 4396 ot
1410 4333 1472 4411 γὰρ
1493 4335 1549 4398 θεοί
1571 4334 1653 4399 οὐδέν

458 4438 645 4517 πρότερον
679 4443 811 4502 ποιοῦσιν
845 4440 861 4512 ἢ
895 4441 952 4502 τῶν
983 4446 1113 4518 πονηρῶν
1139 4440 1297 4516 ἀνθρώπων
1321 4439 1375 4510 την
1399 4438 1530 4502 διάνοιαν
1554 4441 1653 4518 παροί-

458 4566 549 4621 γοοσι
586 4543 751 4608 Bekkerus
785 4543 890 4610 delere
925 4543 1031 4610 voluit
1060 4543 1095 4608 id
1125 4543 1209 4630 qnod
1240 4550 1289 4609 est
1319 4549 1468 4609 ποιοῦσιν·
1504 4544 1651 4630 equidem

457 4649 597 4714 scribere
619 4648 734 4714 malim
757 4653 1102 4728 προυργιαίτερον.
