<?xml version="1.0" encoding="UTF-8"?>
<!DOCTYPE html PUBLIC "-//W3C//DTD XHTML 1.0 Transitional//EN"
    "http://www.w3.org/TR/xhtml1/DTD/xhtml1-transitional.dtd">
<html xmlns="http://www.w3.org/1999/xhtml" xml:lang="en" lang="en">
 <head>
  <title>
</title>
<meta http-equiv="Content-Type" content="text/html;charset=utf-8" />
  <meta name='ocr-system' content='tesseract 3.04.00' />
  <meta name='ocr-capabilities' content='ocr_page ocr_carea ocr_par ocr_line ocrx_word'/>
</head>
<body>
  <div class='ocr_page' id='page_1' title='image "./mnemosyne07verdgoog_0462.png"; bbox 0 0 4525 5950; ppageno 0'>
   <div class='ocr_carea' id='block_1_1' title="bbox 648 679 1362 748">
    <p class='ocr_par' dir='ltr' id='par_1_1' title="bbox 648 679 1362 748">
     <span class='ocr_line' id='line_1_1' title="bbox 648 679 1362 748; baseline 0.004 -3"><span class='ocrx_word' id='word_1_1' title='bbox 648 679 714 746; x_wconf 80' lang='lat'><strong>442</strong></span> <span class='ocrx_word' id='word_1_2' title='bbox 1121 697 1362 748; x_wconf 80' lang='lat' dir='ltr'><strong>nnnosrmrrns.</strong></span> 
     </span>
    </p>
   </div>
   <div class='ocr_carea' id='block_1_2' title="bbox 644 862 1836 1035">
    <p class='ocr_par' dir='ltr' id='par_1_2' title="bbox 644 862 1836 1035">
     <span class='ocr_line' id='line_1_2' title="bbox 644 862 1836 950; baseline -0.002 -21"><span class='ocrx_word' id='word_1_3' title='bbox 644 864 714 929; x_wconf 91' lang='lat' dir='ltr'><strong>Non</strong></span> <span class='ocrx_word' id='word_1_4' title='bbox 745 886 904 950; x_wconf 86' lang='lat' dir='ltr'><strong>conooqno</strong></span> <span class='ocrx_word' id='word_1_5' title='bbox 934 885 1005 930; x_wconf 83' lang='lat' dir='ltr'><strong>earn</strong></span> <span class='ocrx_word' id='word_1_6' title='bbox 1035 863 1247 942; x_wconf 67' lang='lat' dir='ltr'><strong>locutionem</strong></span> <span class='ocrx_word' id='word_1_7' title='bbox 1281 867 1358 929; x_wconf 86' lang='lat' dir='ltr'><strong>satis</strong></span> <span class='ocrx_word' id='word_1_8' title='bbox 1387 864 1468 930; x_wconf 90' lang='lat' dir='ltr'><strong>lenis</strong></span> <span class='ocrx_word' id='word_1_9' title='bbox 1497 867 1650 930; x_wconf 77' lang='lat' dir='ltr'><strong>nomentio</strong></span> <span class='ocrx_word' id='word_1_10' title='bbox 1686 868 1737 929; x_wconf 88' lang='lat' dir='ltr'><strong>est</strong></span> <span class='ocrx_word' id='word_1_11' title='bbox 1760 862 1836 938; x_wconf 73' lang='grc' dir='ltr'><strong>ἑξέ·</strong></span> 
     </span>
     <span class='ocr_line' id='line_1_3' title="bbox 646 969 779 1035; baseline 0.008 -1"><span class='ocrx_word' id='word_1_12' title='bbox 646 969 693 1034; x_wconf 72' lang='grc' dir='ltr'><strong>δα</strong></span> <span class='ocrx_word' id='word_1_13' title='bbox 703 994 721 1033; x_wconf 91' lang='grc' dir='ltr'><strong><em>κ</em></strong></span> <span class='ocrx_word' id='word_1_14' title='bbox 731 994 779 1035; x_wconf 82' lang='grc' dir='ltr'><strong>εν.</strong></span> 
     </span>
    </p>
   </div>
   <div class='ocr_carea' id='block_1_3' title="bbox 644 1187 1840 1700">
    <p class='ocr_par' dir='ltr' id='par_1_3' title="bbox 644 1187 1840 1700">
     <span class='ocr_line' id='line_1_4' title="bbox 689 1187 1838 1275; baseline 0.003 -23"><span class='ocrx_word' id='word_1_15' title='bbox 689 1187 793 1273; x_wconf 76' lang='lat'>§210</span> <span class='ocrx_word' id='word_1_16' title='bbox 823 1210 853 1275; x_wconf 89' lang='lat' dir='ltr'><strong>p.</strong></span> <span class='ocrx_word' id='word_1_17' title='bbox 880 1187 955 1254; x_wconf 83' lang='grc'><strong>765.</strong></span> <span class='ocrx_word' id='word_1_18' title='bbox 988 1187 1084 1253; x_wconf 85' lang='lat' dir='ltr'><strong>Haud</strong></span> <span class='ocrx_word' id='word_1_19' title='bbox 1114 1191 1162 1254; x_wconf 85' lang='lat' dir='ltr'><strong>ita</strong></span> <span class='ocrx_word' id='word_1_20' title='bbox 1191 1208 1292 1273; x_wconf 83' lang='lat' dir='ltr'><strong>panea</strong></span> <span class='ocrx_word' id='word_1_21' title='bbox 1323 1194 1398 1254; x_wconf 88' lang='lat' dir='ltr'><strong>sunt</strong></span> <span class='ocrx_word' id='word_1_22' title='bbox 1428 1189 1731 1267; x_wconf 76' lang='lat' dir='ltr'><strong>inhonoratione,</strong></span> <span class='ocrx_word' id='word_1_23' title='bbox 1757 1211 1838 1275; x_wconf 82' lang='lat' dir='ltr'><strong>qnae</strong></span> 
     </span>
     <span class='ocr_line' id='line_1_5' title="bbox 644 1293 1838 1380; baseline 0 -19"><span class='ocrx_word' id='word_1_24' title='bbox 644 1294 817 1361; x_wconf 81' lang='lat' dir='ltr'><strong>lectoribus</strong></span> <span class='ocrx_word' id='word_1_25' title='bbox 847 1294 941 1359; x_wconf 91' lang='lat' dir='ltr'><strong>hodie</strong></span> <span class='ocrx_word' id='word_1_26' title='bbox 971 1316 1035 1359; x_wconf 91' lang='lat' dir='ltr'><strong>non</strong></span> <span class='ocrx_word' id='word_1_27' title='bbox 1065 1301 1199 1379; x_wconf 78' lang='lat' dir='ltr'>possunt</span> <span class='ocrx_word' id='word_1_28' title='bbox 1227 1293 1359 1380; x_wconf 83' lang='lat' dir='ltr'><strong>plaeere.</strong></span> <span class='ocrx_word' id='word_1_29' title='bbox 1390 1294 1437 1360; x_wconf 80' lang='lat' dir='ltr'><strong>Eo</strong></span> <span class='ocrx_word' id='word_1_30' title='bbox 1459 1293 1612 1361; x_wconf 86' lang='lat' dir='ltr'><strong>libentius</strong></span> <span class='ocrx_word' id='word_1_31' title='bbox 1635 1295 1838 1362; x_wconf 86' lang='lat' dir='ltr'><strong>attendimus</strong></span> 
     </span>
     <span class='ocr_line' id='line_1_6' title="bbox 645 1399 1839 1487; baseline 0 -21"><span class='ocrx_word' id='word_1_32' title='bbox 645 1401 685 1466; x_wconf 89' lang='lat' dir='ltr'><strong>ad</strong></span> <span class='ocrx_word' id='word_1_33' title='bbox 708 1421 847 1486; x_wconf 89' lang='lat' dir='ltr'><strong>eaquae</strong></span> <span class='ocrx_word' id='word_1_34' title='bbox 870 1407 983 1466; x_wconf 86' lang='lat' dir='ltr'><strong>notatu</strong></span> <span class='ocrx_word' id='word_1_35' title='bbox 1007 1399 1104 1487; x_wconf 80' lang='lat' dir='ltr'><strong>digna</strong></span> <span class='ocrx_word' id='word_1_36' title='bbox 1127 1404 1219 1480; x_wconf 90' lang='lat' dir='ltr'><strong>sunt;</strong></span> <span class='ocrx_word' id='word_1_37' title='bbox 1244 1399 1346 1466; x_wconf 82' lang='lat' dir='ltr'><strong>veluti</strong></span> <span class='ocrx_word' id='word_1_38' title='bbox 1369 1401 1440 1467; x_wconf 85' lang='lat' dir='ltr'><strong>hio:</strong></span> <span class='ocrx_word' id='word_1_39' title='bbox 1469 1401 1576 1467; x_wconf 69' lang='grc' dir='ltr'><strong><em>πολλοὶ</em></strong></span> <span class='ocrx_word' id='word_1_40' title='bbox 1598 1407 1656 1465; x_wconf 81' lang='grc' dir='ltr'><strong><em>τῶν</em></strong></span> <span class='ocrx_word' id='word_1_41' title='bbox 1679 1403 1839 1476; x_wconf 74' lang='grc' dir='ltr'><strong><em>Ἑλλήνων</em></strong></span> 
     </span>
     <span class='ocr_line' id='line_1_7' title="bbox 646 1507 1840 1589; baseline 0.002 -18"><span class='ocrx_word' id='word_1_42' title='bbox 646 1508 801 1578; x_wconf 74' lang='grc' dir='ltr'><strong>πολλάκις</strong></span> <span class='ocrx_word' id='word_1_43' title='bbox 833 1508 906 1570; x_wconf 79' lang='grc' dir='ltr'><strong><em>εἰσὶν</em></strong></span> <span class='ocrx_word' id='word_1_44' title='bbox 938 1507 1143 1585; x_wconf 71' lang='grc' dir='ltr'><strong>ἐψηφισμένοι</strong></span> <span class='ocrx_word' id='word_1_45' title='bbox 1174 1515 1237 1576; x_wconf 81' lang='grc' dir='ltr'><strong><em>τοῖς</em></strong></span> <span class='ocrx_word' id='word_1_46' title='bbox 1269 1507 1369 1583; x_wconf 71' lang='grc' dir='ltr'><strong><em>νόμοις</em></strong></span> <span class='ocrx_word' id='word_1_47' title='bbox 1400 1512 1532 1586; x_wconf 78' lang='grc' dir='ltr'><strong><em>χρῆσθαι</em></strong></span> <span class='ocrx_word' id='word_1_48' title='bbox 1565 1517 1630 1579; x_wconf 78' lang='grc' dir='ltr'><strong><em>τοῖς</em></strong></span> <span class='ocrx_word' id='word_1_49' title='bbox 1662 1509 1840 1589; x_wconf 75' lang='grc' dir='ltr'><strong><em>ὑμετέροις,</em></strong></span> 
     </span>
     <span class='ocr_line' id='line_1_8' title="bbox 647 1609 1719 1700; baseline 0.003 -24"><span class='ocrx_word' id='word_1_50' title='bbox 647 1615 700 1692; x_wconf 79' lang='grc' dir='ltr'><strong>ἐφ’</strong></span> <span class='ocrx_word' id='word_1_51' title='bbox 723 1609 745 1693; x_wconf 80' lang='grc' dir='ltr'><em>ᾧ</em></span> <span class='ocrx_word' id='word_1_52' title='bbox 768 1614 976 1691; x_wconf 77' lang='grc' dir='ltr'><strong><em>φιλοτιμεῖσθ’</em></strong></span> <span class='ocrx_word' id='word_1_53' title='bbox 1003 1613 1091 1689; x_wconf 77' lang='grc' dir='ltr'><strong><em>ὑμεῖς</em></strong></span> <span class='ocrx_word' id='word_1_54' title='bbox 1115 1613 1248 1685; x_wconf 76' lang='grc' dir='ltr'><strong><em>εἰκότας.</em></strong></span> <span class='ocrx_word' id='word_1_55' title='bbox 1272 1611 1319 1680; x_wconf 81' lang='lat' dir='ltr'><strong>Cf.</strong></span> <span class='ocrx_word' id='word_1_56' title='bbox 1344 1613 1434 1679; x_wconf 81' lang='lat' dir='ltr'><strong>Erot.</strong></span> <span class='ocrx_word' id='word_1_57' title='bbox 1458 1613 1538 1699; x_wconf 79' lang='lat'><strong>§50</strong></span> <span class='ocrx_word' id='word_1_58' title='bbox 1562 1636 1592 1700; x_wconf 91' lang='lat' dir='ltr'><strong>p.</strong></span> <span class='ocrx_word' id='word_1_59' title='bbox 1619 1614 1719 1680; x_wconf 86' lang='lat'><strong>1416.</strong></span> 
     </span>
    </p>
   </div>
   <div class='ocr_carea' id='block_1_4' title="bbox 645 1822 1841 2980">
    <p class='ocr_par' dir='ltr' id='par_1_4' title="bbox 645 1822 1841 2980">
     <span class='ocr_line' id='line_1_9' title="bbox 687 1822 1840 1920; baseline 0.002 -24"><span class='ocrx_word' id='word_1_60' title='bbox 687 1833 705 1916; x_wconf 59' lang='grc' dir='ltr'>ᾖ</span> <span class='ocrx_word' id='word_1_61' title='bbox 725 1830 791 1896; x_wconf 86' lang='grc'><strong>214</strong></span> <span class='ocrx_word' id='word_1_62' title='bbox 815 1853 846 1918; x_wconf 89' lang='lat' dir='ltr'><strong>p.</strong></span> <span class='ocrx_word' id='word_1_63' title='bbox 871 1830 946 1897; x_wconf 90' lang='grc'><strong>766.</strong></span> <span class='ocrx_word' id='word_1_64' title='bbox 971 1831 1080 1896; x_wconf 74' lang='lat' dir='ltr'><strong>Etiam</strong></span> <span class='ocrx_word' id='word_1_65' title='bbox 1104 1833 1166 1898; x_wconf 87' lang='lat' dir='ltr'><strong>hoo</strong></span> <span class='ocrx_word' id='word_1_66' title='bbox 1189 1839 1239 1898; x_wconf 88' lang='lat' dir='ltr'><strong>est</strong></span> <span class='ocrx_word' id='word_1_67' title='bbox 1261 1833 1300 1899; x_wconf 91' lang='lat' dir='ltr'><strong>de</strong></span> <span class='ocrx_word' id='word_1_68' title='bbox 1324 1854 1442 1920; x_wconf 80' lang='lat' dir='ltr'><strong>genere</strong></span> <span class='ocrx_word' id='word_1_69' title='bbox 1466 1833 1596 1899; x_wconf 87' lang='lat' dir='ltr'><strong>eodem:</strong></span> <span class='ocrx_word' id='word_1_70' title='bbox 1622 1822 1759 1914; x_wconf 70' lang='grc' dir='ltr'><strong><em>ἀργυρίῳ</em></strong></span> <span class='ocrx_word' id='word_1_71' title='bbox 1784 1837 1840 1912; x_wconf 73' lang='grc' dir='ltr'><strong>μὲν</strong></span> 
     </span>
     <span class='ocr_line' id='line_1_10' title="bbox 645 1938 1841 2019; baseline 0.003 -17"><span class='ocrx_word' id='word_1_72' title='bbox 645 1939 762 2003; x_wconf 79' lang='grc' dir='ltr'><strong><em>πολλαὶ</em></strong></span> <span class='ocrx_word' id='word_1_73' title='bbox 794 1941 852 2002; x_wconf 82' lang='grc' dir='ltr'><strong><em>τῶν</em></strong></span> <span class='ocrx_word' id='word_1_74' title='bbox 883 1938 1000 2002; x_wconf 80' lang='grc' dir='ltr'><strong><em>πόλεων</em></strong></span> <span class='ocrx_word' id='word_1_75' title='bbox 1032 1940 1083 2002; x_wconf 76' lang='grc' dir='ltr'><strong>καὶ</strong></span> <span class='ocrx_word' id='word_1_76' title='bbox 1117 1945 1302 2017; x_wconf 81' lang='grc' dir='ltr'><strong><em>Φανιρῶς</em></strong></span> <span class='ocrx_word' id='word_1_77' title='bbox 1335 1940 1407 2019; x_wconf 80' lang='grc' dir='ltr'><strong><em>πρὸς</em></strong></span> <span class='ocrx_word' id='word_1_78' title='bbox 1438 1941 1561 2019; x_wconf 69' lang='grc' dir='ltr'><strong><em>χαλκὸν</em></strong></span> <span class='ocrx_word' id='word_1_79' title='bbox 1594 1941 1647 2004; x_wconf 73' lang='grc' dir='ltr'><strong>καὶ</strong></span> <span class='ocrx_word' id='word_1_80' title='bbox 1680 1941 1841 2016; x_wconf 75' lang='grc' dir='ltr'><strong><em>μόλυβδον</em></strong></span> 
     </span>
     <span class='ocr_line' id='line_1_11' title="bbox 646 2042 1840 2128; baseline 0.002 -19"><span class='ocrx_word' id='word_1_81' title='bbox 646 2046 820 2124; x_wconf 70' lang='grc' dir='ltr'><strong><em>κεκραμένῳ</em></strong></span> <span class='ocrx_word' id='word_1_82' title='bbox 838 2047 1013 2124; x_wconf 78' lang='grc' dir='ltr'><strong><em>χρώμεναι,</em></strong></span> <span class='ocrx_word' id='word_1_83' title='bbox 1035 2042 1181 2125; x_wconf 79' lang='grc' dir='ltr'><strong><em>σώζονται</em></strong></span> <span class='ocrx_word' id='word_1_84' title='bbox 1202 2048 1253 2109; x_wconf 75' lang='grc' dir='ltr'><strong>καὶ</strong></span> <span class='ocrx_word' id='word_1_85' title='bbox 1274 2046 1335 2110; x_wconf 76' lang='grc' dir='ltr'><strong>οὐδ’</strong></span> <span class='ocrx_word' id='word_1_86' title='bbox 1349 2046 1445 2110; x_wconf 77' lang='grc' dir='ltr'><strong><em>ὁτιοῦν</em></strong></span> <span class='ocrx_word' id='word_1_87' title='bbox 1463 2047 1547 2123; x_wconf 72' lang='grc' dir='ltr'><strong><em>παρὰ</em></strong></span> <span class='ocrx_word' id='word_1_88' title='bbox 1562 2050 1650 2110; x_wconf 81' lang='grc' dir='ltr'><strong><em>τοῦτο</em></strong></span> <span class='ocrx_word' id='word_1_89' title='bbox 1664 2048 1840 2128; x_wconf 72' lang='grc' dir='ltr'><strong><em>πάσχοντι.</em></strong></span> 
     </span>
     <span class='ocr_line' id='line_1_12' title="bbox 645 2149 1841 2237; baseline 0.001 -22"><span class='ocrx_word' id='word_1_90' title='bbox 645 2151 705 2215; x_wconf 81' lang='lat' dir='ltr'><strong>Eiet</strong></span> <span class='ocrx_word' id='word_1_91' title='bbox 738 2151 815 2216; x_wconf 84' lang='lat' dir='ltr'><strong>haec</strong></span> <span class='ocrx_word' id='word_1_92' title='bbox 849 2149 1006 2235; x_wconf 88' lang='lat' dir='ltr'><strong>stupenda</strong></span> <span class='ocrx_word' id='word_1_93' title='bbox 1041 2149 1199 2229; x_wconf 56' lang='lat' dir='ltr'><strong>doctrinm</strong></span> <span class='ocrx_word' id='word_1_94' title='bbox 1231 2158 1374 2216; x_wconf 81' lang='lat' dir='ltr'><strong>ceterum</strong></span> <span class='ocrx_word' id='word_1_95' title='bbox 1408 2152 1589 2231; x_wconf 82' lang='grc' dir='ltr'><strong><em>φανεραί</em></strong></span> <span class='ocrx_word' id='word_1_96' title='bbox 1622 2173 1779 2237; x_wconf 80' lang='lat' dir='ltr'><strong>reponam</strong></span> <span class='ocrx_word' id='word_1_97' title='bbox 1810 2162 1841 2217; x_wconf 87' lang='lat' dir='ltr'><strong>et</strong></span> 
     </span>
     <span class='ocr_line' id='line_1_13' title="bbox 645 2255 1841 2342; baseline 0.003 -22"><span class='ocrx_word' id='word_1_98' title='bbox 645 2256 794 2321; x_wconf 82' lang='lat' dir='ltr'><strong>Reiskins</strong></span> <span class='ocrx_word' id='word_1_99' title='bbox 817 2258 881 2320; x_wconf 88' lang='lat' dir='ltr'><strong>iam</strong></span> <span class='ocrx_word' id='word_1_100' title='bbox 907 2260 1066 2321; x_wconf 78' lang='lat' dir='ltr'><strong>suaserat:</strong></span> <span class='ocrx_word' id='word_1_101' title='bbox 1094 2257 1146 2319; x_wconf 77' lang='grc' dir='ltr'><strong>και</strong></span> <span class='ocrx_word' id='word_1_102' title='bbox 1172 2256 1264 2332; x_wconf 73' lang='grc' dir='ltr'><strong><em>μάλα</em></strong></span> <span class='ocrx_word' id='word_1_103' title='bbox 1288 2259 1489 2336; x_wconf 75' lang='grc' dir='ltr'><strong>φανερῶν,</strong></span> <span class='ocrx_word' id='word_1_104' title='bbox 1513 2255 1552 2322; x_wconf 90' lang='lat' dir='ltr'><strong>de</strong></span> <span class='ocrx_word' id='word_1_105' title='bbox 1574 2277 1638 2342; x_wconf 87' lang='lat' dir='ltr'><strong>qna</strong></span> <span class='ocrx_word' id='word_1_106' title='bbox 1657 2259 1841 2323; x_wconf 79' lang='lat' dir='ltr'><strong>coniectura</strong></span> 
     </span>
     <span class='ocr_line' id='line_1_14' title="bbox 645 2360 1841 2451; baseline 0.002 -25"><span class='ocrx_word' id='word_1_107' title='bbox 645 2367 695 2426; x_wconf 86' lang='lat' dir='ltr'><strong>est</strong></span> <span class='ocrx_word' id='word_1_108' title='bbox 723 2382 853 2446; x_wconf 86' lang='lat' dir='ltr'><strong>prorsus</strong></span> <span class='ocrx_word' id='word_1_109' title='bbox 882 2360 1056 2427; x_wconf 80' lang='lat' dir='ltr'><strong>mirificum</strong></span> <span class='ocrx_word' id='word_1_110' title='bbox 1079 2361 1222 2427; x_wconf 76' lang='lat' dir='ltr'><strong>Sohiferi</strong></span> <span class='ocrx_word' id='word_1_111' title='bbox 1243 2362 1420 2428; x_wconf 80' lang='lat' dir='ltr'><strong>indicium:</strong></span> <span class='ocrx_word' id='word_1_112' title='bbox 1446 2362 1552 2443; x_wconf 76' lang='lat' dir='ltr'><strong>„Quin</strong></span> <span class='ocrx_word' id='word_1_113' title='bbox 1574 2370 1716 2444; x_wconf 81' lang='grc' dir='ltr'><strong><em>φανερῶς</em></strong></span> <span class='ocrx_word' id='word_1_114' title='bbox 1742 2370 1841 2451; x_wconf 80' lang='lat' dir='ltr'><strong>anget</strong></span> 
     </span>
     <span class='ocr_line' id='line_1_15' title="bbox 645 2468 1840 2555; baseline 0.003 -24"><span class='ocrx_word' id='word_1_115' title='bbox 645 2469 714 2531; x_wconf 87' lang='lat' dir='ltr'><strong>vim</strong></span> <span class='ocrx_word' id='word_1_116' title='bbox 734 2469 1025 2555; x_wconf 80' lang='lat' dir='ltr'><strong>argumentationis</strong></span> <span class='ocrx_word' id='word_1_117' title='bbox 1044 2470 1194 2553; x_wconf 78' lang='lat' dir='ltr'><strong>quamvis</strong></span> <span class='ocrx_word' id='word_1_118' title='bbox 1215 2468 1423 2553; x_wconf 83' lang='lat' dir='ltr'><strong>sophisticae:</strong></span> <span class='ocrx_word' id='word_1_119' title='bbox 1445 2470 1586 2548; x_wconf 71' lang='grc' dir='ltr'><strong><em>ἀργύριον</em></strong></span> <span class='ocrx_word' id='word_1_120' title='bbox 1605 2477 1748 2547; x_wconf 82' lang='grc' dir='ltr'><strong><em>φανερῶς</em></strong></span> <span class='ocrx_word' id='word_1_121' title='bbox 1768 2473 1840 2549; x_wconf 73' lang='grc' dir='ltr'><strong><em>πρὸς</em></strong></span> 
     </span>
     <span class='ocr_line' id='line_1_16' title="bbox 646 2572 1840 2661; baseline 0.003 -24"><span class='ocrx_word' id='word_1_122' title='bbox 646 2575 768 2653; x_wconf 77' lang='grc' dir='ltr'><strong><em>χαλκὸν</em></strong></span> <span class='ocrx_word' id='word_1_123' title='bbox 793 2574 844 2637; x_wconf 76' lang='grc' dir='ltr'><strong>καὶ</strong></span> <span class='ocrx_word' id='word_1_124' title='bbox 868 2572 1017 2650; x_wconf 77' lang='grc' dir='ltr'><strong>μόλιβδον</strong></span> <span class='ocrx_word' id='word_1_125' title='bbox 1036 2576 1229 2651; x_wconf 77' lang='grc' dir='ltr'><strong><em>κεκραμένον,</em></strong></span> <span class='ocrx_word' id='word_1_126' title='bbox 1250 2582 1402 2655; x_wconf 73' lang='lat' dir='ltr'><strong>arpentum</strong></span> <span class='ocrx_word' id='word_1_127' title='bbox 1422 2576 1488 2639; x_wconf 78' lang='lat' dir='ltr'><strong>aeri</strong></span> <span class='ocrx_word' id='word_1_128' title='bbox 1501 2576 1681 2661; x_wconf 75' lang='lat' dir='ltr'><em>plumboque</em></span> <span class='ocrx_word' id='word_1_129' title='bbox 1699 2576 1749 2641; x_wconf 74' lang='lat' dir='ltr'><strong>ita</strong></span> <span class='ocrx_word' id='word_1_130' title='bbox 1768 2577 1840 2641; x_wconf 76' lang='grc' dir='ltr'><strong>ικὶα·</strong></span> 
     </span>
     <span class='ocr_line' id='line_1_17' title="bbox 645 2678 1838 2768; baseline 0.003 -23"><span class='ocrx_word' id='word_1_131' title='bbox 645 2688 723 2759; x_wconf 73' lang='grc' dir='ltr'><strong><em>ιιιιιι,</em></strong></span> <span class='ocrx_word' id='word_1_132' title='bbox 759 2687 793 2743; x_wconf 71' lang='grc' dir='ltr'><strong>ιιι</strong></span> <span class='ocrx_word' id='word_1_133' title='bbox 826 2679 970 2744; x_wconf 75' lang='lat' dir='ltr'><strong>neminem</strong></span> <span class='ocrx_word' id='word_1_134' title='bbox 998 2680 1114 2766; x_wconf 79' lang='lat' dir='ltr'><strong>fallet.</strong></span> <span class='ocrx_word' id='word_1_135' title='bbox 1150 2678 1365 2766; x_wconf 83' lang='lat' dir='ltr'><strong>Sophistioam</strong></span> <span class='ocrx_word' id='word_1_136' title='bbox 1400 2682 1468 2746; x_wconf 89' lang='lat' dir='ltr'><strong>dixi</strong></span> <span class='ocrx_word' id='word_1_137' title='bbox 1502 2686 1838 2768; x_wconf 78' lang='lat' dir='ltr'><strong>argumentationem,</strong></span> 
     </span>
     <span class='ocr_line' id='line_1_18' title="bbox 646 2785 1838 2874; baseline 0.004 -23"><span class='ocrx_word' id='word_1_138' title='bbox 646 2785 730 2873; x_wconf 91' lang='lat' dir='ltr'><strong>quod</strong></span> <span class='ocrx_word' id='word_1_139' title='bbox 753 2787 868 2851; x_wconf 83' lang='lat' dir='ltr'><strong>mixtio</strong></span> <span class='ocrx_word' id='word_1_140' title='bbox 891 2794 958 2850; x_wconf 89' lang='lat' dir='ltr'><strong>tam</strong></span> <span class='ocrx_word' id='word_1_141' title='bbox 982 2785 1154 2852; x_wconf 82' lang='lat' dir='ltr'><strong>manifesta</strong></span> <span class='ocrx_word' id='word_1_142' title='bbox 1177 2807 1276 2872; x_wconf 86' lang='lat' dir='ltr'><strong>eaque</strong></span> <span class='ocrx_word' id='word_1_143' title='bbox 1299 2787 1426 2872; x_wconf 84' lang='lat' dir='ltr'><strong>publice</strong></span> <span class='ocrx_word' id='word_1_144' title='bbox 1449 2788 1533 2853; x_wconf 83' lang='lat' dir='ltr'><strong>faeta</strong></span> <span class='ocrx_word' id='word_1_145' title='bbox 1555 2809 1619 2854; x_wconf 89' lang='lat' dir='ltr'><strong>non</strong></span> <span class='ocrx_word' id='word_1_146' title='bbox 1639 2794 1749 2874; x_wconf 84' lang='lat' dir='ltr'><strong>potest</strong></span> <span class='ocrx_word' id='word_1_147' title='bbox 1768 2810 1838 2856; x_wconf 81' lang='lat' dir='ltr'><strong>vere</strong></span> 
     </span>
     <span class='ocr_line' id='line_1_19' title="bbox 646 2892 1345 2980; baseline 0.001 -23"><span class='ocrx_word' id='word_1_148' title='bbox 646 2893 709 2958; x_wconf 86' lang='lat' dir='ltr'><strong>diei</strong></span> <span class='ocrx_word' id='word_1_149' title='bbox 733 2895 884 2980; x_wconf 79' lang='lat' dir='ltr'><strong>pecuniae</strong></span> <span class='ocrx_word' id='word_1_150' title='bbox 907 2892 1101 2979; x_wconf 84' lang='lat' dir='ltr'><strong>corruptio.”</strong></span> <span class='ocrx_word' id='word_1_151' title='bbox 1126 2892 1168 2957; x_wconf 92' lang='lat' dir='ltr'><strong>Di</strong></span> <span class='ocrx_word' id='word_1_152' title='bbox 1193 2892 1345 2958; x_wconf 79' lang='lat' dir='ltr'><strong>meliorat</strong></span> 
     </span>
    </p>
   </div>
   <div class='ocr_carea' id='block_1_5' title="bbox 958 3119 1529 3179">
    <p class='ocr_par' dir='ltr' id='par_1_5' title="bbox 958 3119 1529 3179">
     <span class='ocr_line' id='line_1_20' title="bbox 958 3119 1529 3179; baseline 0.002 -2"><span class='ocrx_word' id='word_1_153' title='bbox 958 3119 1054 3178; x_wconf 71' lang='lat' dir='ltr'><strong>KAT·</strong></span> <span class='ocrx_word' id='word_1_154' title='bbox 1081 3121 1464 3179; x_wconf 84' lang='grc' dir='ltr'><strong>ΑΡΙΣΤΟΓΕΙΤΟΝΟΣ</strong></span> <span class='ocrx_word' id='word_1_155' title='bbox 1491 3123 1529 3178; x_wconf 84' lang='grc' dir='ltr'><strong>Α.</strong></span> 
     </span>
    </p>
   </div>
   <div class='ocr_carea' id='block_1_6' title="bbox 643 3291 1833 3785">
    <p class='ocr_par' dir='ltr' id='par_1_6' title="bbox 643 3291 1833 3785">
     <span class='ocr_line' id='line_1_21' title="bbox 691 3291 1833 3380; baseline 0 -21"><span class='ocrx_word' id='word_1_156' title='bbox 691 3297 709 3379; x_wconf 59' lang='grc' dir='ltr'><strong>ξ</strong></span> <span class='ocrx_word' id='word_1_157' title='bbox 731 3293 750 3359; x_wconf 89' lang='grc'><strong>3</strong></span> <span class='ocrx_word' id='word_1_158' title='bbox 775 3316 805 3380; x_wconf 89' lang='lat' dir='ltr'><strong>p.</strong></span> <span class='ocrx_word' id='word_1_159' title='bbox 833 3291 916 3359; x_wconf 78' lang='lat'><strong>770:</strong></span> <span class='ocrx_word' id='word_1_160' title='bbox 941 3294 1130 3367; x_wconf 64' lang='lat' dir='ltr'><strong>triuiviros</strong></span> <span class='ocrx_word' id='word_1_161' title='bbox 1155 3295 1228 3373; x_wconf 70' lang='grc' dir='ltr'><strong><em>τρὶς</em></strong></span> <span class='ocrx_word' id='word_1_162' title='bbox 1252 3296 1335 3371; x_wconf 77' lang='grc' dir='ltr'><strong><em>ὑμᾶς</em></strong></span> <span class='ocrx_word' id='word_1_163' title='bbox 1361 3296 1456 3359; x_wconf 76' lang='grc' dir='ltr'><strong><em>εἰπεῖν</em></strong></span> <span class='ocrx_word' id='word_1_164' title='bbox 1480 3292 1502 3360; x_wconf 69' lang='grc' dir='ltr'><em>ἃ</em></span> <span class='ocrx_word' id='word_1_165' title='bbox 1526 3298 1559 3371; x_wconf 79' lang='lat' dir='ltr'><strong>y&#39;</strong></span> <span class='ocrx_word' id='word_1_166' title='bbox 1584 3295 1650 3372; x_wconf 76' lang='grc' dir='ltr'><strong><em>ἐμοὶ</em></strong></span> <span class='ocrx_word' id='word_1_167' title='bbox 1675 3299 1833 3374; x_wconf 68' lang='grc' dir='ltr'><strong><em>Φαίνεται.</em></strong></span> 
     </span>
     <span class='ocr_line' id='line_1_22' title="bbox 644 3398 1830 3485; baseline 0.003 -20"><span class='ocrx_word' id='word_1_168' title='bbox 644 3400 688 3465; x_wconf 92' lang='lat' dir='ltr'><strong>Ut</strong></span> <span class='ocrx_word' id='word_1_169' title='bbox 719 3400 805 3477; x_wconf 86' lang='lat' dir='ltr'><strong>vidi,</strong></span> <span class='ocrx_word' id='word_1_170' title='bbox 841 3407 880 3465; x_wconf 87' lang='lat' dir='ltr'><strong>ut</strong></span> <span class='ocrx_word' id='word_1_171' title='bbox 914 3404 1038 3465; x_wconf 83' lang='lat' dir='ltr'><strong>correxi</strong></span> <span class='ocrx_word' id='word_1_172' title='bbox 1071 3398 1159 3465; x_wconf 75' lang='grc' dir='ltr'><strong><em>ἅττ’</em></strong></span> <span class='ocrx_word' id='word_1_173' title='bbox 1191 3402 1255 3477; x_wconf 78' lang='grc' dir='ltr'><strong><em>ἐμοὶ</em></strong></span> <span class='ocrx_word' id='word_1_174' title='bbox 1288 3411 1455 3479; x_wconf 85' lang='grc' dir='ltr'><strong><em>φαινεται,</em></strong></span> <span class='ocrx_word' id='word_1_175' title='bbox 1488 3400 1542 3466; x_wconf 87' lang='lat' dir='ltr'><strong>sed</strong></span> <span class='ocrx_word' id='word_1_176' title='bbox 1573 3409 1646 3485; x_wconf 84' lang='lat' dir='ltr'><strong>poet</strong></span> <span class='ocrx_word' id='word_1_177' title='bbox 1677 3399 1830 3469; x_wconf 80' lang='lat' dir='ltr'><strong>Cobotnm</strong></span> 
     </span>
     <span class='ocr_line' id='line_1_23' title="bbox 643 3504 1833 3593; baseline 0.004 -23"><span class='ocrx_word' id='word_1_178' title='bbox 643 3508 755 3571; x_wconf 76' lang='grc' dir='ltr'><strong><em>Μαρια.</em></strong></span> <span class='ocrx_word' id='word_1_179' title='bbox 782 3504 868 3571; x_wconf 85' lang='grc'><strong>1857</strong></span> <span class='ocrx_word' id='word_1_180' title='bbox 893 3528 923 3591; x_wconf 91' lang='lat' dir='ltr'><strong>p.</strong></span> <span class='ocrx_word' id='word_1_181' title='bbox 948 3505 987 3570; x_wconf 85' lang='lat'><strong>15</strong></span> <span class='ocrx_word' id='word_1_182' title='bbox 1012 3510 1121 3593; x_wconf 89' lang='lat' dir='ltr'><strong>itaque</strong></span> <span class='ocrx_word' id='word_1_183' title='bbox 1145 3507 1254 3572; x_wconf 84' lang='lat' dir='ltr'><strong>locum</strong></span> <span class='ocrx_word' id='word_1_184' title='bbox 1278 3507 1406 3573; x_wconf 85' lang='lat' dir='ltr'><strong>silentio</strong></span> <span class='ocrx_word' id='word_1_185' title='bbox 1430 3509 1684 3593; x_wconf 64' lang='lat' dir='ltr'><strong>praetermorem,</strong></span> <span class='ocrx_word' id='word_1_186' title='bbox 1710 3512 1775 3575; x_wconf 89' lang='lat' dir='ltr'><strong>nisi</strong></span> <span class='ocrx_word' id='word_1_187' title='bbox 1793 3511 1833 3574; x_wconf 79' lang='lat' dir='ltr'><strong>ri·</strong></span> 
     </span>
     <span class='ocr_line' id='line_1_24' title="bbox 644 3613 1829 3697; baseline 0.002 -19"><span class='ocrx_word' id='word_1_188' title='bbox 644 3614 761 3678; x_wconf 86' lang='lat' dir='ltr'><strong>diesem</strong></span> <span class='ocrx_word' id='word_1_189' title='bbox 791 3619 840 3678; x_wconf 90' lang='lat' dir='ltr'><strong>tot</strong></span> <span class='ocrx_word' id='word_1_190' title='bbox 869 3615 959 3677; x_wconf 86' lang='lat' dir='ltr'><strong>annis</strong></span> <span class='ocrx_word' id='word_1_191' title='bbox 990 3620 1062 3697; x_wconf 91' lang='lat' dir='ltr'><strong>post</strong></span> <span class='ocrx_word' id='word_1_192' title='bbox 1095 3616 1129 3677; x_wconf 90' lang='lat' dir='ltr'><strong>in</strong></span> <span class='ocrx_word' id='word_1_193' title='bbox 1160 3613 1367 3677; x_wconf 71' lang='lat' dir='ltr'><strong>Mimalloneis</strong></span> <span class='ocrx_word' id='word_1_194' title='bbox 1396 3615 1599 3678; x_wconf 79' lang='lat' dir='ltr'><strong>correctionis</strong></span> <span class='ocrx_word' id='word_1_195' title='bbox 1624 3634 1702 3679; x_wconf 88' lang='lat' dir='ltr'><strong>oum</strong></span> <span class='ocrx_word' id='word_1_196' title='bbox 1727 3618 1829 3680; x_wconf 83' lang='lat' dir='ltr'><strong>imme</strong></span> 
     </span>
     <span class='ocr_line' id='line_1_25' title="bbox 643 3719 899 3785; baseline 0.004 -1"><span class='ocrx_word' id='word_1_197' title='bbox 643 3741 766 3785; x_wconf 89' lang='lat' dir='ltr'><strong>morem</strong></span> <span class='ocrx_word' id='word_1_198' title='bbox 791 3719 899 3785; x_wconf 84' lang='lat' dir='ltr'><strong>fnisse.</strong></span> 
     </span>
    </p>
   </div>
   <div class='ocr_carea' id='block_1_7' title="bbox 645 3935 1829 4238">
    <p class='ocr_par' dir='ltr' id='par_1_7' title="bbox 645 3935 1829 4238">
     <span class='ocr_line' id='line_1_26' title="bbox 689 3935 1829 4024; baseline 0 -21"><span class='ocrx_word' id='word_1_199' title='bbox 689 3940 707 4024; x_wconf 83' lang='lat'>§</span> <span class='ocrx_word' id='word_1_200' title='bbox 726 3938 769 4003; x_wconf 83' lang='grc'><strong>32</strong></span> <span class='ocrx_word' id='word_1_201' title='bbox 793 3960 824 4023; x_wconf 85' lang='lat' dir='ltr'><strong>p.</strong></span> <span class='ocrx_word' id='word_1_202' title='bbox 851 3935 934 4004; x_wconf 80' lang='lat'><strong>779:</strong></span> <span class='ocrx_word' id='word_1_203' title='bbox 961 3940 1006 4007; x_wconf 72' lang='grc' dir='ltr'><strong><em>τίς</em></strong></span> <span class='ocrx_word' id='word_1_204' title='bbox 1031 3939 1056 4002; x_wconf 76' lang='grc' dir='ltr'><strong>δ’</strong></span> <span class='ocrx_word' id='word_1_205' title='bbox 1082 3937 1120 4002; x_wconf 79' lang='grc' dir='ltr'><strong>οἰν</strong></span> <span class='ocrx_word' id='word_1_206' title='bbox 1141 3936 1249 4011; x_wconf 78' lang='grc' dir='ltr'><strong><em>ἄλλοις</em></strong></span> <span class='ocrx_word' id='word_1_207' title='bbox 1274 3942 1433 4012; x_wconf 73' lang='grc' dir='ltr'><strong><em>μᾶλλον</em></strong></span> <span class='ocrx_word' id='word_1_208' title='bbox 1456 3939 1640 4017; x_wconf 73' lang='grc' dir='ltr'><strong><em>ἅνατρὲψειε</em></strong></span> <span class='ocrx_word' id='word_1_209' title='bbox 1660 3943 1718 4014; x_wconf 66' lang='grc' dir='ltr'><strong><em>τὴν</em></strong></span> <span class='ocrx_word' id='word_1_210' title='bbox 1739 3942 1829 4018; x_wconf 71' lang='grc' dir='ltr'><strong><em>πόλιν,</em></strong></span> 
     </span>
     <span class='ocr_line' id='line_1_27' title="bbox 645 4045 1827 4132; baseline 0.003 -23"><span class='ocrx_word' id='word_1_211' title='bbox 645 4048 670 4110; x_wconf 78' lang='grc' dir='ltr'><strong>εἰ</strong></span> <span class='ocrx_word' id='word_1_212' title='bbox 703 4047 827 4123; x_wconf 68' lang='grc' dir='ltr'><strong><em>λάβοιτ’</em></strong></span> <span class='ocrx_word' id='word_1_213' title='bbox 853 4046 1009 4123; x_wconf 50' lang='lat' dir='ltr'><strong>&amp;Kourion</strong></span> <span class='ocrx_word' id='word_1_214' title='bbox 1042 4045 1113 4111; x_wconf 91' lang='lat' dir='ltr'><strong>Non</strong></span> <span class='ocrx_word' id='word_1_215' title='bbox 1144 4045 1291 4132; x_wconf 80' lang='lat' dir='ltr'><strong>intelligo</strong></span> <span class='ocrx_word' id='word_1_216' title='bbox 1314 4049 1486 4131; x_wconf 85' lang='lat' dir='ltr'><strong>quominus</strong></span> <span class='ocrx_word' id='word_1_217' title='bbox 1509 4047 1583 4132; x_wconf 86' lang='lat' dir='ltr'><strong>plus</strong></span> <span class='ocrx_word' id='word_1_218' title='bbox 1607 4050 1761 4116; x_wconf 82' lang='lat' dir='ltr'><strong>minusve</strong></span> <span class='ocrx_word' id='word_1_219' title='bbox 1784 4069 1827 4113; x_wconf 92' lang='lat' dir='ltr'><strong>nr-</strong></span> 
     </span>
     <span class='ocr_line' id='line_1_28' title="bbox 645 4152 1646 4238; baseline 0 -21"><span class='ocrx_word' id='word_1_220' title='bbox 645 4154 719 4217; x_wconf 92' lang='lat' dir='ltr'><strong>bem</strong></span> <span class='ocrx_word' id='word_1_221' title='bbox 742 4156 902 4238; x_wconf 85' lang='lat' dir='ltr'><strong>possimne</strong></span> <span class='ocrx_word' id='word_1_222' title='bbox 927 4153 1118 4229; x_wconf 72' lang='grc' dir='ltr'><strong><em>ἀνατρέπειν,</em></strong></span> <span class='ocrx_word' id='word_1_223' title='bbox 1144 4172 1179 4216; x_wconf 86' lang='lat' dir='ltr'><strong>ao</strong></span> <span class='ocrx_word' id='word_1_224' title='bbox 1202 4153 1333 4238; x_wconf 85' lang='lat' dir='ltr'><strong>proinde</strong></span> <span class='ocrx_word' id='word_1_225' title='bbox 1359 4152 1462 4218; x_wconf 89' lang='lat' dir='ltr'><strong>malo:</strong></span> <span class='ocrx_word' id='word_1_226' title='bbox 1488 4154 1646 4218; x_wconf 76' lang='grc' dir='ltr'><strong><em>θᾶττον.</em></strong></span> 
     </span>
    </p>
   </div>
   <div class='ocr_carea' id='block_1_8' title="bbox 644 4369 1829 4893">
    <p class='ocr_par' dir='ltr' id='par_1_8' title="bbox 644 4369 1829 4893">
     <span class='ocr_line' id='line_1_29' title="bbox 689 4369 1829 4456; baseline 0.002 -20"><span class='ocrx_word' id='word_1_227' title='bbox 689 4374 707 4455; x_wconf 56' lang='grc' dir='ltr'><strong>ᾗ</strong></span> <span class='ocrx_word' id='word_1_228' title='bbox 729 4370 771 4436; x_wconf 87' lang='grc'><strong>34</strong></span> <span class='ocrx_word' id='word_1_229' title='bbox 796 4394 825 4456; x_wconf 90' lang='lat' dir='ltr'><strong>p.</strong></span> <span class='ocrx_word' id='word_1_230' title='bbox 852 4369 934 4437; x_wconf 82' lang='lat'><strong>780:</strong></span> <span class='ocrx_word' id='word_1_231' title='bbox 961 4372 1017 4435; x_wconf 73' lang='lat' dir='ltr'><strong>siri</strong></span> <span class='ocrx_word' id='word_1_232' title='bbox 1041 4379 1112 4443; x_wconf 77' lang='grc' dir='ltr'><strong><em>ταῖς</em></strong></span> <span class='ocrx_word' id='word_1_233' title='bbox 1134 4372 1242 4434; x_wconf 80' lang='grc' dir='ltr'><strong><em>πόλεσι</em></strong></span> <span class='ocrx_word' id='word_1_234' title='bbox 1263 4371 1378 4442; x_wconf 71' lang='grc' dir='ltr'><strong><em>πάσαις</em></strong></span> <span class='ocrx_word' id='word_1_235' title='bbox 1400 4373 1499 4449; x_wconf 74' lang='grc' dir='ltr'><strong><em>βωμοὶ</em></strong></span> <span class='ocrx_word' id='word_1_236' title='bbox 1521 4376 1572 4436; x_wconf 75' lang='grc' dir='ltr'><strong>καὶ</strong></span> <span class='ocrx_word' id='word_1_237' title='bbox 1595 4374 1649 4454; x_wconf 75' lang='grc' dir='ltr'><strong>νεῲ</strong></span> <span class='ocrx_word' id='word_1_238' title='bbox 1675 4379 1829 4441; x_wconf 74' lang='grc' dir='ltr'><strong><em>τάντιιν</em></strong></span> 
     </span>
     <span class='ocr_line' id='line_1_30' title="bbox 645 4477 1829 4556; baseline 0.003 -14"><span class='ocrx_word' id='word_1_239' title='bbox 645 4485 718 4542; x_wconf 82' lang='grc' dir='ltr'><strong><em>τῶν</em></strong></span> <span class='ocrx_word' id='word_1_240' title='bbox 750 4479 850 4555; x_wconf 70' lang='grc' dir='ltr'><strong><em>θεῶν,</em></strong></span> <span class='ocrx_word' id='word_1_241' title='bbox 884 4479 913 4539; x_wconf 77' lang='grc' dir='ltr'><strong>ἐν</strong></span> <span class='ocrx_word' id='word_1_242' title='bbox 947 4477 977 4542; x_wconf 77' lang='grc' dir='ltr'><strong>δὲ</strong></span> <span class='ocrx_word' id='word_1_243' title='bbox 1003 4477 1119 4549; x_wconf 80' lang='grc' dir='ltr'><strong><em>τούτοις</em></strong></span> <span class='ocrx_word' id='word_1_244' title='bbox 1144 4480 1334 4556; x_wconf 82' lang='grc' dir='ltr'><strong><em>προνοίας</em></strong></span> <span class='ocrx_word' id='word_1_245' title='bbox 1361 4480 1492 4551; x_wconf 60' lang='lat' dir='ltr'><strong>&#39;Aineia</strong></span> <span class='ocrx_word' id='word_1_246' title='bbox 1516 4516 1559 4528; x_wconf 89' lang='lat'>-</span> <span class='ocrx_word' id='word_1_247' title='bbox 1583 4482 1660 4545; x_wconf 72' lang='grc' dir='ltr'><strong>ἀλλ’</strong></span> <span class='ocrx_word' id='word_1_248' title='bbox 1683 4485 1739 4548; x_wconf 80' lang='grc' dir='ltr'><strong>οὐκ</strong></span> <span class='ocrx_word' id='word_1_249' title='bbox 1762 4485 1829 4548; x_wconf 78' lang='grc' dir='ltr'><strong><em>α’το</em></strong></span> 
     </span>
     <span class='ocr_line' id='line_1_31' title="bbox 646 4582 1829 4673; baseline 0.004 -26"><span class='ocrx_word' id='word_1_250' title='bbox 646 4586 726 4654; x_wconf 76' lang='grc' dir='ltr'><strong><em>νοίας</em></strong></span> <span class='ocrx_word' id='word_1_251' title='bbox 752 4582 818 4648; x_wconf 75' lang='grc' dir='ltr'><strong>οὐδὲ</strong></span> <span class='ocrx_word' id='word_1_252' title='bbox 844 4583 1011 4655; x_wconf 68' lang='grc' dir='ltr'><strong><em>ἀναιδείας.</em></strong></span> <span class='ocrx_word' id='word_1_253' title='bbox 1040 4583 1128 4649; x_wconf 84' lang='lat' dir='ltr'><strong>Malo</strong></span> <span class='ocrx_word' id='word_1_254' title='bbox 1154 4587 1356 4649; x_wconf 68' lang='grc' dir='ltr'><strong><em>παντοίων</em></strong></span> <span class='ocrx_word' id='word_1_255' title='bbox 1381 4589 1460 4663; x_wconf 75' lang='grc' dir='ltr'><strong><em>θεῶν,</em></strong></span> <span class='ocrx_word' id='word_1_256' title='bbox 1486 4586 1598 4652; x_wconf 85' lang='lat' dir='ltr'><strong>deinde</strong></span> <span class='ocrx_word' id='word_1_257' title='bbox 1621 4589 1712 4673; x_wconf 86' lang='lat' dir='ltr'><strong>quod·</strong></span> <span class='ocrx_word' id='word_1_258' title='bbox 1733 4599 1829 4657; x_wconf 80' lang='lat' dir='ltr'><strong>orator</strong></span> 
     </span>
     <span class='ocr_line' id='line_1_32' title="bbox 644 4690 1829 4780; baseline 0.006 -25"><span class='ocrx_word' id='word_1_259' title='bbox 644 4690 755 4755; x_wconf 87' lang='lat' dir='ltr'><strong>aedem</strong></span> <span class='ocrx_word' id='word_1_260' title='bbox 786 4691 923 4766; x_wconf 75' lang='grc' dir='ltr'><strong><em>προνοίας</em></strong></span> <span class='ocrx_word' id='word_1_261' title='bbox 958 4692 1087 4763; x_wconf 73' lang='grc' dir='ltr'><strong><em>Ἀθηνᾶς</em></strong></span> <span class='ocrx_word' id='word_1_262' title='bbox 1118 4690 1278 4775; x_wconf 87' lang='lat' dir='ltr'><strong>appellat,</strong></span> <span class='ocrx_word' id='word_1_263' title='bbox 1310 4713 1406 4777; x_wconf 91' lang='lat' dir='ltr'><strong>quam</strong></span> <span class='ocrx_word' id='word_1_264' title='bbox 1439 4695 1583 4771; x_wconf 82' lang='grc' dir='ltr'><strong><em>προναίαν</em></strong></span> <span class='ocrx_word' id='word_1_265' title='bbox 1609 4692 1765 4761; x_wconf 87' lang='lat' dir='ltr'><strong>debuerat</strong></span> <span class='ocrx_word' id='word_1_266' title='bbox 1785 4717 1829 4780; x_wconf 81' lang='lat' dir='ltr'><strong>sp</strong></span> 
     </span>
     <span class='ocr_line' id='line_1_33' title="bbox 645 4793 1828 4893; baseline 0.005 -31"><span class='ocrx_word' id='word_1_267' title='bbox 645 4796 779 4883; x_wconf 83' lang='lat' dir='ltr'><strong>pallore,</strong></span> <span class='ocrx_word' id='word_1_268' title='bbox 804 4797 842 4861; x_wconf 90' lang='lat' dir='ltr'><strong>de</strong></span> <span class='ocrx_word' id='word_1_269' title='bbox 865 4818 901 4863; x_wconf 89' lang='lat' dir='ltr'><strong>eo</strong></span> <span class='ocrx_word' id='word_1_270' title='bbox 926 4818 1029 4863; x_wconf 92' lang='lat' dir='ltr'><strong>errore</strong></span> <span class='ocrx_word' id='word_1_271' title='bbox 1053 4793 1191 4865; x_wconf 77' lang='lat' dir='ltr'><strong>Cobetus</strong></span> <span class='ocrx_word' id='word_1_272' title='bbox 1211 4797 1292 4864; x_wconf 86' lang='lat' dir='ltr'><strong>dixit</strong></span> <span class='ocrx_word' id='word_1_273' title='bbox 1311 4798 1443 4864; x_wconf 75' lang='lat' dir='ltr'><strong>Miscell.</strong></span> <span class='ocrx_word' id='word_1_274' title='bbox 1464 4821 1494 4886; x_wconf 92' lang='lat' dir='ltr'><strong>p.</strong></span> <span class='ocrx_word' id='word_1_275' title='bbox 1509 4798 1586 4865; x_wconf 82' lang='lat'><strong>570.</strong></span> <span class='ocrx_word' id='word_1_276' title='bbox 1609 4799 1672 4868; x_wconf 83' lang='lat' dir='ltr'><strong>Sed</strong></span> <span class='ocrx_word' id='word_1_277' title='bbox 1691 4807 1828 4893; x_wconf 82' lang='lat' dir='ltr'><strong>superest</strong></span> 
     </span>
    </p>
   </div>
   <div class='ocr_carea' id='block_1_9' title="bbox 0 0 2270 5940">
    <p class='ocr_par' dir='ltr' id='par_1_9' title="bbox 0 0 2270 5940">
     <span class='ocr_line' id='line_1_34' title="bbox 0 0 2270 5940; baseline 0 0"><span class='ocrx_word' id='word_1_278' title='bbox 0 0 2270 5940; x_wconf 95' lang='lat' dir='ltr'><strong> </strong></span> 
     </span>
    </p>
   </div>
  </div>
 </body>
</html>
