4525 5950
641 673 707 742 276
1154 692 1330 740 susumus.

686 854 740 920 Vs.
766 854 842 920 512.
868 854 1018 935 ύυγωτρὸς
1043 856 1214 935 ωὶμιιτνράν
1238 852 1391 932 ἐκπρᾶξαι
1415 854 1548 934 Φόνου.

641 962 762 1028 Dubito
784 983 863 1026 num
889 960 1059 1038 ωέμιιτνρέν
1081 960 1172 1039 Φύνον
1196 963 1239 1024 sit
1262 959 1439 1047 elegantiae
1458 960 1660 1047 lluripideae.
1685 960 1836 1027 Fallome

641 1090 681 1133 an
700 1088 739 1133 ne
759 1067 872 1146 Latine
892 1066 1022 1152 quidem
1042 1066 1161 1131 dicitur
1179 1074 1301 1130 ονμοιιίο
1319 1068 1446 1131 caedes?
1467 1067 1686 1152 Expectabam
1706 1066 1835 1147 μύρον,

641 1178 679 1239 ut
702 1172 881 1260 Aeschylus
905 1172 991 1257 Sept.
1017 1172 1084 1237 420
1108 1171 1191 1237 dixit
1214 1171 1448 1253 ωέμιισνφύρους
1474 1172 1593 1254 μέρους.

687 1391 740 1457 Vs.
766 1390 841 1457 552.
867 1391 1053 1455 ἀπενέπω
1078 1415 1118 1455 νιν
1142 1387 1362 1476 (Cupidinem)
1386 1390 1552 1471 ἀμοτέρων,

867 1497 966 1577 Κύπρι
992 1498 1169 1573 κωλλέσσω,
1193 1497 1351 1572 ύωλάμων.

641 1603 713 1669 Non
737 1605 855 1668 iniuria
877 1603 1015 1668 haesisse
1035 1603 1186 1668 videntur
1206 1605 1322 1687 optimi
1341 1603 1461 1680 critici,
1486 1602 1600 1668 Nauck
1618 1607 1651 1669 et
1671 1601 1832 1681 Schmidt,

640 1708 697 1774 ille
729 1709 794 1772 ἀπύ
826 1733 866 1773 νιν
899 1707 1026 1786 εέργοιι,
1058 1708 1111 1773 hic
1141 1707 1246 1774 lenius
1274 1707 1458 1785 ἀπωγάγοις
1484 1733 1527 1773 νιν
1550 1728 1740 1793 proponens.
1774 1709 1834 1774 Sed

641 1814 781 1891 ἀπάγειν
812 1817 920 1878 minus
950 1818 1065 1900 aptum
1096 1820 1146 1879 est
1177 1834 1273 1898 quam
1305 1813 1449 1894 ἀπέχειν,
1482 1820 1516 1878 et
1545 1812 1713 1880 lenissima
1736 1814 1834 1880 fuerit

641 1922 794 1987 correctio

867 2023 946 2089 ἀπε
955 2023 1005 2104 χέ
1028 2024 1131 2104 πύ(ς)
1156 2048 1197 2089 ιιι
1222 2024 1389 2103 ἁμετέρων,

868 2132 966 2210 Κύπρι
991 2131 1169 2208 καλλίστω,
1195 2132 1354 2209 ύωλάμων.

686 2335 740 2401 Vs.
765 2332 840 2401 573.
866 2333 1031 2410 ἔμολες,
1056 2329 1077 2396 ὦ
1101 2332 1244 2410 Πάρις,
1271 2330 1338 2414 ἧσε
1362 2337 1407 2397 σύ
1431 2357 1478 2410 γε

865 2440 1012 2516 βούκολος
1037 2439 1200 2515 ἀργενναῖς
1225 2439 1363 2516 έπροέΦνς

866 2545 995 2615 Ἰδοιέωις
1020 2545 1104 2622 πωρά
1130 2543 1279 2622 μόσχοις,

866 2648 1016 2726 βάρβοιρω
1041 2647 1175 2728 συρίζων,
1201 2650 1338 2725 Φρυγέων

866 2756 967 2819 ωύλῶν
991 2756 1166 2831 Οὐλύμπου
1190 2753 1347 2830 κωλάμοις

866 2861 1040 2938 μιμύμωτιν
1063 2859 1168 2924 πνέων.

640 2967 805 3036 Wecklein
828 2970 968 3034 tentavit

867 3074 1062 3151 μέλπεις,
1087 3071 1108 3138 cl
1132 3073 1277 3153 Πάρισ,
1304 3071 1446 3150 ἥμενος
1471 3069 1512 3137 ού
1536 3073 1600 3138 κτέ.

639 3181 709 3269 Ego
734 3178 940 3266 praetulerim
963 3180 1150 3245 huiusmodi
1173 3180 1268 3264 quid:

866 3283 945 3349 εἴθε
968 3286 1067 3362 ⁶⁶7⁹,
1090 3281 1111 3347 ὦ
1135 3284 1252 3362 ssoe'pl,
1280 3286 1379 3358 (ult)
1400 3286 1562 3361 ”usam
1589 3280 1677 3361 (34)

638 3392 692 3458 vel
863 3388 940 3455 εέύε
964 3391 1064 3467 σύγ’,
1088 3386 1109 3453 ὦ
1134 3390 1279 3468 Πάρις,
1303 3390 1386 3453 oias'
1411 3374 1505 3454 ύπου
1530 3389 1594 3453 κτέ.

684 3605 737 3671 Vs.
763 3604 838 3672 627.
864 3604 933 3682 ἑξῆς
958 3606 1092 3671 κωύέστω
1116 3607 1201 3685 δεῦρο’
1223 3631 1281 3680 μου
1306 3606 1412 3684 nolle,
1437 3606 1549 3683 τέκνον,

865 3715 935 3789 πρὸς
960 3711 1078 3794 μητέρ’,
1105 3712 1295 3790 ἸΦιγένειω,
1321 3713 1386 3777 ιιτέ.

637 3817 758 3884 Subtili
783 3818 902 3883 iudicio
926 3817 1010 3883 Weil
1033 3825 1105 3904 post
1127 3817 1230 3882 σέιινον
1254 3817 1373 3883 delevit
1396 3816 1568 3904 virgulam.
1593 3817 1681 3897 Quae
1706 3823 1833 3904 optime

637 3927 788 3989 correctio
811 3922 944 3989 latuisse
967 3923 1096 3988 videtur
1118 3923 1285 3989 editorem.

683 4140 736 4206 Vs.
761 4139 838 4205 630.
863 4141 915 4204 καὶ
940 4141 1006 4205 ἀεῡ
1015 4165 1050 4218 ρο
1075 4140 1109 4214 δέν
1135 4140 1256 4217 πωτέρω
1281 4141 1426 4221 πρόσειπε
1450 4140 1501 4205 σύν
1524 4142 1654 4221 Φίλον.

636 4247 826 4311 Rectissime
848 4246 977 4332 quidem
1003 4245 1176 4311 diceretur:
1203 4246 1285 4325 δεῦρο
1309 4246 1343 4320 δὴ
1368 4248 1419 4310 aci
1444 4249 1566 4327 πωτέρω
1590 4248 1754 4332 πρόσειπε,
1776 4250 1830 4315 sed

637 4353 721 4430 δεῦρο
752 4355 798 4416 sic
827 4355 1053 4437 interpositum
1084 4355 1204 4417 iustam
1236 4358 1346 4418 movet
1376 4356 1601 4438 suspicionem.
1627 4353 1699 4419 Nisi
1723 4355 1829 4434 fallor,

637 4456 719 4536 δεῦρο
744 4478 848 4522 errore
870 4458 922 4522 hic
946 4460 1120 4542 repetitum
1145 4464 1193 4522 est
1217 4479 1234 4523 e
1258 4479 1305 4522 vs.
1332 4456 1407 4523 627.
1433 4458 1501 4538 Quo
1525 4458 1630 4525 deleto
1652 4463 1777 4545 possis:

864 4563 914 4626 κωέ
941 4563 976 4636 δὴ
1001 4564 1121 4642 πωτέρω
1148 4562 1292 4640 πρύσειπε
1316 4565 1367 4629 σύν
1389 4567 1504 4641 <τύν>
1525 4568 1783 4647 Φέλ<τωτ>ον.

636 4666 684 4734 Of.
713 4689 757 4733 vs.
784 4665 861 4733 652.
