4525 5950
974 687 1114 736 1161166.
1592 672 1634 740 79

441 856 605 920 Neronem
635 852 743 919 literas
774 856 879 918 mittit
909 873 987 938 quas
1018 853 1074 919 ille
1104 853 1198 920 avide
1219 856 1334 940 arripit
1357 857 1522 940 aperitque
1546 863 1637 934 ratus

439 962 615 1028 Thraseam
639 961 838 1048 supplicibus
862 962 1009 1046 precibus
1032 964 1161 1027 veniam
1184 968 1376 1048 rogaturum
1399 962 1535 1049 aliaque,
1556 984 1637 1049 quae

439 1072 543 1156 priori
568 1072 637 1134 eius
660 1072 748 1134 vitae
771 1067 917 1133 afferrent
939 1067 1091 1145 dedecus,
1116 1069 1277 1134 facturum
1301 1069 1544 1155 dicturumque:

491 1175 602 1257 „Quod
632 1175 689 1240 ubi
719 1196 782 1240 non
811 1178 919 1240 evenit
950 1174 1144 1261 vultumque
1174 1183 1206 1241 et
1237 1178 1368 1261 spiritus
1398 1184 1431 1242 et
1452 1175 1634 1242 libertatem

439 1286 578 1349 insontis
601 1282 687 1347 ultro
712 1284 880 1359 extimuit,
905 1284 1010 1347 vocari
1034 1289 1140 1368 patres
1162 1281 1285 1348 iubet.'’

488 1391 515 1456 Ε
538 1389 795 1476 splendidissima
817 1389 903 1455 haud
926 1389 1020 1455 dubie
1044 1390 1265 1455 emendatione
1288 1388 1433 1455 Rhenani
1454 1388 1537 1454 illud
1556 1392 1637 1475 qaod

440 1498 494 1562 uti
516 1520 575 1561 noa
598 1497 695 1561 ccccii
715 1504 827 1562 natum
847 1502 912 1573 est,
932 1518 1008 1561 nam
1029 1499 1063 1561 in
1082 1497 1189 1562 codice
1206 1503 1254 1562 est
1273 1518 1330 1582 quo
1349 1496 1438 1560 dabie
1457 1519 1515 1561 aon
1534 1497 1631 1575 venit,

437 1607 489 1669 ita
512 1611 549 1670 nt
573 1603 612 1669 ad
634 1602 804 1669 lectionem
827 1624 918 1668 susm
942 1603 1162 1688 proferendam
1185 1625 1224 1669 ne
1247 1624 1346 1669 unam
1370 1603 1500 1688 quidem
1522 1603 1632 1670 literu-

436 1710 506 1775 lam
531 1710 705 1786 addiderit,
730 1709 920 1795 dempserit,
945 1714 1122 1776 mutaverit
1141 1709 1330 1775 Rhenanus:
1351 1714 1547 1796 transposuit
1566 1717 1633 1775 tan·

438 1817 611 1883 tummodo
630 1816 741 1882 literas
761 1814 813 1882 vel
833 1815 928 1881 aliter
947 1817 1101 1882 distinxit.
1126 1820 1171 1882 At
1189 1838 1286 1903 quam
1306 1838 1365 1905 ego
1378 1817 1632 1884 emendationem

439 1945 601 2009 propono,
634 1943 670 1987 66
701 1930 739 1987 ut
768 1944 833 1987 una
864 1920 958 1988 litera
989 1926 1151 1988 eximatur
1170 1929 1211 1989 ¹et
1234 1922 1297 1990 alio
1319 1922 1388 1990 loco
1412 1945 1476 1989 una
1499 1924 1635 1990 addatur

436 2030 556 2096 lineola
578 2029 730 2115 postulat.
756 2029 944 2116 Legendum
966 2033 1053 2095 enim
1078 2050 1204 2096 censeo:
1230 2030 1336 2117 „quod
1366 2031 1422 2096 ubi
1449 2052 1511 2096 non
1538 2018 1634 2095 {venit

436 2136 624 2217 (invenit).’'
659 2135 742 2201 Nam
780 2158 862 2200 nnnc
894 2136 1026 2202 demum
1053 2144 1154 2213 recte,
1185 2142 1217 2202 et
1248 2136 1333 2221 quod
1364 2136 1404 2201 ad
1436 2143 1632 2203 structuram

436 2245 616 2309 sententiae
646 2248 679 2307 et
709 2241 747 2307 ad
778 2243 951 2308 verborum
981 2246 1120 2328 pertinet
1149 2264 1263 2321 usum,
1294 2243 1371 2308 haec
1402 2248 1631 2309 annectuntur:

439 2349 662 2434 „Vultumque
681 2355 714 2414 61
732 2349 915 2414 libertatem
927 2352 1062 2415 insontis
1074 2348 1160 2415 ultro
1172 2349 1364 2415 extimuit'’:
1386 2351 1633 2416 tantumaberat

437 2465 478 2522 nt
498 2456 674 2542 quidquam
694 2455 823 2520 demissi
843 2458 1020 2542 abieotique
1039 2458 1198 2521 inveniret
1218 2462 1256 2522 ut
1274 2459 1630 2543 extimesceretpotius:

435 2566 485 2628 sic
507 2562 582 2627 11166
605 2561 716 2628 1116166
740 2565 894 2627 sermonis
918 2561 1065 2628 libertate
1083 2566 1113 2628 61
1130 2563 1326 2648 intrepidum
1346 2566 1479 2629 insontis
1499 2562 1629 2629 vultum

435 2669 596 2755 ponebant
626 2676 699 2733 ante
731 2668 849 2734 oculos.
881 2669 958 2734 Post
988 2670 1123 2734 verbum
1155 2667 1366 2755 impersonale
1397 2669 1509 2746 comit,
1545 2670 1630 2755 quod

435 2777 582 2841 Rhenani
606 2775 736 2861 praebet
757 2774 870 2853 lectio,
895 2777 973 2840 satis
996 2775 1073 2841 dure
1096 2774 1178 2841 iliud
1202 2775 1339 2840 extimuit
1361 2775 1508 2841 infertur.

486 2991 523 3054 A.
549 2987 634 3066 XVI,
659 2988 713 3054 28.
738 2988 775 3053 In
798 2995 911 3054 senatu
934 3010 1011 3076 ergo
1036 2992 1179 3075 primum
1202 2991 1305 3076 ipsius
1325 2989 1460 3055 Neronis
1480 2991 1633 3057 recitatur

433 3098 554 3174 oratio,
587 3116 650 3180 qua
681 3117 744 3161 non
775 3094 913 3161 Thrasea
943 3096 1072 3182 quidem
1097 3099 1287 3162 nominatim
1312 3099 1472 3183 arguitur,
1497 3096 1551 3162 sed
1575 3097 1631 3163 alii

433 3202 712 3288 reprehenduntur
745 3207 904 3267 senatores
940 3202 1024 3287 quod
1058 3201 1148 3268 illius
1183 3201 1328 3288 exemplo
1360 3205 1483 3268 curiam
1514 3206 1629 3269 vitent.

434 3311 560 3395 Arripit
583 3310 660 3374 haec
684 3304 893 3375 Cossutianus
912 3304 1026 3393 Capito
1047 3309 1333 3395 vehementemque
1353 3312 1387 3374 in
1406 3312 1514 3396 ipsum
1533 3309 1630 3376 Thra·

435 3437 525 3482 seam
549 3415 645 3480 habet
668 3417 860 3493 orationem,
885 3435 947 3501 qua
970 3413 1088 3480 616116
1111 3422 1144 3480 61
1168 3416 1245 3481 haec
1267 3414 1441 3488 declamat:

483 3521 676 3606 „Requirere
704 3542 737 3586 se
761 3524 794 3585 in
818 3526 931 3586 senatu
955 3520 1171 3599 consularem,
1194 3524 1228 3586 in
1252 3524 1335 3587 votis
1358 3522 1569 3602 sacerdotem,
1592 3526 1627 3588 in

432 3630 504 3693 iure
524 3628 658 3693 iurando
678 3630 796 3705 civem,
816 3629 879 3692 nisi
897 3633 1007 3692 contra
1026 3630 1176 3692 instituta
1194 3634 1227 3692 et
1247 3630 1454 3693 caerimonias
1466 3631 1626 3694 maiorum

431 3735 630 3820 proditorem
661 3733 768 3820 palam
798 3740 831 3798 et
862 3734 988 3800 hostem
1011 3732 1150 3799 Thrasea
1172 3733 1338 3800 induisset.
1364 3733 1507 3821 Denique
1531 3756 1626 3822 agere

431 3846 610 3905 senatorem
641 3846 674 3905 61
704 3842 858 3926 principis
890 3841 1116 3905 obtrectatores
1148 3846 1313 3928 protegere
1343 3840 1457 3906 solitus
1485 3845 1626 3921 veniret,

432 3955 592 4024 censeret,
616 3946 693 4032 quid
717 3949 836 4033 corrigi
860 3954 916 4012 aut
940 3950 1061 4012 mutari
1084 3946 1216 4013 vellet.''

480 4052 619 4118 Omnino
650 4053 727 4139 quid
759 4056 801 4118 sit
831 4061 993 4118 senatorem
1024 4076 1110 4134 apere
1138 4075 1202 4119 non
1225 4052 1399 4118 admodum
1422 4055 1626 4140 perspicuum

431 4161 515 4225 mihi
539 4166 604 4236 est,
629 4163 661 4225 in
685 4159 842 4226 Thraseae
865 4182 941 4225 vero
965 4180 1075 4238 causa,
1099 4162 1152 4226 cni
1174 4160 1207 4225 id
1226 4162 1335 4245 ipsum
1354 4161 1506 4226 obiicitur
1524 4160 1626 4246 quod,

431 4269 684 4353 quotiescunque
707 4273 836 4332 senatus
859 4267 1003 4343 habetur,
1029 4266 1117 4332 domi
1140 4287 1216 4331 suae
1238 4265 1335 4344 latet,
1360 4266 1438 4352 quid
1459 4264 1542 4331 illud
1565 4268 1627 4333 sibi

431 4372 514 4438 velit
533 4375 654 4438 crimen
673 4373 923 4439 admirabundus
942 4394 1032 4460 rogo.
1053 4372 1090 4437 In
1109 4394 1250 4439 errorem
1265 4372 1435 4438 inductum
1447 4372 1625 4455 librarium,

429 4482 488 4566 qui
512 4482 606 4545 toties
629 4480 668 4545 de
692 4487 805 4545 senatu
829 4481 1088 4566 senatoribusque
1111 4478 1262 4566 legisset,
1286 4480 1338 4544 hic
1361 4501 1486 4566 quoqne
1509 4489 1624 4546 116616-

428 4609 490 4650 rem
514 4588 676 4672 scripsisse
700 4589 820 4672 opinor,
846 4608 920 4651 cum
943 4589 977 4651 in
1000 4585 1148 4672 exemplo
1166 4606 1224 4651 suo
1243 4586 1373 4650 haberet
1393 4608 1524 4666 vocem,
1544 4610 1623 4675 quae

428 4693 580 4758 ductibus
609 4691 778 4758 literarum
808 4691 859 4757 illi
891 4693 1065 4758 admodum
1097 4692 1214 4758 similis
1245 4698 1344 4757 esset:
1374 4716 1528 4760 censorem.
1553 4695 1623 4762 Hoc

430 4807 482 4867 661
513 4800 596 4886 quod
627 4807 694 4867 tota
724 4802 793 4865 vita
824 4820 882 4865 sua
912 4800 1046 4886 loquens
1074 4807 1244 4885 tacensque
1267 4802 1384 4867 fecerat
1407 4800 1562 4882 Thrasea,
1587 4809 1625 4869 ut
