4525 5950
642 670 709 735 440
1081 684 1403 734 oesmvsmunounsn

640 874 744 928 mone,
765 851 804 916 de
816 851 965 915 manibus
977 855 1167 934 extorquere
1180 848 1373 934 depositario
1389 851 1423 930 ¹),
1437 851 1522 936 quod
1534 859 1713 938 postquam
1726 855 1835 921 frustra

640 960 703 1024 fuit
722 960 754 1043 (ᾖ
767 955 893 1037 30-32),
913 963 989 1021 tnnc
1008 978 1065 1041 per
1088 958 1319 1042 magistratum
1338 978 1437 1022 novos
1456 956 1540 1023 filios
1562 959 1836 1045 quodammodo&

640 1066 810 1143 cistrensis)
840 1071 903 1132 τοῖς
935 1067 989 1126 τοῦ
1021 1062 1217 1135 Εὐκτήμονος
1252 1062 1327 1125 υἱέσι
1355 1071 1417 1133 τοῖς
1442 1069 1706 1138 τετελευτηκόσιν
1731 1066 1837 1151 (536),

640 1189 721 1254 qnae
750 1189 851 1253 quum
882 1166 982 1232 altera
1013 1164 1182 1231 fefellisset
1213 1188 1302 1251 spes,
1333 1188 1463 1252 prorsus
1494 1172 1563 1234 ism
1586 1171 1779 1257 desperasse
1800 1174 1841 1236 vi·

639 1275 756 1339 dentur
781 1272 950 1338 Androcles
972 1272 1211 1356 Antidornsque
1234 1272 1273 1337 de
1292 1293 1421 1338 summa
1441 1294 1475 1339 re
1494 1275 1650 1361 potiundi
1669 1299 1730 1363 per
1748 1298 1841 1342 novos

638 1380 722 1446 tilios
751 1379 960 1444 Euctemonis
990 1377 1184 1455 hereditate;
1212 1384 1341 1444 mortuo
1367 1383 1479 1464 utique
1502 1381 1730 1461 Euctemone,
1755 1385 1842 1469 quasi

640 1484 724 1550 nulli
754 1492 860 1550 essent
890 1484 966 1560 filii,
999 1483 1173 1548 Androcles
1186 1483 1211 1563 ³)
1242 1487 1313 1549 inre
1342 1488 1472 1571 cognati
1495 1485 1535 1551 de
1561 1487 1693 1552 duabus
1717 1489 1841 1553 filiabus

642 1592 883 1677 superstitibus,
909 1611 1045 1674 quarum
1071 1588 1171 1655 altera
1194 1593 1350 1656 maritum
1373 1591 1497 1656 dudum
1516 1592 1729 1679 sepeliverat,
1748 1594 1841 1659 alters

641 1704 743 1784 nupta
773 1697 1009 1788 perseverabat,
1039 1694 1174 1761 alteram
1198 1703 1306 1761 utram
1319 1697 1345 1776 ⁴)
1368 1700 1402 1761 in
1424 1701 1495 1763 iure
1519 1702 1644 1783 petivit
1666 1703 1761 1785 quasi
1783 1703 1841 1785 epi·

641 1801 763 1868 clerum
787 1824 863 1867 cnm
886 1805 999 1887 quinta
1020 1800 1209 1866 hereditatis
1232 1810 1322 1886 parte
1346 1804 1377 1887 (ᾖ
1397 1803 1459 1868 46:
1484 1804 1645 1885 efanxsb)
1669 1815 1728 1877 τῆς
1752 1808 1839 1882 θυνν-

642 1910 708 1987 τιὸο
739 1915 792 1972 τοῦ
826 1909 1039 1984 Εὐκτήμονος,
1071 1910 1108 1975 ὥς
1142 1909 1230 1979 οὔσης
1263 1910 1425 1986 ἐπικλήρου
1449 1910 1502 1972 καὶ
1526 1913 1627 1974 αὐτοῦ
1654 1917 1710 1976 τοῦ
1737 1915 1838 1991 stipes

642 2019 696 2080 τοῦ
723 2015 917 2088 Εὐκτήμονος
944 2013 1134 2088 πέμπτου
1162 2013 1267 2090 μέρους
1300 2016 1337 2084 cic
1369 2013 1504 2078 ἐπιδίκου
1533 2015 1646 2094 ὄντος).
1679 2016 1838 2081 Mirantur

642 2123 850 2204 interpretes,
882 2118 959 2203 quid
988 2121 1035 2182 ita
1065 2139 1103 2183 ex
1135 2117 1259 2183 duabus
1290 2118 1436 2204 epieleris
1467 2119 1605 2185 alteram
1638 2123 1749 2206 quista
1772 2141 1838 2206 pars

643 2225 830 2290 hereditatis
865 2226 956 2309 sequi
988 2226 1148 2311 potuerit,
1190 2231 1223 2288 et
1257 2231 1332 2289 sunt
1368 2228 1424 2310 qui
1458 2225 1608 2300 πέμπτου
1646 2227 1838 2293 vocabulum

642 2329 793 2395 audacter
815 2336 871 2393 aut
894 2335 1020 2394 mutent
1033 2328 1059 2407 5)
1082 2336 1139 2394 aut
1159 2328 1334 2394 cancellent
1346 2330 1383 2409 ο).
1403 2329 1523 2394 Verum
1545 2331 1632 2396 vidit
1651 2332 1838 2397 iamdudum

645 2435 844 2501 Schoemann
860 2436 902 2515 ἲ);
932 2434 1078 2520 epieleris
1110 2443 1233 2519 partem
1258 2435 1370 2501 fecisse
1391 2434 1508 2500 liberos
1530 2456 1647 2500 earum
1673 2440 1837 2522 utriusque

644 2561 756 2616 sexus,
777 2544 830 2626 qni
852 2544 1033 2605 extitissent
1052 2546 1198 2624 tempore
1217 2561 1272 2617 eo,
1293 2562 1355 2625 quo
1374 2543 1602 2606 institueretur
1622 2543 1837 2620 ήὲτιδικιοίν,

644 2649 677 2710 in
702 2650 865 2731 proposita
887 2652 996 2711 autem
1021 2649 1124 2731 specie
1148 2648 1294 2711 extitisse
1318 2654 1400 2722 tres,
1422 2646 1457 2710 id
1480 2655 1544 2723 est,
1569 2647 1653 2713 duos
1674 2648 1759 2715 filios
1778 2670 1838 2734 per

644 2755 819 2817 severantis
851 2755 884 2816 in
914 2755 1138 2828 matrimonio,
1164 2773 1261 2816 unam
1285 2761 1447 2838 praetcrea
1470 2752 1572 2818 tiliam
1596 2754 1720 2820 viduae
1743 2756 1838 2820 factes

642 2856 773 2943 epieleri
796 2861 826 2942 (ᾖ
840 2857 907 2936 32),
932 2880 1008 2944 ergo
1031 2861 1172 2942 quinque
1196 2858 1294 2923 fuisse
1318 2858 1476 2923 faciendas
1500 2865 1618 2943 partes.
1651 2861 1759 2940 Quam
1781 2862 1836 2925 boc

641 2969 833 3050 argumento
869 2963 1012 3029 defendit
1044 2966 1246 3048 opinionem:
1282 2963 1349 3029 fore
1383 2966 1551 3049 iniquum,
1588 2968 1617 3029 si
1649 2988 1763 3033 omnes
1792 2988 1836 3031 res

641 3072 802 3133 testatoris
832 3070 872 3133 ad
903 3077 1055 3156 cognatos
1086 3076 1177 3147 eant,
1212 3075 1268 3154 qni
1298 3069 1451 3155 epiclsros
1484 3070 1741 3149 vindicaverint,
1767 3094 1836 3137 cum

642 3174 757 3239 damno
789 3177 1029 3260 privignorum
1062 3175 1117 3240 scd
1141 3178 1210 3260 ipse
1233 3196 1361 3261 qnoque
1385 3182 1490 3240 orator
1515 3177 1691 3243 manifesto
1716 3179 1837 3244 demon·

641 3287 722 3344 strat
751 3281 790 3344 ab
823 3281 881 3345 hac
913 3283 1084 3365 iniquitate
1107 3280 1326 3367 legislatorem
1350 3284 1471 3346 cavisse
1494 3287 1526 3345 et
1550 3289 1679 3347 certum
1703 3286 1757 3348 ius
1781 3286 1837 3368 pri·

641 3388 750 3470 vignis
784 3388 1004 3462 constituisse,
1041 3386 1139 3450 tradit
1174 3389 1262 3450 enim
1297 3386 1381 3450 haud
1417 3386 1517 3451 semel
1549 3389 1580 3470 (ᾖ
1602 3387 1659 3464 30,
1686 3385 1742 3465 47,
1768 3388 1835 3465 56);

642 3494 787 3556 intestati
817 3494 941 3555 exitum
972 3494 999 3555 si
1030 3492 1174 3555 facturus
1197 3494 1240 3555 sit
1263 3491 1436 3567 Euctemo,
1462 3513 1511 3556 res
1534 3494 1605 3557 eins
1630 3504 1837 3578 perventura

645 3597 684 3661 ad
703 3599 759 3667 τοὶς
783 3598 953 3675 θννοιτὲροιι
978 3601 1029 3658 sai
1050 3596 1119 3665 τοὺς
1135 3595 1161 3675 ⁸)
1182 3598 1215 3659 ἐκ
1236 3601 1350 3660 τούτων
1372 3596 1558 3673 γεγονότος,
1579 3597 1667 3681 quod
1685 3620 1748 3663 non
1762 3607 1837 3664 esset

644 3708 855 3778 eventurum,
889 3705 952 3766 nisi
985 3701 1197 3786 epielerorum
1220 3701 1313 3766 liberi
1339 3703 1495 3766 matribus
1520 3709 1647 3786 partem
1673 3705 1836 3778 fecissent,

642 3810 776 3872 ivissent
798 3810 885 3872 enim
910 3827 1020 3871 omnes
1044 3828 1093 3872 res
1117 3807 1156 3871 ad
1180 3814 1332 3892 cognatos
1352 3828 1453 3892 quum
1472 3808 1622 3872 fecissent
1642 3809 1834 3873 ἐπιδικασίαν

679 4051 704 4114 l)
727 4051 790 4113 llrgo
814 4050 911 4099 videtur
934 4053 1076 4098 testamento
1100 4048 1207 4113 deposito
1231 4048 1333 4113 pristine
1355 4048 1435 4098 centio
1457 4063 1506 4096 esse
1523 4048 1625 4097 reddite.
1648 4049 1766 4113 Alioquin
1782 4049 1833 4113 quid

642 4132 762 4181 attinebat
779 4148 901 4196 reposcere
922 4135 1092 4180 testimenium
1111 4134 1222 4179 merente
1240 4130 1357 4179 cantione.

677 4218 704 4279 2)
723 4218 782 4265 Item
800 4215 955 4279 explicuimus
973 4230 1023 4277 esp.
1042 4211 1163 4262 Lxxxlv
1181 4215 1309 4272 (bibemos.
1329 4211 1434 4261 XXVIII
1453 4228 1475 4276 p.
1495 4211 1542 4271 72).

679 4301 706 4360 8)
724 4298 815 4362 Quidni
833 4298 905 4345 etiem
923 4296 1072 4344 Antidorus?
1089 4294 1198 4342 Fortasse
1218 4310 1316 4343 uxorem
1334 4294 1354 4342 is
1371 4292 1470 4343 bebebst
1488 4309 1530 4341 nec
1544 4308 1597 4342 eam
1613 4295 1744 4359 repudisre
1758 4293 1834 4343 soluit.

645 4380 681 4429 Cf.
701 4380 825 4428 Durnostb.
844 4378 912 4427 LVII
930 4378 992 4439 §db

678 4464 707 4525 4)
727 4461 809 4509 Utrum
828 4476 910 4509 revera
926 4458 1052 4524 petiverit,
1070 4473 1117 4506 non
1135 4458 1247 4522 exprimit
1265 4460 1353 4506 orator.

680 4548 707 4608 t)
725 4545 853 4606 Raponnnt
869 4546 911 4590 ent
929 4543 974 4588 τοῦ
992 4545 1034 4588 ant
1052 4535 1079 4586 irs
1098 4543 1140 4587 snt
1158 4535 1206 4586 ἐντί.

679 4628 706 4689 6)
725 4628 855 4690 Oppngnet
871 4625 989 4683 ττμπτοῦ
1006 4620 1146 4670 vocabulum
1165 4622 1238 4670 etism
1259 4621 1363 4686 Lipsius,
1383 4620 1439 4670 Ast.
1458 4619 1525 4668 Pros.
1544 4635 1567 4683 p.
1586 4618 1636 4670 b‘ld
1655 4625 1707 4673 not.
1725 4622 1782 4670 261.

678 4709 706 4771 l)
724 4708 759 4756 Ad
777 4707 879 4764 Isaeum,
897 4722 919 4770 p.
939 4705 1031 4768 Slisq.

678 4791 704 4849 8)
722 4789 787 4849 fbf:
806 4786 904 4847 ήμᾶς,
921 4784 988 4842 roric.
