4525 5950
591 864 663 953 ΑΙ)
693 789 907 954 abactis
937 862 1305 954 FRAGMENTUM
1336 863 1451 953 XIII.

966 1054 1090 1095 semusti·

745 1193 773 1259 J.
810 1192 912 1258 VAN
949 1192 1206 1258 nuuowuu
1229 1193 1299 1258 dr.

929 1387 1124 1424 *W*-

478 1550 587 1634 Nuper
617 1570 693 1614 cura
723 1549 876 1615 benevola
899 1551 962 1613 viri
984 1547 1058 1613 clar.
1083 1549 1217 1615 Manrad
1242 1587 1284 1599 -
1307 1550 1434 1626 μεγάλη
1460 1553 1551 1629 χάρις
1576 1553 1617 1629 τῷ

431 1681 465 1719 τε
503 1656 665 1733 πέμψαντι
699 1656 750 1718 nal
783 1658 824 1735 τῷ
856 1655 1042 1736 γράψαντι]
1074 1693 1113 1705 -
1146 1659 1180 1720 in
1214 1677 1329 1722 manus
1360 1677 1447 1722 meas
1477 1660 1623 1742 pervenit

433 1765 676 1839 commentatio,
709 1784 771 1847 qua
799 1760 950 1828 Nicolans
980 1762 1084 1845 Riedy
1116 1765 1167 1827 vir
1198 1763 1280 1828 doct.
1308 1762 1464 1828 indicavit
1486 1766 1625 1850 vestigia

433 1870 579 1934 dictionis
602 1872 726 1954 epirae,
751 1890 831 1954 quae
856 1869 1007 1954 praebent
1029 1871 1171 1934 carmina
1193 1868 1319 1934 Solonis
1334 1867 1368 1948 ¹).
1395 1868 1456 1949 Qui
1476 1871 1622 1956 improbo

432 1975 538 2040 labore
570 1996 775 2062 quascunque
805 1975 867 2039 huo
898 1975 1020 2039 iaciunt
1051 1972 1199 2061 collegit,
1228 1975 1403 2061 disposuit,
1428 1976 1620 2055 dindicavit,

432 2080 513 2146 utile
544 2082 679 2167 deniqne
710 2084 835 2167 peregit
865 2102 955 2166 opus.
986 2081 1056 2146 Non
1083 2087 1191 2146 tamen
1214 2088 1295 2148 esset
1319 2104 1376 2147 cur
1398 2082 1495 2147 huius
1518 2082 1620 2148 libelli

430 2210 516 2253 nunc
547 2189 682 2254 iacerem
713 2191 926 2267 mentionem,
950 2190 1012 2252 nisi
1035 2209 1098 2253 uno
1122 2194 1205 2253 certe
1228 2187 1296 2253 loco
1317 2189 1355 2254 ab
1378 2210 1415 2254 eo
1439 2189 1622 2255 dissentien-

434 2295 512 2359 dum
546 2293 628 2357 mihi
660 2293 811 2358 viderem.
843 2293 927 2359 Sunt
956 2314 1067 2359 versus
1099 2292 1224 2359 Solonis
1254 2296 1288 2358 in
1313 2294 1442 2360 Stobaei
1465 2294 1620 2380 florilegio

434 2422 510 2466 cum
534 2402 650 2465 vicinis
673 2403 793 2465 servati
815 2400 867 2480 (fr.
893 2399 945 2477 13,
960 2398 1002 2464 33
1015 2405 1114 2485 sqq.):

570 2507 666 2578 θνητοὶ
693 2507 718 2570 δ’
742 2503 797 2571 ὧδε
822 2510 945 2581 verbum
969 2506 1050 2581 ὁμῶς
1074 2505 1191 2584 alyatte
1217 2531 1252 2570 τε
1277 2507 1370 2579 κακός
1397 2529 1448 2571 τε·

616 2613 710 2687 δεινὴν
728 2607 771 2684 εἷς
798 2613 892 2677 αὑτοῦ
915 2610 1006 2691 δόξαν
1029 2609 1159 2684 ἕκαστος
1185 2609 1252 2693 ἔχει

569 2720 638 2797 πρίν
665 2744 696 2783 re
719 2721 845 2785 πιθεῖν·
870 2719 942 2784 τότε
966 2719 992 2784 δ’
1017 2719 1117 2783 αὐτίκ’
1143 2718 1290 2797 ὀδύρεται.
1314 2717 1391 2800 ἄχρι
1414 2719 1445 2785 δὲ
1469 2718 1575 2783 τούτου

616 2827 788 2906 χάσκοντες
812 2827 944 2898 κούφαις
970 2825 1073 2889 ἐλπίσι
1097 2824 1281 2902 capadocia.

435 2933 510 2999 Viro
541 2935 682 3019 sapiente
714 2932 812 3020 digna
834 2934 993 2998 sententia
1018 2968 1056 2979 -
1082 2930 1176 2997 modo
1201 2931 1304 2997 verbis
1328 2929 1492 3017 aliquanto
1515 2934 1620 3019 muffls

435 3042 609 3126 perspicuis
631 3046 714 3104 esset
737 3042 913 3104 enuntiata.
944 3037 1143 3124 Quapropter
1165 3039 1261 3103 verba
1285 3038 1401 3115 „lecolo
1423 3034 1465 3108 εἷς
1491 3038 1618 3116 ostrow,

436 3165 517 3230 qnae
547 3147 581 3207 in
612 3143 739 3210 Stobaei
766 3144 928 3210 codicibus
950 3146 1048 3208 etiam
1074 3144 1125 3221 „iv
1149 3144 1200 3216 δὴν
1225 3138 1267 3212 εἷς
1293 3143 1408 3215 αὐτὸς”
1433 3151 1465 3210 et
1490 3146 1544 3221 „ia
1569 3145 1619 3220 aaa

435 3241 468 3322 ἣν
500 3250 616 3321 eriri?
650 3257 683 3315 et
720 3252 770 3327 „iv
801 3250 835 3323 δη
867 3274 901 3322 ην
931 3249 1048 3318 αὐτός”
1080 3255 1192 3314 extant
1223 3252 1358 3336 scripta,
1390 3249 1488 3314 multi
1519 3253 1622 3315 critici

435 3360 624 3422 coniecturis
653 3363 833 3433 tentarunt,
866 3355 948 3445 alius
979 3355 1041 3421 alio
1072 3355 1228 3432 audacior,
1262 3356 1397 3441 denique
1427 3356 1532 3443 Riedy
1556 3350 1622 3433 „ele

434 3463 542 3533 ἀνέδην
567 3462 681 3531 αὖτὸς”
707 3465 844 3548 scripsit.
869 3462 931 3528 Sed
950 3463 1030 3528 hano
1049 3483 1175 3547 quoqne
1195 3463 1370 3548 quaemtam,
1391 3484 1453 3528 non
1472 3462 1622 3527 incretam

435 3591 502 3635 esse
536 3573 749 3635 coniecturam
785 3572 957 3648 sentimus3
990 3590 1104 3655 nempe
1139 3569 1328 3635 adverbium
1360 3572 1394 3634 in
1423 3570 1486 3643 -δην
1520 3571 1622 3636 inesse

435 3683 605 3762 postquam
624 3677 685 3740 sibi
704 3679 878 3761 persuasit,
900 3674 1050 3741 lustravit
1062 3676 1179 3740 horum
1192 3676 1414 3743 adverbiorum
1429 3675 1621 3762 catalogum,

434 3781 551 3847 melius
582 3790 692 3847 antem
720 3804 817 3868 quam
841 3788 944 3847 cetera
967 3784 1000 3846 in
1025 3788 1171 3847 nostrum
1196 3781 1302 3848 Iocum
1326 3782 1478 3867 quadrare
1501 3787 1624 3848 censuit

436 3887 585 3966 „civiles”
609 3887 709 3965 illud,
734 3889 818 3974 quod
841 3888 1096 3967 „insequutor”
1117 3890 1187 3953 sive
1206 3889 1299 3973 effuse
1317 3887 1476 3975 significat
1496 3888 1621 3968 (Aesch.

433 3994 549 4082 Suppl
578 3995 617 4059 15
643 4001 727 4074 etc).

480 4100 558 4177 Sed,
582 4106 720 4187 ingenue
741 4101 850 4176 fateor,
871 4103 932 4165 nisi
951 4100 1049 4165 latine
1068 4103 1233 4166 vertisset:
1255 4100 1620 4187 „unusquisquefiducia

429 4230 492 4274 sna
520 4207 572 4273 vel
603 4210 751 4293 opinione
774 4206 870 4273 effuse
895 4209 962 4272 sive
986 4206 1134 4273 effrenate
1156 4208 1294 4283 utitur”,
1318 4209 1450 4273 fortasse
1473 4207 1621 4273 latuisset

431 4336 486 4380 me
517 4313 593 4398 quid
626 4314 687 4378 sibi
719 4313 838 4378 vellent
871 4313 967 4378 verba
997 4315 1044 4377 ita
1074 4320 1209 4378 mutata.
1234 4313 1344 4399 Neque
1366 4317 1443 4379 satis
1467 4313 1636 4406 intellego¹

428 4442 492 4487 our
513 4419 620 4484 locum
645 4419 797 4484 audacius
821 4417 1041 4505 retingendum
1064 4422 1239 4498 censuerit;
1263 4441 1337 4485 nam
1360 4426 1528 4505 postquam
1548 4419 1625 4486 alio·

427 4548 507 4592 rum
530 4527 696 4590 conamina
721 4524 848 4599 attulit,
874 4524 950 4590 haec
974 4526 1079 4590 addit:
1105 4524 1354 4603 „Hill-Grnsius
1377 4522 1411 4591 εὖ
1436 4526 1530 4599 δεινήν
1554 4548 1624 4611 pro·

467 4711 491 4770 1)
514 4709 606 4758 Solonis
629 4708 730 4758 elocutio
752 4712 866 4773 quatenus
881 4708 984 4771 pendeat
1000 4710 1029 4757 ab
1045 4709 1150 4774 exempto
1167 4710 1265 4759 Homeri
1280 4710 1432 4775 (Progmmm
1449 4711 1489 4759 des
1507 4712 1538 4759 II.
1559 4709 1623 4759 Wil-

430 4791 689 4854 heims-Gymnasium
705 4791 730 4840 in
749 4790 882 4855 Minebcn)
903 4791 974 4840 1003.
