4525 5950
923 703 1170 754 mosomum.

443 871 644 957 coryphaeus
668 868 853 955 respondet:

539 981 628 1041 τοῦτο
652 977 709 1050 μέν
733 978 780 1049 μοὶ
804 976 856 1038 σὸν
883 975 934 1039 Δί’
959 977 992 1039 οὐ
1016 977 1138 1056 ποννοδν
1163 977 1346 1051 ε’πονίσαπε·

538 1083 612 1147 ἀλλ’
639 1082 690 1146 ὑπ’
716 1082 809 1158 ὀργῆς
834 1082 898 1158 grip
922 1084 1049 1157 πονηροῖς
1076 1083 1127 1145 καί
1153 1082 1219 1146 πότ’
1245 1083 1397 1147 οίπέδυν
1422 1085 1497 1162 ἐγώ,

443 1189 501 1252 nbi
524 1189 608 1273 quod
632 1193 779 1272 expectes
804 1186 943 1260 ἐξέδνν
966 1194 1069 1251 metro
1094 1187 1287 1253 excluditur.

491 1294 694 1379 Quamquam
724 1292 785 1356 hoc
816 1291 856 1357 ad
887 1299 1034 1355 nostrum
1056 1291 1165 1357 locum
1190 1297 1246 1358 vir
1269 1297 1426 1379 pertinet,
1452 1297 1508 1360 ubi
1532 1296 1640 1372 ἐξαπο-

444 1401 539 1471 διίσας
564 1422 626 1465 non
650 1399 737 1465 idem
761 1398 847 1482 quod
872 1398 1003 1468 ἐκδύσας
1027 1398 1081 1463 sed
1105 1401 1188 1485 quod
1213 1400 1372 1471 ἀποδύσας
1397 1403 1603 1487 significabit.

491 1634 544 1698 Vs.
570 1633 645 1699 719.
671 1635 747 1696 ἀλλ’
772 1635 816 1707 οὐ,
842 1634 890 1708 μίο
916 1633 955 1696 τὼ
980 1633 1044 1709 θεοί,
1069 1631 1148 1711 τάχ’
1174 1635 1206 1696 οὐ
1231 1635 1348 1714 χαίρων
1373 1634 1443 1702 ίσως

672 1741 805 1816 taedae
826 1739 890 1804 κπέ.

441 1846 514 1910 Non
535 1844 640 1910 solum
662 1845 834 1923 ἐνυβρίζειν,
856 1852 893 1909 ut
910 1844 1141 1910 animadvertit
1160 1844 1351 1922 vLeeuwen‚
1372 1855 1421 1910 est
1438 1845 1638 1913 sublimioris

444 1951 609 2027 dictionis,
643 1951 697 2016 sed
728 1955 825 2017 etiam
857 1952 890 2015 οὐ
923 1955 1050 2030 χαίρων,
1082 1952 1135 2014 cui
1158 1950 1314 2016 formulae
1339 1951 1438 2017 dictio
1462 1958 1583 2019 comica
1607 1961 1641 2020 et

445 2056 588 2142 vulgaris
620 2064 803 2122 constanter
825 2056 914 2121 addit
938 2056 1087 2122 voculam
1110 2055 1358 2140 impersonalem
1386 2082 1416 2121 σο
1440 2057 1488 2137 (οὔ
1510 2083 1539 2121 σν
1565 2061 1639 2137 χαί-

442 2171 522 2243 ρων),
546 2186 648 2250 neque
671 2168 779 2228 minus
802 2166 956 2250 syniresis
980 2167 1066 2228 vocis
1090 2163 1170 2239 θείς,
1195 2183 1258 2247 qua
1278 2166 1408 2249 tragicis
1429 2167 1639 2231 usitatissima

445 2272 609 2336 comoedia
632 2271 781 2335 abstinet.

492 2490 542 2554 Vs.
570 2489 646 2555 743.
1059 2491 1089 2550 πί
1112 2489 1148 2560 μ’
1174 2489 1364 2567 είργοίσιο.

443 2598 550 2660 Bonae
581 2598 696 2660 aetatis
727 2594 817 2659 tituli
849 2597 939 2659 attici
962 2594 1140 2659 docuerunt
1162 2603 1375 2680 augmentum
1399 2597 1580 2680 imperfecti
1605 2609 1637 2661 et

442 2705 553 2766 coristi
585 2702 676 2766 verbi
707 2701 888 2779 ἐργάζεσθαι
922 2722 983 2766 non
1015 2711 1039 2766 ἓν
1071 2721 1151 2777 esse,
1177 2701 1232 2766 sed
1255 2714 1291 2778 ἢ,
1316 2713 1342 2766 ἓν
1365 2708 1475 2766 contra
1499 2703 1632 2787 perfecti

443 2807 740 2892 reduplicationem.
765 2804 814 2872 Of.
838 2805 1066 2871 Meisterhans³
1090 2827 1163 2892 pag.
1191 2804 1334 2883 171,11.
1367 2807 1468 2872 Unica
1492 2810 1636 2892 exceptio

443 2935 471 2978 a.
498 2912 562 2977 325
587 2933 614 2978 a.
638 2910 673 2979 Ο.
700 2911 969 2992 κατενογοίσίνσαν
993 2912 1124 2978 fortasse
1147 2915 1213 2977 iam
1237 2920 1286 2978 est
1309 2921 1366 2986 τῆς
1390 2922 1497 2987 κοινῆς.

489 3147 541 3213 Vs.
568 3147 644 3214 799.
1092 3147 1186 3221 οὕτως
1213 3124 1303 3226 ἡμεῖς
1328 3149 1476 3224 ε’πνδνίλιος

491 3256 571 3326 ὑμῶν
591 3252 682 3329 ἐσμέν
704 3252 783 3317 πολὺ
803 3253 958 3330 βελτίους.
982 3253 1165 3330 βάσανός
1189 3282 1231 3319 τε
1255 3255 1455 3333 reprom
1477 3255 1634 3320 ἰδέσθαι.

490 3358 628 3435 βοίσανον
651 3359 759 3436 δῶμεν,
785 3359 904 3435 πότεροι
929 3360 1060 3439 χείρους.
1086 3360 1150 3424 κτέ.

443 3465 505 3528 Pro
530 3467 636 3529 verbis
660 3463 771 3550 procul
796 3464 893 3530 dubio
918 3464 1099 3549 depravatis
1124 3465 1225 3531 editor
1237 3465 1474 3530 dubitabundus
1487 3468 1636 3550 proponit

442 3570 494 3632 καί
535 3573 594 3643 μὴν
633 3570 773 3646 βοίσανίς
805 3594 845 3645 γε
874 3571 1004 3645 ποίρεστο
1029 3569 1079 3634 vel
1104 3571 1242 3648 βοίσανον
1268 3571 1293 3634 δ’
1319 3569 1417 3646 ἔξεσσι
1445 3580 1634 3649 παρασχεῖν,

441 3697 521 3760 qnae
542 3682 616 3761 apta
636 3676 765 3760 quidem
785 3678 962 3740 sententiae
981 3682 1070 3753 sunt,
1091 3676 1145 3741 sed
1165 3698 1183 3741 a
1203 3676 1328 3742 traditis
1347 3679 1433 3741 iusto
1450 3680 1633 3742 remotiora.

441 3779 512 3865 Ipse
536 3783 747 3846 tentaverim:

870 3886 1054 3961 βασοίνου
1079 3885 1132 3968 (δ’
1157 3887 1191 3961 ἥν
1216 3886 1298 3960 ποί)
1323 3911 1359 3951 τε
1385 3886 1544 3964 δέησθε,

487 3992 626 4066 βοίσανον
651 3992 758 4070 δῶμεν,
784 3993 848 4055 xri.

487 4223 538 4288 Vs.
564 4222 640 4288 811.
666 4223 828 4300 κλίψουσα
851 4246 908 4309 pro
932 4226 1081 4300 κλέψασα
1106 4233 1154 4289 est
1177 4223 1308 4289 evidens
1328 4222 1509 4289 Leeuwenii
1529 4246 1635 4291 emen-

439 4330 543 4406 datio,
577 4350 674 4414 qnam
706 4329 784 4394 olim
813 4331 845 4394 h.
868 4329 892 4394 l.
923 4335 1101 4394 tentantem
1134 4350 1186 4393 me
1218 4329 1340 4414 fugisse
1364 4333 1463 4393 miror
1485 4338 1517 4394 et
1541 4331 1634 4396 hodie

441 4435 551 4518 pudet

485 4668 537 4732 Vs.
562 4666 638 4731 822.
664 4669 785 4730 τάντίον
810 4687 871 4729 vox
897 4666 1011 4729 editori
1032 4672 1180 4749 suspecta
1207 4665 1311 4749 „quod
1335 4687 1396 4730 vox
1421 4665 1551 4731 aliunde
1570 4689 1634 4732 non

436 4777 479 4838 sit
503 4773 666 4858 cognita'’.
691 4772 777 4851 Quot
799 4774 903 4857 igitur
927 4769 1080 4836 vocabula
1105 4791 1221 4856 graeca
1245 4777 1392 4855 suspecta
1415 4770 1507 4835 suntl
