4525 5950
941 701 1118 750 summae.

475 869 536 934 Vs.
562 867 638 934 990.
708 869 740 933 τί
762 866 904 945 Φίμνος,
929 867 986 932 τίν’
1011 867 1107 944 αόραν

709 973 847 1051 ἐδίφρευε
871 973 932 1037 πόθ’
959 969 1044 1043 ίίλιος

709 1080 828 1143 σελόνα
852 1101 887 1141 πε
911 1077 983 1141 κατ’
1009 1077 1113 1154 αίόίρα

707 1182 891 1261 λαμπάδ’
916 1182 960 1248 ἵν’
986 1183 1157 1247 ὦιιυόόαι
1183 1183 1343 1262 νύμφαι

708 1289 882 1355 ίππεύνυοα
905 1289 942 1353 δι’
967 1287 1099 1367 όρΦνας,
1124 1289 1190 1353 art.

479 1397 640 1462 Plurimis
663 1397 854 1462 coniecturis
877 1393 1004 1460 accedat
1028 1395 1105 1460 haee
1127 1413 1217 1459 mea:

709 1500 929 1578 λαμπόδος
955 1499 1130 1570 νἰιιυόόας
1153 1499 1252 1578 Φοίει

709 1607 884 1672 ίππειίνυοα
909 1605 946 1670 δι’
971 1604 1096 1682 όρΦνας.

480 1828 685 1892 Baeculam
708 1845 757 1890 vs.
784 1823 836 1888 14.
862 1830 982 1903 Περσῶν
1007 1825 1283 1900 ἡλιοβλήτους
1309 1825 1449 1894 πλόκος.

432 1934 585 2000 Fortasse
605 1937 745 2017 praestat
764 1931 867 1996 forma
885 1933 1044 1996 vetustior
1064 1930 1342 2015 ἧλιοβλιῑτας,
1364 1938 1402 1996 ut
1421 1932 1629 2010 κεραυνοβλιίς

433 2046 467 2105 et
491 2037 624 2104 similia.

478 2242 534 2307 Vs.
559 2241 613 2307 20.
637 2242 682 2313 είς
702 2241 790 2315 τήνδε
814 2247 966 2322 πρῶτον
991 2233 1077 2313 alatos
1101 2239 1256 2312 Ἑλλήνων
1279 2239 1388 2321 χόόνα.

432 2349 542 2414 Immo
573 2369 648 2413 vero
673 2349 845 2426 πρώτον,
878 2368 975 2433 quam
998 2354 1119 2412 certam
1143 2367 1196 2411 me
1218 2345 1324 2411 iudice
1346 2344 1461 2412 Gobeti
1483 2345 1629 2411 emenda·

432 2459 557 2521 tionem
577 2456 611 2519 in
629 2453 849 2539 Appendioem
869 2456 976 2518 minus
996 2452 1177 2538 probabiles
1197 2455 1413 2518 continentem
1432 2455 1629 2518 coniecturas

432 2559 595 2647 relegavit
619 2560 732 2625 editor.

482 2775 536 2841 Vs.
561 2776 615 2841 96.
753 2776 836 2839 κατα
858 2776 941 2855 μηρῷ
966 2773 998 2837 δὲ
1022 2774 1172 2854 καλύψας

751 2881 929 2961 χρυσίαισιν
954 2879 1113 2958 συνερείδει

751 2987 942 3063 περόναις
968 2984 1098 3065 ιιρνππδν
1122 2988 1181 3064 ἀφ’
1204 2986 1314 3065 Ἥρας.

431 3097 504 3159 Aut
528 3093 665 3170 περόναις
690 3094 722 3157 h.
746 3093 768 3159 1.
792 3092 878 3158 idem
903 3090 988 3156 valet
1010 3090 1095 3176 quod
1118 3091 1331 3169 βελόναις,
1356 3098 1413 3157 aut
1435 3092 1495 3157 hoo
1517 3094 1626 3176 ipsum

431 3198 707 3264 substituendum.

482 3400 537 3466 Vs.
564 3400 638 3465 192.
664 3401 737 3464 ἀλλ’
762 3401 821 3478 οὐχ
847 3398 953 3473 δμοίως
977 3397 1015 3464 όιν
1039 3400 1053 3463 ό
1077 3401 1139 3471 όεδς
1166 3400 1258 3475 πιμίρν
1283 3397 1360 3479 ἔχοι.

432 3507 548 3571 Minus
568 3513 652 3572 reete
671 3506 773 3572 editor
791 3504 967 3569 articulum
987 3503 1158 3570 delendum
1180 3508 1371 3591 suspicatur,
1391 3526 1485 3591 quem
1507 3508 1535 3570 si
1553 3505 1629 3570 libri

433 3615 636 3689 omisissent,
662 3611 700 3676 de
723 3613 904 3676 coniectura
927 3610 1039 3675 addere
1062 3632 1125 3676 non
1146 3611 1337 3676 dubitarem.
1359 3608 1408 3677 cf.
1428 3614 1463 3676 in
1483 3612 1541 3676 hae
1560 3615 1629 3698 ipsa

434 3717 546 3784 fabula
575 3739 638 3782 vsa.
665 3716 740 3794 194,
766 3716 843 3795 206,
868 3713 945 3794 476,
969 3714 1036 3781 490
1059 3723 1119 3782 eto.
1156 3717 1277 3783 Eadem
1302 3718 1340 3783 de
1363 3739 1459 3782 eausa
1481 3719 1628 3804 improbo

433 3823 581 3889 eiusdem
612 3825 827 3888 coniecturam
856 3825 890 3886 in
918 3842 965 3887 vs.
990 3822 1057 3887 808
1088 3824 1168 3888 bene
1199 3830 1309 3889 sanato
1341 3845 1359 3889 a
1390 3823 1517 3890 Wailio.
1555 3824 1629 3890 Noli

431 3929 527 3993 abuti
557 3948 604 3992 vs.
632 3926 729 4005 1302,
761 3948 838 3992 nam
865 3929 899 3991 in
922 3948 1107 4014 praegressa
1129 3927 1244 3994 lacuna
1268 3931 1400 3995 fortasse
1423 3931 1487 3994 fuit
1510 3929 1627 3995 Baoehi

432 4054 562 4109 noman,
593 4035 641 4097 ita
670 4040 708 4098 ut
738 4033 778 4098 ad
808 4035 906 4098 verba
937 4036 969 4097 οὐ
1001 4034 1102 4109 σέβων
1125 4035 1189 4099 όεόν
1212 4039 1320 4100 mente
1343 4035 1558 4120 supplendum
1582 4038 1625 4120 sit

431 4142 485 4204 τὸν
512 4139 664 4204 Διόνυσον.
689 4136 840 4204 Getarum
864 4140 985 4223 optime
1008 4160 1061 4203 me
1083 4139 1189 4205 iudice
1210 4138 1357 4227 lllmsley
1379 4142 1532 4206 correxit:

663 4247 737 4308 aaa·
760 4246 820 4325 οὐχ
844 4245 950 4320 όμοίαν
974 4245 988 4308 ὁ
1011 4245 1072 4316 θεὸς
1097 4245 1136 4309 διν
1160 4245 1250 4322 πιμίρν
1275 4244 1351 4324 ἔχοι.

480 4462 534 4527 Vs.
559 4460 637 4527 212.
661 4460 835 4533 Πενθεὺς
861 4462 933 4540 πρὸς
956 4459 1051 4532 οίιιους
1077 4457 1127 4526 ta.
1151 4462 1202 4527 διόι
1226 4464 1355 4538 σπονδῆς
1384 4472 1483 4547 περᾷ,

661 4568 798 4651 Ἐχίονος
822 4574 897 4638 παῖς
922 4566 986 4632 aad.

432 4673 517 4738 Tam
551 4674 685 4757 abrupte
719 4673 798 4738 haeo
831 4694 905 4738 eum
936 4676 1130 4759 praegressis
1162 4676 1271 4740 iuncta
1302 4681 1393 4753 sunt,
1426 4683 1464 4741 ut
1496 4678 1624 4749 Πενθεὺς

432 4778 598 4868 glossema
621 4800 689 4845 esse
707 4779 852 4857 credam,
872 4782 926 4845 cui
945 4780 1183 4846 substituendae
1204 4802 1271 4847 esse
1290 4781 1464 4867 particulas
1483 4785 1536 4848 καί
1556 4784 1628 4863 μήν,
