4525 5950
527 681 594 748 272
1029 696 1206 744 anemone.

524 865 641 950 quibus
670 868 744 927 noto
767 883 828 936 usu
851 882 951 926 novae
975 882 1124 947 personae
1147 861 1304 927 adventus
1328 863 1361 926 in
1386 862 1552 948 tragoedia
1575 866 1717 928 nuntiari

525 968 651 1034 assolet.
685 967 747 1032 Sed
777 973 850 1032 ante
881 989 933 1032 me
963 966 1049 1031 idem
1076 969 1238 1032 monuisse
1262 966 1473 1053 Blaydesium
1497 969 1718 1035 animadverto

528 1095 565 1139 ex
590 1073 746 1137 addendis
768 1080 796 1137 et
818 1073 1002 1154 σοννίραεάίε
1023 1078 1095 1156 post
1117 1072 1271 1137 Rhesum.

573 1292 626 1357 Vs.
652 1290 728 1356 253.
753 1294 806 1355 οὐκ
829 1289 1099 1365 άποτινάξεις
1124 1291 1244 1369 κισσάν;

525 1399 690 1464 Praestare
721 1398 859 1462 arbitror
882 1397 1020 1461 formam
1044 1397 1184 1462 mediam
1208 1396 1453 1478 άποτινάξρ,
1478 1396 1548 1462 soil.
1572 1417 1592 1462 a
1616 1401 1716 1483 eapite

527 1511 593 1569 tuo.
618 1501 667 1570 cf.
692 1524 755 1569 uss.
780 1502 821 1567 81
847 1509 880 1567 et
905 1501 964 1566 34]
984 1524 1029 1588 sq.

572 1706 624 1772 Vs.
649 1704 725 1772 326.
750 1705 845 1786 μαίνρ
867 1706 931 1785 γάρ
955 1707 994 1775 τίς
1017 1704 1227 1782 άλνιστα,
1252 1701 1336 1769 κοῦτι
1360 1704 1539 1783 Φαρμάκοες

752 1810 812 1885 άκνρ
837 1808 947 1887 λαβοις
974 1808 1012 1873 άν
1036 1808 1099 1874 οὔτ’
1123 1810 1197 1874 άνευ
1222 1811 1335 1875 τούτων
1360 1810 1455 1875 νάσου.

525 1917 598 1983 Iure
630 1918 733 1982 haesit
763 1916 798 1981 F.
824 1914 863 1983 G.
889 1915 1054 1992 Schmidt,
1086 1918 1142 2001 qui
1172 1916 1361 1991 μάλιστα
1385 1919 1559 2002 proposuit.
1584 1919 1636 1982 An
1660 1917 1718 1991 μί-

528 2047 654 2100 γιστα
680 2030 871 2101 (MeI'lCTA
898 2043 954 2106 pro
975 2027 1187 2100 anrrcTa),
1214 2020 1329 2087 collato
1348 2044 1381 2088 τι
1399 2043 1426 2087 a.
1448 2021 1568 2087 Herod.
1590 2021 1638 2087 III
1659 2019 1717 2087 38?

576 2129 653 2193 Post
676 2129 752 2192 haee
777 2128 873 2193 verba
897 2130 1024 2192 mireris
1045 2127 1130 2192 infra
1153 2149 1201 2192 vs.
1224 2126 1300 2205 359,
1325 2134 1533 2212 posteaquam
1557 2128 1719 2193 Pentheus

530 2232 628 2319 longe
651 2235 803 2299 ferociora
824 2232 952 2298 loeutus
974 2238 1037 2309 est,
1061 2231 1218 2298 Tiresiam
1242 2235 1320 2297 satis
1343 2233 1457 2299 habere
1480 2235 1590 2298 minus
1614 2255 1720 2299 severe

530 2362 606 2406 eum
629 2339 857 2426 reprehendere
881 2339 1058 2404 dicentem:

756 2445 897 2523 μέμηνας
922 2444 994 2519 ἤδη·
1021 2446 1072 2508 καί
1099 2445 1167 2524 πρίν
1191 2444 1315 2520 ίξίστκς
1339 2450 1465 2523 Φρενῶν.

531 2550 592 2616 Vir
622 2553 727 2636 igitur
757 2549 825 2615 falli
853 2550 935 2614 mihi
959 2549 1079 2628 videor,
1111 2549 1233 2616 secluso
1255 2551 1316 2616 hoo
1339 2571 1434 2616 versu
1456 2549 1721 2636 languidissimo‚

531 2659 563 2721 in
596 2678 658 2741 quo
686 2662 849 2740 praeterea
872 2658 989 2721 omissa
1012 2656 1214 2721 distinetione
1238 2654 1366 2731 ίξεστὼς
1391 2662 1557 2741 expectes,
1583 2657 1721 2722 Tiresiae

532 2762 683 2829 reddens:

670 2867 736 2933 358
759 2865 779 2932 ὦ
804 2867 941 2946 σχέτλι’,
965 2868 1002 2938 ὥς
1027 2869 1081 2932 οὐκ
1105 2862 1191 2932 οίσία
1216 2867 1275 2931 πού
1298 2869 1367 2931 ποτ’
1393 2863 1424 2932 εί
1444 2865 1561 2944 strevi

669 2972 735 3039 360
758 2976 934 3053 στείχωμεν
958 2977 1058 3052 ἡμεῖς,
1083 2975 1190 3052 Κάδμε
1216 2976 1279 3039 xri.

576 3191 630 3258 Vs,
656 3191 732 3257 402.
893 3191 1015 3268 ἱκοίμαν
1039 3191 1109 3255 ποτί
1135 3190 1263 3270 Κύπρον,

937 3301 1027 3360 νάσον
1051 3300 1108 3366 τάς
1134 3295 1342 3377 Ἀφροδίτας,

894 3404 923 3464 ε’ν
947 3400 968 3485 qi
993 3402 1184 3481 θελξίφρονες
1210 3401 1311 3476 νέμον-

939 3533 991 3573 ται
1017 3512 1166 3573 θνατοῖσιν
1186 3507 1336 3586 Ἔρωτες,

893 3614 1004 3694 Πάφον
1028 3617 1052 3678 θ’
1076 3606 1120 3679 iv
1147 3614 1347 3689 ἑκατόστομοι
1374 3631 1376 3635 “

890 3718 1105 3798 βαρβάρου
1130 3724 1273 3795 ποταμοῦ
1297 3720 1360 3798 ρὀαί

937 3826 1132 3906 καρπίζουσιν
1156 3824 1364 3903 άνομβρον,

530 3932 667 3997 Meursii
699 3934 913 3997 coniecturam
938 3933 1076 4007 Βωκάρρυ
1099 3937 1260 4016 receptam
1285 3931 1323 3995 ab
1348 3931 1469 3996 editore
1492 3931 1566 3995 vide
1589 3952 1630 3996 ne
1654 3953 1723 4016 pre

531 4044 622 4119 mant
645 4037 786 4122 epitheta
806 4038 1011 4112 ἑκατόστομος
1032 4044 1063 4102 et
1083 4034 1246 4113 ἄνομβρος.
1272 4035 1375 4115 Quare
1393 4035 1556 4113 βαρβάρου
1577 4043 1723 4113 ποταμοῦ

531 4166 605 4209 oum
643 4142 732 4221 aliis,
764 4145 797 4206 in
829 4143 946 4227 quibus
978 4144 1153 4207 novissime
1184 4140 1360 4218 Headlam,
1392 4141 1429 4206 de
1461 4140 1535 4207 Nilo
1566 4144 1724 4228 accipiens

532 4250 723 4334 praeferrem
747 4249 845 4313 hanoe
867 4246 1038 4313 lectionem

895 4353 1016 4430 Πάφον,
1041 4349 1088 4416 άν
1114 4352 1139 4415 ί’
1164 4351 1365 4428 ἓκατίστομοι

892 4457 1055 4536 βαρβάρου
1080 4462 1224 4533 ποταμοῦ
1247 4457 1310 4538 ῥοαί

941 4562 1136 4643 καρπίζουσιν
1162 4561 1386 4642 άνομβρον,

532 4674 594 4737 nisi
627 4674 682 4737 vix
706 4675 781 4756 apta
804 4677 836 4735 et
859 4670 918 4734 hoe
940 4668 1071 4753 quidem
1095 4668 1164 4733 loeo
1187 4669 1322 4733 mirifica
1343 4671 1376 4733 in
1400 4668 1516 4733 mediis
1540 4670 1725 4754 regionibus

531 4777 662 4845 Graecis
684 4777 849 4843 videretur
869 4777 1012 4864 Aegypti
1031 4778 1163 4840 mentio.
1187 4774 1318 4840 Aooedit
1338 4774 1422 4860 quod
1441 4794 1628 4861 praegressa
1646 4796 1726 4841 roae
