4525 5950
864 1309 936 1398 AD
966 1312 1358 1403 ARISTOPHANIS
1389 1316 1622 1407 PLUTUM.

1183 1549 1308 1591 SCRIPSl'l*

964 1730 993 1795 J.
1024 1729 1128 1795 VAN
1158 1731 1416 1797 LEEUWAN
1449 1734 1521 1798 Ar.

899 1896 1141 1974 (Continuantar
1164 1919 1179 1959 e
1205 1898 1269 1963 Vol.
1294 1899 1386 1962 XXX
1398 1923 1472 1981 pop.
1498 1898 1587 1979 427).

1167 2197 1325 2238 —ffl-

1226 2455 1263 2519 V.

694 2676 794 2741 Venio
825 2694 908 2738 nnnc
940 2673 979 2738 ad
1011 2676 1229 2757 quaestionem
1260 2676 1372 2738 oetsris
1402 2678 1602 2760 graviorem,
1627 2695 1710 2759 qnae
1733 2684 1782 2742 est
1804 2678 1839 2740 de

648 2782 766 2864 duplici
797 2780 884 2842 Pluta'
914 2780 1053 2842 odilione.
1085 2778 1131 2843 De
1163 2800 1226 2863 qua
1256 2779 1333 2863 quid
1363 2801 1508 2845 censeam
1534 2789 1600 2845 tam
1623 2785 1787 2847 succincte
1809 2789 1839 2847 et

647 2889 813 2974 perspicue
836 2906 933 2969 qnam
959 2893 1068 2969 potero
1091 2905 1249 2969 exponere
1273 2886 1418 2950 conabor.

1208 3088 1277 3172 §a

691 3269 826 3334 Plutum
858 3266 999 3332 fabulam
1029 3268 1258 3352 Aristophanes
1285 3268 1435 3332 archonte
1459 3269 1628 3353 Antipatro
1652 3271 1744 3350 (vere
1768 3273 1838 3336 anni

646 3375 726 3455 388)
745 3378 776 3440 in
799 3381 959 3438 certarnen
976 3376 1154 3450 commisit,
1173 3373 1309 3438 aemulis
1322 3394 1399 3437 usus
1411 3374 1601 3451 Niooohare,
1615 3372 1837 3452 Aristomene,

646 3481 864 3565 Nicophonte,
888 3479 1004 3544 Alcaeo
1012 3501 1020 3558 3
1043 3482 1132 3563 quini
1153 3482 1237 3543 enim
1257 3500 1293 3543 ea
1313 3485 1416 3544 aetate
1434 3480 1607 3543 certabant.
1628 3479 1678 3544 Ex
1700 3502 1837 3565 quorum

644 3595 814 3671 poetarum
834 3585 981 3669 operibus
1001 3582 1083 3648 nibil
1103 3585 1142 3649 ad
1163 3607 1219 3649 nos
1240 3588 1385 3670 pervenit
1404 3592 1528 3669 praeter
1547 3589 1678 3650 nomina
1697 3586 1838 3672 duosque

646 3691 769 3756 nullius
799 3693 895 3774 pretii
925 3688 1116 3767 versionlos;
1150 3690 1269 3754 frustra
1292 3699 1401 3754 autem
1425 3711 1579 3776 rogamus
1601 3690 1779 3757 Lenaeisne
1802 3713 1838 3758 an

645 3795 847 3862 Liberalibus
878 3795 1106 3879 Aristophanes
1139 3794 1236 3859 Pluto
1267 3798 1437 3860 certaverit
1461 3799 1574 3880 quisve
1598 3817 1635 3859 ex
1661 3796 1720 3861 illo
1745 3803 1838 3863 serta·

646 3905 731 3967 mine
762 3903 866 3965 vietor
896 3903 1043 3964 evaserit.
1069 3900 1189 3963 Parum
1213 3900 1348 3984 denique
1372 3907 1495 3964 constat
1519 3922 1616 3965 suone
1639 3922 1680 3965 an
1704 3901 1766 3966 filii
1789 3924 1839 3967 no

644 4010 732 4072 mine
752 4005 979 4089 Aristophanes
997 4005 1077 4069 hano
1101 4004 1243 4069 fabulam
1263 4005 1401 4081 dederit;
1424 4025 1498 4068 nam
1511 4007 1630 4070 veleris
1643 4007 1837 4091 Argumenti

645 4113 741 4177 verba
764 4111 825 4175 buo
849 4112 1041 4193 pertinentia
1064 4113 1182 4194 apertis
1202 4113 1291 4174 vitiis
1311 4109 1474 4185 laborant,
1495 4130 1576 4195 quae
1594 4111 1757 4195 quomodo
1777 4116 1837 4176 sint

645 4215 831 4301 corrigenda
851 4218 1021 4279 incertum.

691 4322 772 4401 Quid
806 4342 880 4385 vero
912 4328 960 4384 est
991 4321 1074 4404 qnod
1107 4320 1242 4384 Plutum
1274 4318 1417 4384 fabulam
1449 4322 1609 4405 vigesimo
1641 4342 1725 4386 anno
1748 4331 1834 4397 ante,

646 4449 742 4514 qnam
774 4429 891 4510 scripta
923 4433 989 4500 est,
1023 4425 1131 4490 datam
1164 4448 1230 4491 esse
1259 4425 1383 4490 credere
1407 4426 1557 4489 iubemur
1581 4424 1680 4490 alibi?
1715 4426 1834 4511 Nempe

644 4537 743 4599 stiam
779 4533 919 4594 archonte
953 4531 1077 4607 Diocle,
1116 4553 1189 4595 vere
1224 4533 1297 4595 anni
1328 4529 1404 4605 408,
1436 4530 1669 4615 Aristophanes
1701 4531 1832 4597 Plutum

644 4640 787 4703 docuisse
818 4636 1013 4721 perhibetur.
1046 4635 1168 4700 Eamus
1199 4657 1279 4720 quae
1311 4641 1399 4699 extat
1431 4632 1595 4699 fabulam?
1629 4636 1832 4702 Affirmarnnt

645 4744 792 4808 certatim
827 4742 888 4803 viri
920 4739 1006 4804 dooti
1036 4748 1067 4804 et
1099 4750 1273 4827 negarunt;
1311 4739 1405 4804 hodie
1436 4749 1545 4804 autem
1576 4739 1726 4825 neglecta
1757 4745 1831 4807 iaoet
