4525 5950
1045 699 1222 748 sumamus,

580 862 639 928 Va.
667 862 742 929 195.
767 867 914 939 στυγίους
938 865 969 929 δὲ
994 863 1108 943 βροτῶν
1134 863 1227 928 οὐδεὶς
1253 863 1360 934 λύπας

767 968 872 1047 λύοντο
896 970 994 1049 μούσς
1018 963 1071 1035 καὶ
1096 969 1297 1049 πολυχόρδοις

768 1074 858 1154 ᾠδαῖς
884 1078 1004 1140 παύειν.
1030 1075 1071 1149 ἐξ
1095 1071 1140 1139 civ
1164 1077 1292 1142 ύούνατοι

768 1181 865 1245 δειναί
887 1204 922 1245 τε
946 1181 1045 1259 τύχαι
1070 1182 1249 1259 σφάλλουσι
1274 1179 1394 1254 δύμους.

534 1285 712 1350 Manifesta
736 1284 840 1351 deleto
863 1293 981 1371 puncto
1005 1293 1078 1371 pust
1102 1286 1213 1350 παύειν
1237 1285 1463 1372 corrigendum

1026 1390 1066 1467 ἐξ
1091 1388 1132 1456 ού
1157 1393 1281 1456 ύύνατοι
1306 1391 1370 1455 ιιτὲ.

535 1501 559 1562 i.
586 1519 615 1562 e.
648 1521 683 1561 σα
715 1520 772 1582 qao
803 1506 930 1579 tempore
962 1518 1049 1561 mors
1079 1496 1223 1581 aliaeque
1254 1517 1370 1583 graves
1401 1495 1600 1562 calamitates
1622 1495 1733 1561 domus

534 1603 741 1669 labefactant.
766 1604 816 1668 Ab
839 1605 928 1668 omni
951 1623 1046 1681 aevo,
1071 1606 1117 1667 ait
1140 1617 1253 1687 poeta,
1278 1623 1371 1667 nemu
1393 1605 1519 1668 invenit
1542 1610 1645 1667 artem
1669 1623 1733 1667 ear-

535 1711 682 1773 minibus
713 1716 746 1772 et
775 1712 899 1774 musica
928 1707 1067 1773 leniendi
1098 1707 1221 1774 dolores
1244 1709 1411 1773 humanos.
1440 1708 1574 1774 Servata
1596 1707 1733 1773 lectione

534 1815 657 1879 tradita
686 1816 804 1879 frustra
836 1818 1019 1900 quaerimus
1050 1815 1135 1881 unde
1165 1814 1301 1900 pendeat
1331 1811 1379 1890 ὧν,
1415 1815 1499 1898 quod
1530 1835 1633 1899 neque
1658 1835 1733 1878 eum

533 1923 644 1988 λύπας
676 1941 778 2006 neque
809 1941 883 1986 aum
914 1920 1007 2002 ᾠδαῖς
1038 1926 1112 2005 apte
1136 1928 1241 2005 potest
1264 1923 1428 2005 coniungi,
1452 1926 1491 1984 ut
1514 1922 1662 1985 omittam
1685 1922 1733 1984 ita

536 2027 637 2092 verba
662 2026 696 2104 ἐξ
710 2028 874 2101 -δύμονς
897 2030 1004 2111 inepte
1028 2025 1200 2091 abundare.

584 2244 638 2309 Vs.
664 2244 740 2309 431.
765 2247 802 2310 σύ
827 2244 852 2308 δ’
878 2245 911 2308 ἐκ
935 2247 991 2319 μὲν
1015 2243 1101 2308 οἴοισιν
1127 2242 1262 2319 πατρίαν
1286 2239 1445 2312 ἔπλευσας

765 2351 938 2433 μαινομένα
963 2348 1088 2431 epatu,
1115 2347 1253 2424 διδύμους
1279 2347 1334 2425 ύού
1342 2370 1449 2411 σασα
1475 2346 1584 2410 τύντου

767 2479 881 2532 τετοας
907 2479 973 2519 ατε.

533 2563 621 2641 Quia
644 2559 758 2625 Medea
780 2582 842 2624 non
866 2569 1055 2645 antequam,
1080 2558 1135 2624 sed
1158 2562 1365 2644 posteaquam
1389 2578 1407 2622 e
1427 2558 1529 2642 patria
1547 2559 1730 2644 navigavit,

534 2664 772 2752 Symplegadas
803 2668 1000 2750 penetravit,
1033 2668 1160 2750 requiro
1184 2663 1360 2741 ύριοῡσα.
1385 2663 1597 2747 Partieipium
1620 2666 1732 2729 aoristi

531 2775 585 2836 ita
615 2776 743 2835 tantum
774 2778 858 2835 reete
889 2792 922 2837 se
953 2771 1102 2846 haberet,
1135 2771 1162 2833 si
1193 2790 1250 2855 pro
1283 2767 1435 2839 ἔπλευσας
1461 2766 1624 2855 legeretur
1646 2768 1731 2853 quud

533 2876 734 2964 significaret
755 2878 814 2940 hue
835 2877 953 2942 οοαύούί.

583 3080 636 3145 Vs.
661 3078 737 3146 565.
761 3080 881 3146 Iasonis
904 3079 944 3145 ad
967 3079 1118 3144 Medeam
1142 3080 1239 3145 verba
1263 3083 1339 3144 sunt

1071 3185 1118 3249 σού
1142 3209 1178 3249 τε
1200 3184 1264 3263 pap
1289 3183 1405 3248 παίδων
1428 3184 1467 3248 τύ
1492 3182 1570 3262 δεῑ;

764 3293 832 3367 ἐμοί
855 3316 889 3354 τε
915 3289 982 3355 λύει
1006 3300 1084 3357 τοῖσι
1108 3292 1275 3368 μέλλουσιν
1299 3292 1412 3362 τέκνοις

765 3398 806 3462 τὰ
832 3396 917 3476 ζῶντ’
941 3399 1057 3472 ύνιῐσαι.

531 3503 643 3570 Schol.
668 3500 759 3577 α”ταξ
783 3503 897 3583 ἐχούσῃ
920 3505 961 3567 τοὶ
987 3503 1019 3580 ἐξ
1044 3505 1118 3578 ἐμοῦ
1144 3503 1189 3571 rie
1214 3525 1258 3565 σοι
1283 3484 1375 3583 χρούα
1399 3501 1503 3565 ἄλλων
1528 3499 1650 3579 τέκνοιν,
1674 3501 1729 3566 sed

530 3615 585 3676 ita
615 3612 831 3695 requireretur
862 3612 893 3672 τύ
924 3607 1049 3686 προσδεῖ
1056 3630 1064 3686 ;
1097 3608 1217 3673 Merito
1241 3610 1345 3693 igitur
1367 3607 1471 3671 haesit
1493 3608 1559 3671 ium
1582 3605 1728 3693 Elmsley

531 3718 696 3783 coniciens
727 3719 833 3792 μέλοι,
866 3736 981 3799 parum
1006 3720 1113 3778 tamen
1138 3718 1221 3798 apte.
1246 3714 1369 3797 Aptum
1393 3712 1612 3777 feretralem
1636 3707 1726 3780 ι’ύλις

531 3825 607 3888 sive
629 3818 735 3894 ἄδην.
760 3819 869 3885 Possis
892 3821 991 3884 etiam

1031 3925 1077 3989 σού
1101 3948 1135 3987 τε
1160 3922 1357 3988 οτλειύνοιν
1380 3923 1413 3987 τύ
1436 3923 1498 3997 διῖ;
1525 3922 1589 3988 ιιτὲ.

583 4142 636 4207 Va.
662 4143 737 4208 901.
763 4136 823 4221 οἶμ’,
847 4137 868 4207 ὦ
892 4140 984 4219 τέκν’,
1009 4139 1084 4206 σύτο
1110 4141 1162 4204 καὶ
1188 4141 1284 4204 πολὺν
1308 4137 1416 4218 ζῶντες
1440 4139 1544 4218 χρόνον

762 4248 887 4327 Φύλνν
911 4248 1029 4326 ὀρέξατ’
1054 4248 1215 4324 dadam

529 4356 640 4422 Miror
668 4360 796 4439 poetam
819 4375 882 4419 nun
905 4350 1074 4430 maluisse,
1099 4352 1184 4437 quud
1208 4354 1255 4417 rei
1279 4358 1395 4417 natura
1418 4352 1569 4436 postulat,
1594 4357 1726 4429 Φύλας

531 4497 580 4512 --
595 4460 719 4524 ιἰλύνα
730 4484 755 4531 ς.

578 4662 632 4728 Vs,
658 4662 734 4728 912.
759 4660 854 4739 ύγνοις
878 4662 908 4726 δὲ
932 4662 986 4736 τὶιν
1011 4669 1183 4727 νικῶσαν
1208 4664 1296 4727 οέλλοὶ
1321 4663 1363 4742 τῷ
1388 4662 1485 4742 χρόνῳ

758 4767 885 4843 βουλήν.
