4525 5950
547 682 612 745 110
922 698 965 745 aa
989 697 1221 746 aarsroraaars
1243 698 1381 747 annana

545 863 786 944 προσβιάζεσθαι
802 863 835 943 1),
856 864 975 940 οὶπαρτθ
989 862 1024 941 ²),
1038 863 1255 940 μαγγανεύειν
1271 864 1306 945 ³),
1320 865 1462 945 πενιχρός
1476 865 1513 945 ⁴),
1527 867 1689 949 [ἀλήθεια]
1703 869 1736 945 5),

544 971 687 1045 ἐκνομθιος
701 969 738 1049 ⁰),
763 968 847 1046 θμνς
864 969 899 1049 ²),
925 971 1052 1042 ὑπήκοος
1067 970 1104 1049 ⁸).

588 1078 616 1140 A
647 1076 741 1141 rebus
772 1079 936 1140 autemst
960 1076 1065 1140 verbis
1089 1081 1126 1139 ut
1150 1076 1188 1139 ad
1213 1097 1328 1141 sonum
1352 1077 1524 1142 verborum
1548 1080 1735 1155 veniamus,

544 1182 609 1247 octa
634 1178 674 1253 εἷς
700 1188 732 1246 et
756 1181 821 1246 οὐδὲ
846 1178 875 1243 ἕν
899 1184 1103 1266 pronomina,
1137 1202 1275 1265 quorum
1299 1181 1389 1247 elisio
1414 1181 1493 1246 olim
1517 1187 1648 1248 nonnisi
1671 1205 1737 1249 raro

543 1289 647 1354 iuerat
677 1286 872 1372 neglectalt,
905 1290 937 1350 in
969 1287 1065 1351 Pluto
1089 1287 1222 1351 demum
1246 1286 1353 1352 fabula
1377 1288 1570 1373 frequentor,
1592 1296 1633 1354 ut
1657 1290 1736 1376 apud

542 1397 749 1468 recentiores,
782 1400 847 1456 tres
878 1391 1017 1479 syllabas
1040 1392 1178 1478 implent
1194 1392 1242 1473 ¹5¹).
1267 1392 1350 1457 Item
1373 1397 1499 1459 novicia
1522 1401 1599 1459 sunt
1624 1391 1658 1467 ἦν
1682 1417 1735 1482 pro

544 1498 627 1578 911),
658 1497 965 1576 ξνμπαραριειγνύιον
996 1519 1054 1583 pro
1086 1498 1240 1577 peden),
1273 1497 1377 1577 ὕβρεος
1412 1521 1469 1584 pro
1492 1500 1609 1580 αςη),
1637 1502 1734 1582 ζήσειν

544 1627 600 1690 pro
629 1606 794 1683 βιώσεσθαι
813 1603 861 1683 ¹⁴),
894 1604 1069 1679 ἐξεπίτηδες
1102 1625 1159 1689 pro
1191 1604 1333 1676 ἐπίτηδες
1346 1605 1397 1683 ¹⁵).
1429 1605 1471 1668 Et
1501 1609 1635 1671 omnino
1660 1607 1735 1672 duri

543 1711 620 1796 quid
650 1711 746 1774 habet
776 1709 872 1774 dictio
896 1715 928 1773 et
952 1709 1127 1773 socordiam
1151 1709 1311 1793 quandam
1336 1712 1434 1774 etiam
1457 1713 1490 1774 in
1513 1712 1609 1776 rebus
1634 1733 1736 1798 gram·

543 1818 669 1880 maticis
702 1821 837 1879 testatur
867 1816 1003 1898 passim;
1036 1834 1117 1898 quae
1150 1817 1276 1899 saepius
1300 1818 1382 1880 vitio
1407 1816 1480 1881 data
1504 1822 1553 1881 ast
1576 1817 1734 1894 librariis,

542 1944 617 1987 cum
649 1929 732 1986 esset
765 1920 923 1985 referenda
953 1923 1037 1984 inter
1067 1919 1185 1985 indicia
1217 1925 1332 1986 aetatis
1362 1920 1471 1986 senilis
1501 1930 1633 2008 poetae,
1658 1945 1736 2009 quac

542 2034 723 2113 portatam
747 2026 889 2091 fabulam
914 2025 1020 2091 oculos
1043 2025 1201 2090 lectorum
1226 2027 1285 2091 hoc
1308 2031 1476 2113 agentium
1500 2028 1686 2094 advertunt.

588 2133 732 2217 Denique
761 2133 848 2197 idem
878 2138 1038 2197 testantur
1067 2132 1189 2195 nominc
1212 2133 1360 2214 propria,
1393 2154 1473 2219 quaa
1504 2138 1647 2200 comicus
1670 2138 1734 2199 suis

540 2243 684 2326 personis
713 2240 810 2303 dedit.
847 2240 978 2301 Chremen
1009 2246 1040 2302 et
1072 2239 1225 2321 Βθορρινιιε
1254 2241 1288 2302 in
1319 2238 1546 2304 Ecclesiaausis
1577 2242 1735 2325 prodeunt

542 2346 681 2411 sodales:
710 2345 879 2428 Chremplus
900 2351 932 2408 et
955 2344 1166 2426 Blcpaidemrca
1187 2347 1222 2407 in
1245 2343 1351 2409 Pluto.
1378 2344 1491 2423 Qualia
1515 2349 1667 2424 nomina,
1693 2342 1732 2417 οἷς

540 2453 684 2532 χρώμεθ’,
710 2445 749 2517 οἷς
776 2447 934 2526 ξύνεσμεν,
958 2450 1017 2514 hac
1041 2450 1170 2514 demum
1192 2456 1295 2515 aetate
1316 2454 1457 2536 personis
1477 2454 1613 2517 scenicis
1635 2454 1733 2518 tribui

541 2565 616 2623 sunt
640 2564 750 2642 coepta
766 2556 813 2636 ¹⁰).
839 2556 925 2620 Olim
948 2557 1081 2619 civitatis
1105 2579 1229 2620 amorem
1253 2556 1307 2621 vel
1334 2558 1450 2621 Cleoma
1474 2559 1573 2621 odiam
1598 2558 1652 2623 vel
1675 2567 1736 2622 σίν·

540 2666 622 2728 dium
645 2664 727 2727 ruric
750 2663 802 2728 vel
820 2664 1027 2744 paracodendi
1045 2663 1191 2744 peritiam
1214 2666 1284 2748 ipso
1307 2667 1436 2728 nomine
1457 2666 1660 2730 testabantur
1679 2668 1733 2750 qui

539 2774 572 2834 in
592 2791 718 2834 scenam
737 2769 921 2854 prodibant:
942 2789 1026 2833 nunc
1047 2790 1063 2832 e
1085 2772 1153 2832 rita
1173 2771 1337 2833 communi
1357 2772 1488 2834 nomina
1508 2770 1732 2848 desumuntur,

541 2913 582 2925 -
607 2878 737 2939 nomina
759 2878 864 2939 inania
888 2880 920 2938 et
943 2881 1053 2950 muta,
1078 2895 1215 2959 quorum
1238 2878 1308 2960 ipsa
1331 2882 1439 2940 tamen
1457 2878 1596 2941 inanitas
1617 2877 1733 2941 disedc

538 2988 676 3047 testatur
699 3003 820 3046 novum
844 2980 1010 3045 advenisse
1034 2986 1174 3065 tempus.

587 3091 696 3152 Chorus
716 3095 843 3163 autam,
864 3090 920 3172 qui
938 3090 1022 3151 inter
1041 3086 1243 3152 humillimas
1262 3088 1355 3152 hasce
1375 3088 1413 3152 de
1433 3090 1523 3153 victu
1543 3090 1730 3174 quotidiano

539 3195 783 3280 disceptationes
813 3195 870 3256 vix
902 3193 997 3256 habet
1022 3192 1105 3276 quod
1129 3200 1223 3277 agat,
1249 3213 1323 3257 cum
1346 3196 1380 3257 in
1405 3192 1502 3258 Pluto
1526 3193 1729 3261 tabulatum

537 3304 571 3364 in
606 3299 831 3364 Ecclesiaausis
865 3299 974 3373 ἠλίθιος
1012 3298 1213 3375 παρέστηκεν,
1239 3298 1338 3362 -id
1373 3298 1458 3383 quod
1493 3298 1532 3364 dc
1567 3300 1730 3365 charontis

538 3405 720 3489 Euripideis
744 3404 848 3467 ridens
871 3402 1039 3487 aliquando
1059 3406 1198 3467 comicus
1218 3404 1432 3487 perhibuerat.
1457 3402 1630 3469 Utiliorem
1650 3405 1729 3471 olim

537 3532 570 3574 se
600 3512 802 3595 praestiterat
833 3509 924 3573 Pacis
955 3507 1080 3573 fabulae
1105 3509 1220 3573 chorus
1244 3512 1277 3573 in
1300 3512 1434 3573 numine
1458 3513 1661 3594 optatissimo
1686 3533 1730 3580 re-

537 3616 678 3681 ducendo
686 3637 693 3693 ;
720 3618 873 3700 quicum
898 3614 1041 3679 advocati
1065 3621 1170 3679 essent
1193 3615 1368 3700 agricolae,
1393 3637 1455 3680 non
1478 3619 1576 3701 nugis
1600 3625 1728 3701 tempus

541 3778 737 3789 —.-.-—-—

572 3860 598 3919 1)
616 3857 655 3905 Vc.
677 3858 713 3905 10.
1014 3858 1041 3916 9)
1059 3856 1099 3907 Va.
1117 3858 1173 3906 333.
1492 3856 1519 3919 3)
1539 3856 1579 3905 Va.
1599 3859 1656 3906 310.

570 3941 598 4003 4)
618 3942 658 3988 Va.
676 3939 733 3991 976.
1010 3942 1036 4000 5)
1057 3939 1097 3987 Va.
1114 3940 1171 3986 891.
1489 3938 1517 3994 5)
1537 3939 1577 3987 Va.
1595 3939 1653 3997 981,
1671 3939 1726 3988 999.

572 4021 598 4083 7)
618 4023 657 4070 Va.
676 4023 734 4071 aaa.
1009 4022 1033 4078 8)
1052 4019 1090 4067 νε.
1111 4020 1167 4067 lat.

571 4106 598 4168 9)
622 4105 665 4168 aq.
684 4105 731 4152 509
755 4104 807 4166 Lya.
827 4105 891 4151 1044
916 4102 1043 4152 1115997
1064 4101 1156 4149 Gratia.
1175 4101 1205 4148 ir.
1223 4101 1272 4149 309
1296 4101 1386 4150 Cratet.
1407 4101 1436 4147 14
1454 4100 1541 4163 ΕοροΙ.
1560 4101 1640 4159 357·;
1661 4101 1727 4150 Plati

536 4188 631 4235 demum
648 4191 755 4249 tempore
772 4185 835 4233 hunc
853 4200 943 4232 morem
961 4183 1089 4231 invaluisse
1107 4197 1232 4247 perperam
1248 4182 1367 4231 statuebat
1384 4183 1473 4231 Ritter.

570 4270 614 4332 10)
632 4268 696 4316 Plut.
716 4267 755 4325 31,
775 4268 830 4325 133,
848 4266 904 4322 810,
923 4267 997 4324 1115,
1015 4266 1089 4313 1189.

570 4352 612 4411 11)
628 4349 683 4397 Vid.
700 4361 772 4413 snpra
790 4364 841 4412 pag.
861 4348 936 4411 bbaq.

569 4433 613 4494 19)
632 4430 670 4480 Va.
688 4428 744 4480 tia.
763 4430 832 4493 Quod
851 4429 946 4477 unicam
964 4434 999 4477 eat
1017 4428 1042 4476 in
1060 4432 1139 4477 vetera
1153 4427 1273 4475 comoedia
1288 4427 1358 4476 haias
1373 4427 1569 4476 conformationis
1578 4428 1724 4492 exemplam

535 4529 582 4563 noa
600 4512 663 4560 enim
680 4511 727 4559 huc
744 4515 799 4559 sunt
818 4510 935 4558 referendi
953 4510 998 4559 loci
1017 4509 1056 4558 ubi
1074 4525 1117 4575 per
1134 4514 1237 4557 metrum
1255 4508 1315 4558 nihil
1334 4509 1411 4557 obatat
1425 4509 1553 4573 quominaa
1566 4510 1645 4574 prisca
1659 4510 1727 4558 reati·

534 4600 617 4644 tuatur
633 4594 710 4642 forma
726 4593 782 4653 (vid.
801 4594 844 4641 dv.
864 4593 929 4653 590).

569 4678 612 4739 13)
631 4675 668 4724 Va.
690 4675 760 4722 1044.
1030 4674 1073 4737 14)
1091 4671 1129 4721 Va⁴
1149 4673 1207 4721 953.
1460 4674 1502 4735 15)
1520 4672 1556 4721 Va
1582 4673 1639 4722 913.

567 4758 610 4820 10)
628 4756 745 4805 Scientcm
770 4771 807 4803 me
829 4756 953 4819 neglegere
975 4756 1052 4815 locos,
1074 4755 1156 4819 quales
1181 4758 1238 4802 auat
1256 4752 1323 4818 Veap.
1344 4754 1392 4802 939
1402 4768 1452 4817 aqq.
1476 4754 1531 4803 Pac.
1552 4755 1626 4813 1155,
1645 4758 1725 4818 utpote

530 4840 561 4890 ab
578 4840 623 4888 hoc
641 4842 780 4903 argumento
797 4837 901 4898 alienos,
917 4838 956 4887 vix
974 4839 1088 4903 estquod
1106 4838 1191 4887 dicam.
