4525 5950
963 702 1106 753 neamus.
1584 687 1628 753 95

425 873 530 937 idem.
563 870 635 935 Hoc
664 874 771 934 tamen
803 869 911 932 minus
942 869 1041 932 etiam
1071 888 1089 932 e
1118 866 1222 931 Taciti
1253 867 1360 932 verbis
1390 873 1521 953 apparet
1551 869 1628 952 quid

426 976 562 1040 ridiculi
596 975 745 1040 habuerit
779 972 916 1057 Togonii
951 974 1118 1037 sententia.
1156 970 1276 1037 Melius
1310 994 1366 1037 nos
1401 971 1463 1037 Dio
1499 970 1629 1039 Cassius

429 1081 500 1162 (58,
518 1078 574 1160 17)
607 1080 716 1144 edocet
748 1077 963 1143 observando:
997 1079 1063 1154 „sic
1086 1075 1283 1142 efficiebatur
1306 1092 1344 1141 ut
1367 1079 1509 1140 adversae
1531 1078 1629 1160 iprum

428 1193 567 1250 amotum
601 1192 692 1250 tutus
727 1192 810 1249 esset
845 1182 1026 1248 Tiberius’'.
1063 1183 1106 1246 Et
1138 1204 1264 1260 revera,
1296 1186 1380 1248 sicut
1410 1182 1471 1248 Dio
1503 1181 1631 1249 Cassius

429 1298 536 1358 totam
561 1292 642 1356 hanc
665 1310 734 1355 rem
757 1288 874 1366 tradit,
898 1291 931 1352 in
951 1309 989 1352 ea
1009 1291 1086 1353 satis
1105 1291 1190 1353 inest
1209 1288 1355 1353 ridiculi:
1374 1292 1402 1353 is
1422 1292 1509 1354 enim
1521 1311 1631 1354 revera

433 1400 469 1461 ad
500 1399 568 1479 ipro
597 1403 703 1460 seam
725 1397 873 1459 decretum
897 1415 964 1459 esse
987 1400 1096 1459 narrat
1119 1399 1157 1458 ut
1181 1394 1338 1459 eiusmodi
1361 1395 1556 1480 praesidium
1579 1395 1632 1461 Ti·

434 1506 522 1568 berio
542 1503 755 1588 praeberetur.
776 1501 863 1577 Hoc,
883 1506 922 1564 ut
940 1503 1062 1585 opinor,
1083 1498 1343 1578 ridiculumest,
1361 1504 1470 1586 ipsum
1483 1510 1628 1567 senatum

430 1608 593 1673 declarare
621 1609 656 1670 in
679 1611 792 1671 senatu
815 1611 884 1670 tam
909 1626 1024 1690 parum
1047 1612 1158 1670 tutum
1181 1626 1249 1670 esse
1271 1609 1515 1691 imperat-orem,
1539 1615 1577 1671 ut
1599 1610 1630 1672 ei

429 1713 591 1799 praesidio
621 1733 701 1797 opus
725 1714 768 1776 sit
791 1717 926 1776 armato.
952 1712 996 1774 At
1020 1717 1145 1776 senator
1168 1710 1331 1798 Togonius
1354 1714 1387 1776 iu
1412 1733 1482 1777 eam
1508 1720 1631 1778 seuten-

431 1822 517 1884 tiam
540 1817 722 1883 declamans
745 1836 849 1901 neque
872 1815 1028 1882 ridiculus
1051 1822 1100 1881 eet
1122 1837 1225 1901 noque
1248 1816 1352 1881 videri
1375 1816 1465 1882 volt:
1489 1817 1632 1903 perfidis·

430 1929 517 1990 sima
535 1926 798 2008 astutissimaque
818 1921 1058 1987 insimulatione
1070 1922 1156 1986 haud
1167 1943 1284 2007 paucos
1296 1927 1457 1988 senatores
1469 1932 1633 2009 suspectos

430 2030 567 2096 reddere
586 2036 619 2094 et
637 2032 672 2093 in
692 2031 779 2093 vitae
799 2028 954 2093 adducere
974 2028 1145 2093 discrimen
1165 2028 1273 2093 studet
1292 2034 1330 2092 ut
1348 2027 1481 2093 illorum
1494 2033 1632 2114 pernicie

430 2144 556 2201 crescat
578 2137 657 2219 ipse.
682 2134 774 2199 Nunc
798 2133 930 2198 demum
955 2140 1087 2218 apparet
1111 2155 1205 2218 quam
1232 2140 1414 2218 praestans,
1439 2156 1534 2220 quam
1559 2143 1633 2221 apta

431 2241 655 2327 prudensque·
673 2238 793 2304 Tiberii
829 2238 927 2304 luerit
961 2238 1113 2324 epistola,
1148 2260 1244 2324 quam
1275 2238 1370 2323 paulo
1403 2246 1475 2324 post
1502 2241 1632 2306 Tacitus

433 2349 689 2419 commemorat,
722 2363 785 2428 qua
807 2365 870 2408 non
893 2343 998 2408 hercle
1023 2346 1123 2408 animi
1147 2365 1242 2409 causa
1266 2343 1427 2420 „ludibria
1451 2348 1541 2410 seriis
1564 2368 1634 2432 per-

433 2451 572 2516 miscet'’
597 2448 762 2526 Tiberius,
785 2449 841 2514 sed
863 2452 898 2513 in
918 2471 951 2514 re
971 2452 1165 2535 gravissima
1184 2452 1300 2534 optimi
1320 2453 1472 2537 principis
1492 2451 1634 2517 luculen-

433 2566 508 2621 tum
546 2552 713 2639 simulque·
742 2554 882 2619 facetum
918 2555 972 2618 dat
1003 2554 1242 2619 documentum.
1279 2555 1445 2620 Postremo
1475 2559 1545 2641 ipsa
1576 2556 1632 2621 illa

431 2659 571 2745 epistola
594 2658 733 2724 declarat
756 2665 833 2724 tunc
856 2658 895 2724 de
918 2660 1075 2744 praesidio
1099 2659 1228 2724 Tiberio
1253 2659 1355 2724 dando
1379 2668 1500 2724 senatur
1518 2662 1633 2725 consol-

431 2774 498 2829 tam
519 2765 645 2848 factum
669 2786 737 2829 esso
760 2764 851 2849 (quid
875 2767 962 2830 enim
985 2766 1048 2829 sibi
1072 2763 1200 2830 volebat
1223 2762 1298 2841 illa,
1322 2766 1350 2828 si
1373 2764 1455 2829 nihil
1479 2765 1518 2830 ad
1541 2766 1633 2832 Tibe·

431 2875 522 2936 rium
554 2869 695 2935 relatum
726 2876 794 2935 erat
825 2872 888 2934 nisi
911 2870 987 2936 hoc:
1011 2894 1101 2934 unam
1123 2879 1286 2934 senatorem
1309 2873 1470 2936 censuisse
1493 2871 1577 2937 illud
1600 2879 1633 2938 et

431 2999 491 3063 per
522 2975 736 3042 deridiculum
767 2998 834 3042 esse
866 2974 1049 3057 aeditumi)
1078 2983 1173 3062 atque
1196 2976 1299 3042 Taciti
1322 2980 1538 3043 narrationem
1562 2986 1629 3045 tam

432 3104 503 3148 ease
526 3084 747 3167 imperfectam
772 3091 810 3146 ot
832 3104 925 3147 sensu
950 3103 1037 3147 cassa
1061 3082 1164 3147 videri
1187 3085 1297 3168 possit.

480 3186 642 3272 Denique,
667 3189 695 3251 si
719 3190 790 3271 quis
813 3188 913 3252 aniles
933 3187 1037 3252 Taciti
1056 3208 1160 3274 nugae
1178 3185 1216 3252 de
1236 3191 1463 3273 superstitione
1479 3192 1629 3275 quamvis

434 3291 573 3358 absurda
596 3313 785 3377 cognoscere
808 3296 912 3378 cupit,
937 3295 965 3356 is
989 3294 1071 3357 mihi
1092 3291 1167 3357 libri
1191 3291 1234 3357 Vl
1259 3292 1346 3379 legat
1370 3301 1466 3379 caput
1490 3296 1551 3360 22:
1577 3297 1629 3361 ad-

435 3419 551 3464 versus
571 3398 871 3463 mathematicorum
892 3397 1017 3462 fraudes
1040 3403 1107 3462 tam
1128 3418 1243 3482 parum
1266 3398 1398 3462 firmum
1419 3421 1451 3464 se
1472 3403 1526 3464 vix
1546 3405 1630 3487 quis·

433 3525 533 3589 quam
566 3524 709 3587 unquam
735 3505 896 3587 praestitit
918 3524 1015 3588 quam
1039 3501 1189 3608 hocloco
1213 3501 1435 3569 nobilissimus
1459 3506 1630 3574 historicus

435 3617 555 3672 noster.

885 3727 1183 3809 (contunduntur).
