4525 5950
975 689 1116 738 rscrrus.
1595 669 1637 738 73

436 858 556 921 reticet
579 854 727 932 Tacitus,
751 860 784 920 et
807 859 853 920 sio
879 862 983 921 toturn
1008 855 1045 919 de
1069 854 1203 919 Othonis
1223 862 1326 920 morte
1346 854 1452 921 locum
1473 857 1519 920 ita
1538 855 1642 921 detor-

438 969 520 1047 quet
558 969 596 1026 ut
632 964 805 1026 narrationi
844 965 984 1048 tragicae
1022 961 1077 1026 fiat
1115 965 1228 1047 aptior.
1271 963 1395 1027 Reticet
1433 983 1641 1048 quaecunque

438 1069 636 1133 documento
666 1077 742 1133 sunt
772 1068 988 1152 desperatione
1018 1067 1178 1133 Othonem
1210 1068 1249 1132 ad
1280 1076 1419 1133 mortem
1443 1075 1568 1144 actum;
1594 1071 1639 1133 sio

437 1173 497 1238 ille
531 1175 623 1239 heros
646 1173 682 1237 fit
706 1176 867 1260 tragicus,
891 1176 946 1256 qui
971 1173 1093 1238 dnobus
1117 1172 1268 1238 inclaruit
1292 1174 1503 1250 facinoribus,
1536 1173 1637 1239 altero

438 1281 694 1366 flagitiosissimo
725 1279 826 1344 altero
857 1281 1007 1364 egregio;
1032 1277 1170 1343 alterum
1194 1278 1275 1343 illud
1301 1280 1423 1344 facinus
1445 1278 1639 1343 Plutarchus

437 1410 501 1452 non
527 1387 675 1469 eprepa'am
700 1393 791 1450 vocat
814 1384 886 1461 sed,
911 1385 1015 1450 multo
1040 1385 1270 1462 verecundius,
1296 1384 1540 1462 raperemur&

485 1493 550 1557 Hic
582 1493 665 1556 mihi
696 1491 917 1556 Mommsenus
946 1493 1015 1575 ipse
1038 1492 1141 1557 facere
1166 1491 1294 1556 videtur
1316 1492 1401 1576 qnod
1424 1489 1535 1556 l'acito
1559 1492 1640 1555 vitio

437 1599 512 1662 dat:
545 1604 584 1662 ut
615 1596 679 1662 alia
701 1599 851 1673 reticeat,
878 1595 942 1661 alia
966 1596 1175 1683 distorqueat.
1200 1597 1283 1676 Quid
1307 1597 1505 1682 distorqueat
1528 1602 1638 1683 sponte

436 1711 590 1790 apparet,
615 1704 691 1789 qnid
716 1706 848 1768 reticeat
871 1703 997 1768 duobus
1020 1704 1106 1768 hisce
1130 1702 1207 1768 locis
1232 1706 1354 1789 optima
1377 1702 1576 1768 illustratur:

486 1813 526 1874 Α.
552 1808 743 1885 Suetonius,
767 1808 845 1874 licet
868 1809 995 1873 disertis
1019 1810 1124 1874 verbis
1150 1809 1250 1874 dicat:
1274 1809 1354 1872 nulli
1372 1832 1494 1891 payacc
1516 1808 1636 1894 adsuit,

437 1914 578 1979 Othonis
609 1920 746 1979 mortem
778 1914 1006 1994 apamea
1039 1917 1138 1980 etiam
1169 1915 1291 1980 reddit:
1319 1915 1409 1980 affert
1432 1918 1518 1980 anim
1542 1937 1569 1979 c.
1596 1914 1638 1978 10

437 2024 666 2086 testimonium
697 2020 805 2106 (idque
834 2023 884 2084 aci
907 2021 1024 2103 patrie)
1056 2021 1214 2086 Othonem
1246 2044 1359 2104 semper
1390 2020 1510 2086 bellum
1542 2020 1636 2085 civile

435 2149 507 2192 esse
540 2127 751 2203 detestatum,
784 2132 816 2192 at
846 2127 1006 2210 quomodo
1038 2127 1160 2192 Othoni
1190 2126 1360 2192 consilium
1392 2131 1442 2192 sui
1473 2126 1636 2191 occidendi

435 2241 552 2298 natum
571 2236 613 2297 sit
624 2236 805 2297 narratione
818 2232 959 2298 illustrat
971 2233 1010 2298 ad
1023 2236 1148 2298 animos
1161 2233 1407 2298 commovendos
1419 2235 1585 2317 aptissima
1600 2231 1634 2311 ¹).

484 2338 521 2403 B.
558 2338 627 2403 Iam
647 2337 808 2404 Martialis
829 2347 972 2424 tempore
992 2341 1138 2404 exstabat
1152 2338 1369 2416 „dramatico”
1381 2337 1489 2403 illade
1502 2337 1636 2402 Othonis

436 2452 545 2510 morte
568 2446 675 2529 opinio
698 2443 751 2521 VI,
775 2444 835 2509 32:

622 2547 706 2615 Oum
731 2550 883 2613 dubitaret
905 2552 1003 2613 adhuc
1026 2548 1102 2614 belli
1126 2549 1233 2614 civilis
1256 2549 1367 2636 Enyo,

667 2655 811 2720 Forsitan
836 2663 869 2721 et
892 2655 1002 2721 mollis
1025 2657 1143 2720 vincere
1160 2663 1263 2738 poaaet
1287 2656 1389 2729 Otho,

621 2760 796 2826 Damnavit
820 2761 925 2827 multo
950 2770 1112 2827 staturum
1137 2765 1293 2848 sanguine
1318 2762 1475 2837 Martem,

666 2867 708 2931 Et
732 2868 812 2932 fodit
835 2875 921 2932 certa
945 2877 1073 2953 pectora
1095 2875 1163 2933 tota
1186 2890 1293 2933 manu.

620 2974 670 3039 Sit
695 2971 791 3051 Oato,
817 2974 896 3039 dum
918 2977 1017 3053 vivit,
1043 2996 1117 3039 sane
1141 2974 1194 3039 vel
1219 2974 1353 3041 ansare
1377 2976 1495 3039 maior:

665 3079 752 3144 Dum
776 3083 923 3159 moritur,
948 3081 1106 3165 numquid
1131 3084 1233 3145 maior
1256 3079 1380 3145 Othone
1403 3077 1484 3144 fuit?

481 3185 519 3250 In
545 3185 668 3251 deliciis
691 3207 759 3252 asse
783 3188 823 3249 rai
850 3188 987 3264 τραγικά
1013 3187 1122 3251 Tacito
1147 3194 1270 3252 constat
1290 3195 1320 3250 et
1341 3189 1402 3271 ipsi
1421 3187 1455 3250 id
1475 3184 1631 3269 exemplis

434 3293 654 3357 demonstrare
678 3296 782 3357 conati
806 3314 934 3371 eumus;
958 3294 1013 3358 sed
1033 3293 1116 3378 quod
1135 3293 1319 3378 exemplum
1341 3294 1392 3358 hio
1412 3294 1633 3357 Mommsenus

435 3397 569 3475 attulit,
594 3398 627 3462 id
651 3401 740 3483 prius
764 3398 858 3463 finxit
880 3402 957 3484 ipse.

483 3504 527 3567 H.
551 3503 592 3579 II,
619 3504 671 3570 51.
696 3505 772 3569 Post
796 3526 939 3590 pugnam
965 3505 1224 3570 Bedriacensem:

485 3630 636 3685 „earum,
673 3631 753 3694 quae
790 3609 921 3675 Brixelli
957 3618 1107 3697 egerant,
1140 3612 1321 3676 cohortium
1354 3631 1462 3695 preces
1492 3610 1634 3675 Rubrius

436 3714 555 3782 Gallus
587 3716 680 3791 tulit,
712 3725 744 3780 et
775 3719 869 3780 venia
892 3719 1003 3782 statim
1026 3720 1215 3802 impetrata,
1241 3717 1485 3781 concedentibus
1508 3716 1547 3780 ad
1571 3719 1634 3780 vio·

436 3829 541 3887 torem
564 3843 621 3906 per
644 3821 797 3886 Flavium
821 3821 978 3886 Sabinum
999 3826 1039 3887 iis
1063 3826 1163 3908 copiis
1186 3824 1302 3908 quibus
1325 3821 1540 3908 praefuerat”.

481 3929 562 3992 Post
593 3928 814 3991 concedentibus
844 3929 988 3993 Ritterus
1018 3932 1156 3993 inseruit
1187 3953 1315 4014 qaoque,
1346 3929 1400 3993 sed
1430 3932 1476 3993 ita
1504 3932 1630 4013 ingrate

432 4037 518 4098 inter
541 4054 575 4097 se
597 4036 779 4119 iunguntur
802 4033 882 4099 duae
903 4055 951 4099 res
972 4035 1126 4100 diversae.
1152 4034 1310 4119 Equidem
1330 4034 1470 4100 ablativo
1482 4033 1628 4099 absoluto

434 4139 660 4202 concedentibus
784 4140 824 4202 iia
847 4140 959 4221 copiis,
984 4144 1096 4224 opinor
1120 4142 1264 4204 rationem
1287 4142 1375 4204 reddi
1398 4163 1455 4205 our
1477 4141 1628 4205 adversus

432 4245 581 4310 cohortes
611 4243 684 4308 illas
715 4253 781 4308 tarn
813 4244 986 4330 placabiles
1018 4246 1138 4311 fuerint
1169 4250 1322 4324 victores;
1355 4269 1417 4311 non
1449 4250 1533 4310 euim
1559 4247 1630 4312 leve

433 4360 502 4415 arat
528 4350 612 4435 quod
635 4349 711 4415 illae
734 4354 841 4436 copiae
865 4353 1053 4429 transibant,
1079 4373 1160 4437 quae
1184 4352 1280 4436 paulo
1305 4358 1376 4417 ante
1397 4359 1435 4430 (o.
1458 4351 1500 4415 35
1514 4359 1574 4437 sq.)
1596 4356 1629 4417 in

431 4454 554 4542 proelio
586 4454 661 4532 illo,
695 4456 779 4540 quod
809 4456 922 4521 navale
947 4456 1012 4522 fere
1038 4458 1117 4533 fuit,
1143 4465 1232 4522 tanta
1256 4459 1467 4523 exhibuerant
1490 4462 1629 4543 negotia.

468 4722 495 4783 Ι)
518 4721 566 4769 Illa
588 4720 696 4769 namatio
719 4734 766 4768 nnn
789 4724 825 4769 est
847 4721 910 4784 apud
935 4720 1045 4771 Tacitum
1069 4738 1096 4770 ao
1122 4722 1186 4780 loco,
1206 4721 1245 4771 ubi
1263 4724 1291 4772 da
1309 4724 1406 4773 Othone
1422 4723 1514 4787 agitur,
1535 4725 1631 4775 demum

433 4801 483 4861 111,
501 4804 534 4851 54
552 4801 649 4865 legitur,
668 4800 708 4850 nbi
728 4800 819 4850 Vitellii
836 4816 875 4850 res
890 4805 1036 4852 tractantur.
