<?xml version="1.0" encoding="UTF-8"?>
<!DOCTYPE html PUBLIC "-//W3C//DTD XHTML 1.0 Transitional//EN"
    "http://www.w3.org/TR/xhtml1/DTD/xhtml1-transitional.dtd">
<html xmlns="http://www.w3.org/1999/xhtml" xml:lang="en" lang="en">
 <head>
  <title>
</title>
<meta http-equiv="Content-Type" content="text/html;charset=utf-8" />
  <meta name='ocr-system' content='tesseract 3.04.00' />
  <meta name='ocr-capabilities' content='ocr_page ocr_carea ocr_par ocr_line ocrx_word'/>
</head>
<body>
  <div class='ocr_page' id='page_1' title='image "./mnemosyne07verdgoog_0137.png"; bbox 0 0 4525 5950; ppageno 0'>
   <div class='ocr_carea' id='block_1_1' title="bbox 626 679 1338 748">
    <p class='ocr_par' dir='ltr' id='par_1_1' title="bbox 626 679 1338 748">
     <span class='ocr_line' id='line_1_1' title="bbox 626 679 1338 748; baseline 0.003 -4"><span class='ocrx_word' id='word_1_1' title='bbox 626 679 692 744; x_wconf 78' lang='lat'><strong>120</strong></span> <span class='ocrx_word' id='word_1_2' title='bbox 1098 698 1338 748; x_wconf 80' lang='lat' dir='ltr'><strong>nruosrssnrs.</strong></span> 
     </span>
    </p>
   </div>
   <div class='ocr_carea' id='block_1_2' title="bbox 623 862 1821 1137">
    <p class='ocr_par' dir='ltr' id='par_1_2' title="bbox 623 862 1821 1137">
     <span class='ocr_line' id='line_1_2' title="bbox 624 862 1820 951; baseline 0.005 -27"><span class='ocrx_word' id='word_1_3' title='bbox 624 882 696 924; x_wconf 93' lang='lat' dir='ltr'><strong>cum</strong></span> <span class='ocrx_word' id='word_1_4' title='bbox 730 864 825 926; x_wconf 90' lang='lat' dir='ltr'><strong>ceteri</strong></span> <span class='ocrx_word' id='word_1_5' title='bbox 856 862 920 926; x_wconf 83' lang='lat' dir='ltr'><strong>fere</strong></span> <span class='ocrx_word' id='word_1_6' title='bbox 952 862 1120 938; x_wconf 72' lang='grc' dir='ltr'><strong><em>πρεσβείας</em></strong></span> <span class='ocrx_word' id='word_1_7' title='bbox 1153 863 1306 941; x_wconf 80' lang='lat' dir='ltr'><strong>habeant3</strong></span> <span class='ocrx_word' id='word_1_8' title='bbox 1332 863 1414 927; x_wconf 94' lang='lat' dir='ltr'><strong>mihi</strong></span> <span class='ocrx_word' id='word_1_9' title='bbox 1439 864 1569 948; x_wconf 89' lang='lat' dir='ltr'><strong>quidem</strong></span> <span class='ocrx_word' id='word_1_10' title='bbox 1593 865 1716 951; x_wconf 82' lang='lat' dir='ltr'><strong>placet:</strong></span> <span class='ocrx_word' id='word_1_11' title='bbox 1746 869 1820 943; x_wconf 78' lang='grc' dir='ltr'><strong>ὑπὲρ</strong></span> 
     </span>
     <span class='ocr_line' id='line_1_3' title="bbox 624 961 1821 1059; baseline 0.007 -30"><span class='ocrx_word' id='word_1_12' title='bbox 624 961 658 1029; x_wconf 85' lang='grc' dir='ltr'><strong>οὗ</strong></span> <span class='ocrx_word' id='word_1_13' title='bbox 690 967 776 1042; x_wconf 76' lang='grc' dir='ltr'><strong><em>ὑμεῖς</em></strong></span> <span class='ocrx_word' id='word_1_14' title='bbox 809 967 892 1040; x_wconf 75' lang='grc' dir='ltr'><strong>τρὶς</strong></span> <span class='ocrx_word' id='word_1_15' title='bbox 917 969 1061 1045; x_wconf 78' lang='grc' dir='ltr'><strong><em>πρέσβεις</em></strong></span> <span class='ocrx_word' id='word_1_16' title='bbox 1087 968 1273 1045; x_wconf 77' lang='grc' dir='ltr'><strong><em>ἐπέμψατε,</em></strong></span> <span class='ocrx_word' id='word_1_17' title='bbox 1298 968 1383 1053; x_wconf 90' lang='lat' dir='ltr'><strong>quod</strong></span> <span class='ocrx_word' id='word_1_18' title='bbox 1407 990 1463 1033; x_wconf 88' lang='lat' dir='ltr'><strong>cur</strong></span> <span class='ocrx_word' id='word_1_19' title='bbox 1486 976 1626 1054; x_wconf 80' lang='lat' dir='ltr'><strong>praestet</strong></span> <span class='ocrx_word' id='word_1_20' title='bbox 1648 993 1711 1037; x_wconf 92' lang='lat' dir='ltr'><strong>non</strong></span> <span class='ocrx_word' id='word_1_21' title='bbox 1738 994 1821 1059; x_wconf 90' lang='lat' dir='ltr'><strong>opus</strong></span> 
     </span>
     <span class='ocr_line' id='line_1_4' title="bbox 623 1071 946 1137; baseline 0 -1"><span class='ocrx_word' id='word_1_22' title='bbox 623 1078 671 1136; x_wconf 89' lang='lat' dir='ltr'><strong>est</strong></span> <span class='ocrx_word' id='word_1_23' title='bbox 694 1071 808 1136; x_wconf 88' lang='lat' dir='ltr'><strong>diserte</strong></span> <span class='ocrx_word' id='word_1_24' title='bbox 833 1071 946 1137; x_wconf 87' lang='lat' dir='ltr'><strong>dicere.</strong></span> 
     </span>
    </p>
   </div>
   <div class='ocr_carea' id='block_1_3' title="bbox 616 1285 1819 4012">
    <p class='ocr_par' dir='ltr' id='par_1_3' title="bbox 616 1285 1819 4012">
     <span class='ocr_line' id='line_1_5' title="bbox 667 1285 1287 1372; baseline 0.002 -23"><span class='ocrx_word' id='word_1_25' title='bbox 667 1289 684 1370; x_wconf 61' lang='grc' dir='ltr'><strong>ξ</strong></span> <span class='ocrx_word' id='word_1_26' title='bbox 706 1285 749 1349; x_wconf 85' lang='grc'><strong>40</strong></span> <span class='ocrx_word' id='word_1_27' title='bbox 773 1307 803 1370; x_wconf 93' lang='lat' dir='ltr'><strong>p.</strong></span> <span class='ocrx_word' id='word_1_28' title='bbox 830 1285 884 1351; x_wconf 86' lang='lat'><strong>86.</strong></span> <span class='ocrx_word' id='word_1_29' title='bbox 909 1285 1046 1371; x_wconf 79' lang='lat' dir='ltr'><strong>Legitur</strong></span> <span class='ocrx_word' id='word_1_30' title='bbox 1070 1289 1287 1372; x_wconf 81' lang='lat' dir='ltr'><strong>epigramma:</strong></span> 
     </span>
     <span class='ocr_line' id='line_1_6' title="bbox 805 1392 1568 1472; baseline 0.003 -17"><span class='ocrx_word' id='word_1_31' title='bbox 805 1392 899 1455; x_wconf 80' lang='grc' dir='ltr'><strong><em>Τι’νθε</em></strong></span> <span class='ocrx_word' id='word_1_32' title='bbox 925 1392 1144 1468; x_wconf 68' lang='grc' dir='ltr'><strong>καθιδρύσαντο</strong></span> <span class='ocrx_word' id='word_1_33' title='bbox 1169 1395 1222 1472; x_wconf 76' lang='grc' dir='ltr'><strong>θεῷ</strong></span> <span class='ocrx_word' id='word_1_34' title='bbox 1247 1396 1439 1471; x_wconf 71' lang='grc' dir='ltr'><strong>περικαλλέα</strong></span> <span class='ocrx_word' id='word_1_35' title='bbox 1462 1394 1568 1471; x_wconf 82' lang='grc' dir='ltr'><strong><em>βοιμθν</em></strong></span> 
     </span>
     <span class='ocr_line' id='line_1_7' title="bbox 851 1498 1578 1577; baseline 0.001 -16"><span class='ocrx_word' id='word_1_36' title='bbox 851 1506 971 1572; x_wconf 71' lang='grc' dir='ltr'><strong><em>Λευκῆς</em></strong></span> <span class='ocrx_word' id='word_1_37' title='bbox 997 1499 1048 1561; x_wconf 76' lang='grc' dir='ltr'><strong><em>καὶ</em></strong></span> <span class='ocrx_word' id='word_1_38' title='bbox 1074 1503 1212 1572; x_wconf 78' lang='grc' dir='ltr'><strong><em>Πτελέης</em></strong></span> <span class='ocrx_word' id='word_1_39' title='bbox 1238 1499 1352 1573; x_wconf 87' lang='grc' dir='ltr'><strong><em>μέσσον</em></strong></span> <span class='ocrx_word' id='word_1_40' title='bbox 1376 1498 1438 1577; x_wconf 76' lang='grc' dir='ltr'><strong><em>ὅρον</em></strong></span> <span class='ocrx_word' id='word_1_41' title='bbox 1462 1501 1578 1575; x_wconf 86' lang='grc' dir='ltr'><strong><em>θέμενοι</em></strong></span> 
     </span>
     <span class='ocr_line' id='line_1_8' title="bbox 805 1603 1522 1683; baseline 0.008 -18"><span class='ocrx_word' id='word_1_42' title='bbox 805 1603 943 1666; x_wconf 78' lang='grc' dir='ltr'><strong><em>ἐνναέται</em></strong></span> <span class='ocrx_word' id='word_1_43' title='bbox 967 1605 1066 1683; x_wconf 79' lang='grc' dir='ltr'><strong><em>χώρης</em></strong></span> <span class='ocrx_word' id='word_1_44' title='bbox 1092 1607 1236 1678; x_wconf 71' lang='grc' dir='ltr'><strong><em>σημήιον·</em></strong></span> <span class='ocrx_word' id='word_1_45' title='bbox 1262 1606 1465 1683; x_wconf 68' lang='grc' dir='ltr'><strong><em>ἀμμορίης</em></strong></span> <span class='ocrx_word' id='word_1_46' title='bbox 1491 1605 1522 1671; x_wconf 74' lang='grc' dir='ltr'><strong>δὲ</strong></span> 
     </span>
     <span class='ocr_line' id='line_1_9' title="bbox 851 1707 1581 1789; baseline 0.008 -18"><span class='ocrx_word' id='word_1_47' title='bbox 851 1711 942 1778; x_wconf 73' lang='grc' dir='ltr'><strong><em>αὐτὸς</em></strong></span> <span class='ocrx_word' id='word_1_48' title='bbox 967 1707 1048 1786; x_wconf 76' lang='grc' dir='ltr'><strong><em>ἄναξ</em></strong></span> <span class='ocrx_word' id='word_1_49' title='bbox 1073 1711 1220 1787; x_wconf 77' lang='grc' dir='ltr'><strong><em>μακάρων</em></strong></span> <span class='ocrx_word' id='word_1_50' title='bbox 1245 1712 1290 1775; x_wconf 77' lang='grc' dir='ltr'><strong>έςὶ</strong></span> <span class='ocrx_word' id='word_1_51' title='bbox 1315 1711 1406 1785; x_wconf 79' lang='grc' dir='ltr'><strong><em>μέσοι</em></strong></span> <span class='ocrx_word' id='word_1_52' title='bbox 1433 1715 1581 1789; x_wconf 76' lang='grc' dir='ltr'><strong><em>Κρονίδης.</em></strong></span> 
     </span>
     <span class='ocr_line' id='line_1_10' title="bbox 623 1815 1819 1902; baseline 0.003 -21"><span class='ocrx_word' id='word_1_53' title='bbox 623 1816 686 1881; x_wconf 87' lang='lat' dir='ltr'><strong>Hic</strong></span> <span class='ocrx_word' id='word_1_54' title='bbox 709 1817 840 1880; x_wconf 82' lang='lat' dir='ltr'>haerent</span> <span class='ocrx_word' id='word_1_55' title='bbox 863 1819 1053 1900; x_wconf 77' lang='lat' dir='ltr'><strong>interpretes</strong></span> <span class='ocrx_word' id='word_1_56' title='bbox 1076 1815 1244 1901; x_wconf 81' lang='lat' dir='ltr'><strong>multoque</strong></span> <span class='ocrx_word' id='word_1_57' title='bbox 1269 1817 1373 1880; x_wconf 90' lang='lat' dir='ltr'><strong>moliti</strong></span> <span class='ocrx_word' id='word_1_58' title='bbox 1398 1826 1473 1881; x_wconf 89' lang='lat' dir='ltr'><strong>sunt</strong></span> <span class='ocrx_word' id='word_1_59' title='bbox 1496 1839 1576 1902; x_wconf 84' lang='lat' dir='ltr'><strong>ques</strong></span> <span class='ocrx_word' id='word_1_60' title='bbox 1598 1825 1742 1902; x_wconf 81' lang='lat' dir='ltr'><strong>praestet</strong></span> <span class='ocrx_word' id='word_1_61' title='bbox 1765 1821 1819 1884; x_wconf 92' lang='lat' dir='ltr'><strong>ob-</strong></span> 
     </span>
     <span class='ocr_line' id='line_1_11' title="bbox 622 1921 1818 2010; baseline 0.004 -25"><span class='ocrx_word' id='word_1_62' title='bbox 622 1921 733 1986; x_wconf 88' lang='lat' dir='ltr'><strong>livioni</strong></span> <span class='ocrx_word' id='word_1_63' title='bbox 759 1921 899 1998; x_wconf 84' lang='lat' dir='ltr'><strong>tradere;</strong></span> <span class='ocrx_word' id='word_1_64' title='bbox 924 1924 951 1985; x_wconf 93' lang='lat' dir='ltr'><strong>si</strong></span> <span class='ocrx_word' id='word_1_65' title='bbox 975 1925 1046 2005; x_wconf 90' lang='lat' dir='ltr'><strong>quis</strong></span> <span class='ocrx_word' id='word_1_66' title='bbox 1068 1921 1213 1986; x_wconf 81' lang='lat' dir='ltr'><strong>infelices</strong></span> <span class='ocrx_word' id='word_1_67' title='bbox 1237 1922 1490 2006; x_wconf 85' lang='lat' dir='ltr'><strong>suspiciuncules</strong></span> <span class='ocrx_word' id='word_1_68' title='bbox 1509 1926 1598 2007; x_wconf 89' lang='lat' dir='ltr'><strong>cupit</strong></span> <span class='ocrx_word' id='word_1_69' title='bbox 1617 1944 1818 2010; x_wconf 80' lang='lat' dir='ltr'><strong>cognoscere,</strong></span> 
     </span>
     <span class='ocr_line' id='line_1_12' title="bbox 621 2024 1819 2115; baseline 0.004 -25"><span class='ocrx_word' id='word_1_70' title='bbox 621 2029 650 2091; x_wconf 91' lang='lat' dir='ltr'><strong>is</strong></span> <span class='ocrx_word' id='word_1_71' title='bbox 673 2026 818 2092; x_wconf 83' lang='lat' dir='ltr'><strong>consulet</strong></span> <span class='ocrx_word' id='word_1_72' title='bbox 842 2048 922 2111; x_wconf 86' lang='lat' dir='ltr'><strong>quae</strong></span> <span class='ocrx_word' id='word_1_73' title='bbox 946 2024 986 2092; x_wconf 77' lang='lat' dir='ltr'><strong>G.</strong></span> <span class='ocrx_word' id='word_1_74' title='bbox 1011 2026 1052 2091; x_wconf 88' lang='lat' dir='ltr'><strong>H.</strong></span> <span class='ocrx_word' id='word_1_75' title='bbox 1076 2027 1220 2092; x_wconf 75' lang='lat' dir='ltr'><strong>Schiferi</strong></span> <span class='ocrx_word' id='word_1_76' title='bbox 1244 2027 1415 2114; x_wconf 86' lang='lat' dir='ltr'><strong>diligentis</strong></span> <span class='ocrx_word' id='word_1_77' title='bbox 1433 2027 1580 2115; x_wconf 87' lang='lat' dir='ltr'><strong>collegit;</strong></span> <span class='ocrx_word' id='word_1_78' title='bbox 1609 2030 1664 2094; x_wconf 88' lang='lat' dir='ltr'><strong>sed</strong></span> <span class='ocrx_word' id='word_1_79' title='bbox 1684 2030 1819 2115; x_wconf 91' lang='lat' dir='ltr'><strong>reliquis</strong></span> 
     </span>
     <span class='ocr_line' id='line_1_13' title="bbox 623 2131 1679 2217; baseline 0.002 -20"><span class='ocrx_word' id='word_1_80' title='bbox 623 2136 720 2197; x_wconf 83' lang='lat' dir='ltr'><strong>stiam</strong></span> <span class='ocrx_word' id='word_1_81' title='bbox 743 2131 903 2197; x_wconf 86' lang='lat' dir='ltr'><strong>infelicius</strong></span> <span class='ocrx_word' id='word_1_82' title='bbox 927 2132 1087 2210; x_wconf 84' lang='lat' dir='ltr'><strong>Blassius,</strong></span> <span class='ocrx_word' id='word_1_83' title='bbox 1112 2132 1316 2217; x_wconf 83' lang='lat' dir='ltr'><strong>quodetiam</strong></span> <span class='ocrx_word' id='word_1_84' title='bbox 1340 2136 1374 2197; x_wconf 92' lang='lat' dir='ltr'><strong>in</strong></span> <span class='ocrx_word' id='word_1_85' title='bbox 1397 2140 1524 2198; x_wconf 80' lang='lat' dir='ltr'><strong>textum</strong></span> <span class='ocrx_word' id='word_1_86' title='bbox 1548 2134 1679 2199; x_wconf 88' lang='lat' dir='ltr'><strong>intulit:</strong></span> 
     </span>
     <span class='ocr_line' id='line_1_14' title="bbox 1039 2240 1542 2317; baseline 0.004 -16"><span class='ocrx_word' id='word_1_87' title='bbox 1039 2241 1143 2316; x_wconf 77' lang='grc' dir='ltr'><strong><em>μοθρης</em></strong></span> <span class='ocrx_word' id='word_1_88' title='bbox 1168 2242 1295 2312; x_wconf 80' lang='grc' dir='ltr'><strong><em>σημηιον</em></strong></span> <span class='ocrx_word' id='word_1_89' title='bbox 1318 2240 1473 2317; x_wconf 73' lang='grc' dir='ltr'><strong><em>ἀμμορίης</em></strong></span> <span class='ocrx_word' id='word_1_90' title='bbox 1498 2264 1542 2303; x_wconf 76' lang='grc' dir='ltr'><strong>τε.</strong></span> 
     </span>
     <span class='ocr_line' id='line_1_15' title="bbox 622 2341 1693 2429; baseline 0.001 -22"><span class='ocrx_word' id='word_1_91' title='bbox 622 2342 745 2429; x_wconf 89' lang='lat' dir='ltr'><strong>Nempe</strong></span> <span class='ocrx_word' id='word_1_92' title='bbox 768 2345 956 2429; x_wconf 82' lang='lat' dir='ltr'><strong>provocavit</strong></span> <span class='ocrx_word' id='word_1_93' title='bbox 979 2343 1017 2407; x_wconf 87' lang='lat' dir='ltr'><strong>ad</strong></span> <span class='ocrx_word' id='word_1_94' title='bbox 1042 2342 1156 2429; x_wconf 84' lang='lat' dir='ltr'><strong>Odyss.</strong></span> <span class='ocrx_word' id='word_1_95' title='bbox 1183 2341 1265 2419; x_wconf 82' lang='grc' dir='ltr'><strong>υ75,</strong></span> <span class='ocrx_word' id='word_1_96' title='bbox 1291 2344 1348 2406; x_wconf 93' lang='lat' dir='ltr'><strong>ubi</strong></span> <span class='ocrx_word' id='word_1_97' title='bbox 1371 2343 1409 2408; x_wconf 90' lang='lat' dir='ltr'><strong>de</strong></span> <span class='ocrx_word' id='word_1_98' title='bbox 1433 2343 1508 2409; x_wconf 87' lang='lat' dir='ltr'><strong>Iove</strong></span> <span class='ocrx_word' id='word_1_99' title='bbox 1532 2343 1693 2429; x_wconf 90' lang='lat' dir='ltr'><strong>legimus:</strong></span> 
     </span>
     <span class='ocr_line' id='line_1_16' title="bbox 1074 2446 1543 2528; baseline -0.002 -15"><span class='ocrx_word' id='word_1_100' title='bbox 1074 2450 1088 2513; x_wconf 87' lang='grc' dir='ltr'><strong><em>θ</em></strong></span> <span class='ocrx_word' id='word_1_101' title='bbox 1112 2450 1176 2528; x_wconf 73' lang='grc' dir='ltr'><strong>γάρ</strong></span> <span class='ocrx_word' id='word_1_102' title='bbox 1201 2452 1229 2511; x_wconf 79' lang='grc' dir='ltr'><strong>τ’</strong></span> <span class='ocrx_word' id='word_1_103' title='bbox 1254 2447 1288 2514; x_wconf 76' lang='grc' dir='ltr'><strong>εὖ</strong></span> <span class='ocrx_word' id='word_1_104' title='bbox 1312 2446 1389 2513; x_wconf 77' lang='grc' dir='ltr'><strong><em>οἶδεν</em></strong></span> <span class='ocrx_word' id='word_1_105' title='bbox 1414 2449 1543 2515; x_wconf 74' lang='grc' dir='ltr'><strong><em>ἅπαντα</em></strong></span> 
     </span>
     <span class='ocr_line' id='line_1_17' title="bbox 803 2557 1559 2635; baseline 0.001 -17"><span class='ocrx_word' id='word_1_106' title='bbox 803 2564 910 2632; x_wconf 75' lang='grc' dir='ltr'><strong><em>μοῖραν</em></strong></span> <span class='ocrx_word' id='word_1_107' title='bbox 934 2557 1087 2632; x_wconf 73' lang='grc' dir='ltr'><strong><em>ἀμμορίην</em></strong></span> <span class='ocrx_word' id='word_1_108' title='bbox 1111 2578 1145 2618; x_wconf 83' lang='grc' dir='ltr'><strong>τε</strong></span> <span class='ocrx_word' id='word_1_109' title='bbox 1171 2559 1368 2628; x_wconf 77' lang='grc' dir='ltr'><strong><em>καταθνητῶν</em></strong></span> <span class='ocrx_word' id='word_1_110' title='bbox 1393 2559 1559 2635; x_wconf 69' lang='grc' dir='ltr'><strong><em>ἀνθρώπων.</em></strong></span> 
     </span>
     <span class='ocr_line' id='line_1_18' title="bbox 620 2660 1817 2746; baseline 0.001 -20"><span class='ocrx_word' id='word_1_111' title='bbox 620 2663 737 2746; x_wconf 81' lang='lat' dir='ltr'><strong>Aperte</strong></span> <span class='ocrx_word' id='word_1_112' title='bbox 768 2661 870 2725; x_wconf 84' lang='lat' dir='ltr'><strong>dicam</strong></span> <span class='ocrx_word' id='word_1_113' title='bbox 902 2661 978 2745; x_wconf 90' lang='lat' dir='ltr'><strong>quid</strong></span> <span class='ocrx_word' id='word_1_114' title='bbox 1011 2662 1165 2724; x_wconf 86' lang='lat' dir='ltr'><strong>sentiam:</strong></span> <span class='ocrx_word' id='word_1_115' title='bbox 1199 2661 1274 2726; x_wconf 82' lang='lat' dir='ltr'><strong>haec</strong></span> <span class='ocrx_word' id='word_1_116' title='bbox 1306 2664 1488 2726; x_wconf 85' lang='lat' dir='ltr'><strong>coniectura</strong></span> <span class='ocrx_word' id='word_1_117' title='bbox 1517 2682 1575 2725; x_wconf 89' lang='lat' dir='ltr'><strong>nec</strong></span> <span class='ocrx_word' id='word_1_118' title='bbox 1606 2660 1734 2725; x_wconf 87' lang='lat' dir='ltr'><strong>coelum</strong></span> <span class='ocrx_word' id='word_1_119' title='bbox 1759 2682 1817 2727; x_wconf 91' lang='lat' dir='ltr'><strong>nec</strong></span> 
     </span>
     <span class='ocr_line' id='line_1_19' title="bbox 621 2764 1815 2853; baseline 0.001 -22"><span class='ocrx_word' id='word_1_120' title='bbox 621 2773 738 2831; x_wconf 83' lang='lat' dir='ltr'><strong>terram</strong></span> <span class='ocrx_word' id='word_1_121' title='bbox 770 2769 885 2852; x_wconf 84' lang='lat' dir='ltr'><strong>tangit.</strong></span> <span class='ocrx_word' id='word_1_122' title='bbox 914 2764 1029 2852; x_wconf 80' lang='lat' dir='ltr'><strong>Cogita</strong></span> <span class='ocrx_word' id='word_1_123' title='bbox 1053 2773 1163 2830; x_wconf 84' lang='lat' dir='ltr'><strong>eutem</strong></span> <span class='ocrx_word' id='word_1_124' title='bbox 1187 2788 1243 2831; x_wconf 91' lang='lat' dir='ltr'><strong>cur</strong></span> <span class='ocrx_word' id='word_1_125' title='bbox 1267 2775 1373 2832; x_wconf 86' lang='lat' dir='ltr'><strong>orator</strong></span> <span class='ocrx_word' id='word_1_126' title='bbox 1398 2767 1457 2832; x_wconf 90' lang='lat' dir='ltr'><strong>hoc</strong></span> <span class='ocrx_word' id='word_1_127' title='bbox 1480 2770 1681 2853; x_wconf 81' lang='lat' dir='ltr'><strong>epigramma</strong></span> <span class='ocrx_word' id='word_1_128' title='bbox 1704 2766 1815 2832; x_wconf 85' lang='lat' dir='ltr'><strong>leuda-</strong></span> 
     </span>
     <span class='ocr_line' id='line_1_20' title="bbox 620 2871 1815 2956; baseline 0.001 -22"><span class='ocrx_word' id='word_1_129' title='bbox 620 2875 719 2936; x_wconf 78' lang='lat' dir='ltr'><strong>rerit:</strong></span> <span class='ocrx_word' id='word_1_130' title='bbox 745 2875 900 2935; x_wconf 91' lang='lat' dir='ltr'><strong>nimirum</strong></span> <span class='ocrx_word' id='word_1_131' title='bbox 926 2871 997 2935; x_wconf 87' lang='lat' dir='ltr'><strong>vult</strong></span> <span class='ocrx_word' id='word_1_132' title='bbox 1021 2872 1152 2956; x_wconf 85' lang='lat' dir='ltr'><strong>probare</strong></span> <span class='ocrx_word' id='word_1_133' title='bbox 1177 2893 1244 2936; x_wconf 89' lang='lat' dir='ltr'><strong>esse</strong></span> <span class='ocrx_word' id='word_1_134' title='bbox 1268 2871 1455 2938; x_wconf 79' lang='lat' dir='ltr'><strong>Chersonesi</strong></span> <span class='ocrx_word' id='word_1_135' title='bbox 1478 2871 1555 2936; x_wconf 88' lang='lat' dir='ltr'><strong>fines</strong></span> <span class='ocrx_word' id='word_1_136' title='bbox 1579 2894 1641 2937; x_wconf 94' lang='lat' dir='ltr'><strong>non</strong></span> <span class='ocrx_word' id='word_1_137' title='bbox 1667 2872 1815 2950; x_wconf 68' lang='grc' dir='ltr'><strong><em>’Λρορθη</em></strong></span> 
     </span>
     <span class='ocr_line' id='line_1_21' title="bbox 621 2978 1815 3063; baseline 0.005 -24"><span class='ocrx_word' id='word_1_138' title='bbox 621 2978 707 3040; x_wconf 71' lang='grc' dir='ltr'><strong><em>ἀκοαὶ</em></strong></span> <span class='ocrx_word' id='word_1_139' title='bbox 739 2978 844 3051; x_wconf 80' lang='grc' dir='ltr'><strong><em>βωμὸν</em></strong></span> <span class='ocrx_word' id='word_1_140' title='bbox 876 2982 929 3040; x_wconf 77' lang='grc' dir='ltr'><strong>τοῦ</strong></span> <span class='ocrx_word' id='word_1_141' title='bbox 963 2978 1034 3046; x_wconf 68' lang='grc' dir='ltr'><strong>Διὸς</strong></span> <span class='ocrx_word' id='word_1_142' title='bbox 1059 2983 1111 3041; x_wconf 81' lang='grc' dir='ltr'><strong>τοῦ</strong></span> <span class='ocrx_word' id='word_1_143' title='bbox 1139 2980 1258 3056; x_wconf 81' lang='grc' dir='ltr'><strong><em>θρίου,</em></strong></span> <span class='ocrx_word' id='word_1_144' title='bbox 1284 3000 1479 3063; x_wconf 84' lang='lat' dir='ltr'><strong>quamquem</strong></span> <span class='ocrx_word' id='word_1_145' title='bbox 1503 2980 1537 3043; x_wconf 93' lang='lat' dir='ltr'><strong>id</strong></span> <span class='ocrx_word' id='word_1_146' title='bbox 1561 2979 1654 3044; x_wconf 90' lang='lat' dir='ltr'><strong>hodie</strong></span> <span class='ocrx_word' id='word_1_147' title='bbox 1678 3001 1718 3043; x_wconf 86' lang='lat' dir='ltr'><strong>ex</strong></span> <span class='ocrx_word' id='word_1_148' title='bbox 1744 2980 1815 3045; x_wconf 84' lang='lat' dir='ltr'><strong>vul-</strong></span> 
     </span>
     <span class='ocr_line' id='line_1_22' title="bbox 616 3083 1815 3169; baseline 0.002 -22"><span class='ocrx_word' id='word_1_149' title='bbox 616 3089 694 3169; x_wconf 84' lang='lat' dir='ltr'><strong>gata</strong></span> <span class='ocrx_word' id='word_1_150' title='bbox 725 3087 967 3168; x_wconf 84' lang='lat' dir='ltr'><strong>epigrammatis</strong></span> <span class='ocrx_word' id='word_1_151' title='bbox 1000 3084 1137 3148; x_wconf 87' lang='lat' dir='ltr'><strong>lectione</strong></span> <span class='ocrx_word' id='word_1_152' title='bbox 1168 3087 1356 3169; x_wconf 84' lang='lat' dir='ltr'><strong>neutiquam</strong></span> <span class='ocrx_word' id='word_1_153' title='bbox 1388 3088 1491 3169; x_wconf 87' lang='lat' dir='ltr'><strong>possis</strong></span> <span class='ocrx_word' id='word_1_154' title='bbox 1520 3083 1717 3169; x_wconf 82' lang='lat' dir='ltr'><strong>exsculpere.</strong></span> <span class='ocrx_word' id='word_1_155' title='bbox 1749 3085 1815 3150; x_wconf 92' lang='lat' dir='ltr'><strong>Nec</strong></span> 
     </span>
     <span class='ocr_line' id='line_1_23' title="bbox 619 3189 1815 3275; baseline 0.003 -22"><span class='ocrx_word' id='word_1_156' title='bbox 619 3199 725 3253; x_wconf 85' lang='lat' dir='ltr'><strong>tamen</strong></span> <span class='ocrx_word' id='word_1_157' title='bbox 758 3189 825 3254; x_wconf 83' lang='lat' dir='ltr'><strong>ulle</strong></span> <span class='ocrx_word' id='word_1_158' title='bbox 855 3191 1033 3254; x_wconf 82' lang='lat' dir='ltr'><strong>mutatione</strong></span> <span class='ocrx_word' id='word_1_159' title='bbox 1065 3211 1145 3274; x_wconf 87' lang='lat' dir='ltr'><strong>opus</strong></span> <span class='ocrx_word' id='word_1_160' title='bbox 1169 3198 1234 3266; x_wconf 87' lang='lat' dir='ltr'><strong>est,</strong></span> <span class='ocrx_word' id='word_1_161' title='bbox 1260 3191 1314 3255; x_wconf 79' lang='lat' dir='ltr'><strong>sed</strong></span> <span class='ocrx_word' id='word_1_162' title='bbox 1337 3189 1448 3254; x_wconf 88' lang='lat' dir='ltr'><strong>literae</strong></span> <span class='ocrx_word' id='word_1_163' title='bbox 1472 3190 1565 3254; x_wconf 83' lang='lat' dir='ltr'><strong>aliter</strong></span> <span class='ocrx_word' id='word_1_164' title='bbox 1589 3190 1815 3275; x_wconf 86' lang='lat' dir='ltr'><strong>dispescendee</strong></span> 
     </span>
     <span class='ocr_line' id='line_1_24' title="bbox 619 3295 767 3358; baseline 0 0"><span class='ocrx_word' id='word_1_165' title='bbox 619 3295 767 3358; x_wconf 81' lang='lat' dir='ltr'><strong>luerunt:</strong></span> 
     </span>
     <span class='ocr_line' id='line_1_25' title="bbox 1251 3401 1539 3477; baseline -0.007 -13"><span class='ocrx_word' id='word_1_166' title='bbox 1251 3402 1351 3477; x_wconf 78' lang='grc' dir='ltr'><strong><em>ἄμμ’</em></strong></span> <span class='ocrx_word' id='word_1_167' title='bbox 1377 3401 1483 3476; x_wconf 74' lang='grc' dir='ltr'><strong><em>θριής</em></strong></span> <span class='ocrx_word' id='word_1_168' title='bbox 1509 3402 1539 3463; x_wconf 71' lang='grc' dir='ltr'><strong>δέ</strong></span> 
     </span>
     <span class='ocr_line' id='line_1_26' title="bbox 801 3503 1530 3582; baseline 0.001 -14"><span class='ocrx_word' id='word_1_169' title='bbox 801 3505 891 3576; x_wconf 78' lang='grc' dir='ltr'><strong><em>αὐτὸς</em></strong></span> <span class='ocrx_word' id='word_1_170' title='bbox 917 3503 998 3580; x_wconf 73' lang='grc' dir='ltr'><strong><em>ἅναξ</em></strong></span> <span class='ocrx_word' id='word_1_171' title='bbox 1023 3506 1168 3582; x_wconf 78' lang='grc' dir='ltr'><strong><em>μακοθρων</em></strong></span> <span class='ocrx_word' id='word_1_172' title='bbox 1193 3507 1238 3573; x_wconf 74' lang='grc' dir='ltr'><strong>ἐς)</strong></span> <span class='ocrx_word' id='word_1_173' title='bbox 1264 3507 1357 3579; x_wconf 84' lang='grc' dir='ltr'><strong><em>μέσος</em></strong></span> <span class='ocrx_word' id='word_1_174' title='bbox 1384 3508 1530 3581; x_wconf 72' lang='grc' dir='ltr'><strong><em>Κρονίδης.</em></strong></span> 
     </span>
     <span class='ocr_line' id='line_1_27' title="bbox 618 3609 1815 3694; baseline 0.002 -19"><span class='ocrx_word' id='word_1_175' title='bbox 618 3612 711 3675; x_wconf 84' lang='grc' dir='ltr'><strong><em>Νοιιο</em></strong></span> <span class='ocrx_word' id='word_1_176' title='bbox 742 3609 979 3675; x_wconf 79' lang='lat' dir='ltr'><strong>Chersonesitae</strong></span> <span class='ocrx_word' id='word_1_177' title='bbox 1010 3612 1126 3676; x_wconf 84' lang='lat' dir='ltr'><strong>diserte</strong></span> <span class='ocrx_word' id='word_1_178' title='bbox 1158 3610 1335 3694; x_wconf 88' lang='lat' dir='ltr'><strong>loquuntur</strong></span> <span class='ocrx_word' id='word_1_179' title='bbox 1366 3618 1398 3676; x_wconf 87' lang='lat' dir='ltr'><strong>et</strong></span> <span class='ocrx_word' id='word_1_180' title='bbox 1428 3612 1576 3675; x_wconf 84' lang='lat' dir='ltr'><strong>videmus</strong></span> <span class='ocrx_word' id='word_1_181' title='bbox 1611 3633 1669 3675; x_wconf 89' lang='lat' dir='ltr'><strong>cur</strong></span> <span class='ocrx_word' id='word_1_182' title='bbox 1705 3619 1815 3678; x_wconf 86' lang='lat' dir='ltr'><strong>orutor</strong></span> 
     </span>
     <span class='ocr_line' id='line_1_28' title="bbox 619 3715 1813 3803; baseline 0.003 -23"><span class='ocrx_word' id='word_1_183' title='bbox 619 3725 683 3780; x_wconf 84' lang='lat' dir='ltr'><strong>tam</strong></span> <span class='ocrx_word' id='word_1_184' title='bbox 716 3716 917 3780; x_wconf 88' lang='lat' dir='ltr'><strong>luculentum</strong></span> <span class='ocrx_word' id='word_1_185' title='bbox 950 3719 1172 3781; x_wconf 84' lang='lat' dir='ltr'><strong>testimonium</strong></span> <span class='ocrx_word' id='word_1_186' title='bbox 1197 3716 1352 3781; x_wconf 86' lang='lat' dir='ltr'><strong>attulerit.</strong></span> <span class='ocrx_word' id='word_1_187' title='bbox 1386 3715 1529 3783; x_wconf 80' lang='lat' dir='ltr'><strong>Confinio</strong></span> <span class='ocrx_word' id='word_1_188' title='bbox 1552 3717 1694 3801; x_wconf 81' lang='lat' dir='ltr'><strong>appellat</strong></span> <span class='ocrx_word' id='word_1_189' title='bbox 1719 3726 1813 3803; x_wconf 86' lang='lat' dir='ltr'><strong>poeta</strong></span> 
     </span>
     <span class='ocr_line' id='line_1_29' title="bbox 619 3821 1813 3906; baseline 0.003 -24"><span class='ocrx_word' id='word_1_190' title='bbox 619 3825 672 3892; x_wconf 74' lang='grc' dir='ltr'><strong><em>την</em></strong></span> <span class='ocrx_word' id='word_1_191' title='bbox 697 3822 773 3896; x_wconf 81' lang='grc' dir='ltr'><strong><em>ι’ρίην</em></strong></span> <span class='ocrx_word' id='word_1_192' title='bbox 799 3827 944 3900; x_wconf 79' lang='grc' dir='ltr'><strong><em>(χώραν);</em></strong></span> <span class='ocrx_word' id='word_1_193' title='bbox 966 3823 1085 3886; x_wconf 86' lang='lat' dir='ltr'><strong>sithoc</strong></span> <span class='ocrx_word' id='word_1_194' title='bbox 1106 3825 1172 3885; x_wconf 90' lang='lat' dir='ltr'><strong>sine</strong></span> <span class='ocrx_word' id='word_1_195' title='bbox 1193 3821 1356 3906; x_wconf 83' lang='lat' dir='ltr'><strong>exemplo,</strong></span> <span class='ocrx_word' id='word_1_196' title='bbox 1377 3823 1432 3885; x_wconf 90' lang='lat' dir='ltr'><strong>sed</strong></span> <span class='ocrx_word' id='word_1_197' title='bbox 1453 3824 1592 3899; x_wconf 72' lang='grc' dir='ltr'><strong><em>μεθορίαν</em></strong></span> <span class='ocrx_word' id='word_1_198' title='bbox 1613 3821 1664 3887; x_wconf 86' lang='lat' dir='ltr'><strong>vel</strong></span> <span class='ocrx_word' id='word_1_199' title='bbox 1686 3823 1813 3902; x_wconf 80' lang='grc' dir='ltr'><strong><em>ἐφορίαν</em></strong></span> 
     </span>
     <span class='ocr_line' id='line_1_30' title="bbox 618 3924 1315 4012; baseline -0.001 -22"><span class='ocrx_word' id='word_1_200' title='bbox 618 3947 675 4010; x_wconf 89' lang='lat' dir='ltr'><strong>per</strong></span> <span class='ocrx_word' id='word_1_201' title='bbox 697 3929 793 3990; x_wconf 88' lang='lat' dir='ltr'><strong>metri</strong></span> <span class='ocrx_word' id='word_1_202' title='bbox 817 3926 905 4012; x_wconf 88' lang='lat' dir='ltr'><strong>leges</strong></span> <span class='ocrx_word' id='word_1_203' title='bbox 928 3924 1088 4010; x_wconf 85' lang='lat' dir='ltr'><strong>appellare</strong></span> <span class='ocrx_word' id='word_1_204' title='bbox 1112 3949 1173 3991; x_wconf 90' lang='lat' dir='ltr'><strong>non</strong></span> <span class='ocrx_word' id='word_1_205' title='bbox 1200 3930 1315 4011; x_wconf 90' lang='lat' dir='ltr'><strong>potuit.</strong></span> 
     </span>
    </p>
   </div>
   <div class='ocr_carea' id='block_1_4' title="bbox 909 4114 1527 4171">
    <p class='ocr_par' dir='ltr' id='par_1_4' title="bbox 909 4114 1527 4171">
     <span class='ocr_line' id='line_1_31' title="bbox 909 4114 1527 4171; baseline 0 -1"><span class='ocrx_word' id='word_1_206' title='bbox 909 4116 1003 4170; x_wconf 84' lang='grc' dir='ltr'>ΠΕΡΙ</span> <span class='ocrx_word' id='word_1_207' title='bbox 1030 4115 1127 4169; x_wconf 84' lang='grc' dir='ltr'><strong>ΤΩΝ</strong></span> <span class='ocrx_word' id='word_1_208' title='bbox 1155 4114 1211 4168; x_wconf 85' lang='grc' dir='ltr'><strong>ΕΝ</strong></span> <span class='ocrx_word' id='word_1_209' title='bbox 1240 4116 1527 4171; x_wconf 82' lang='grc' dir='ltr'><strong>ΧΕΡΡΟΝΗΣΩΙ.</strong></span> 
     </span>
    </p>
   </div>
   <div class='ocr_carea' id='block_1_5' title="bbox 619 4241 1815 4751">
    <p class='ocr_par' dir='ltr' id='par_1_5' title="bbox 619 4241 1815 4751">
     <span class='ocr_line' id='line_1_32' title="bbox 664 4241 1814 4328; baseline 0.005 -24"><span class='ocrx_word' id='word_1_210' title='bbox 664 4242 745 4326; x_wconf 69' lang='lat'><strong>§10</strong></span> <span class='ocrx_word' id='word_1_211' title='bbox 770 4265 799 4326; x_wconf 92' lang='lat' dir='ltr'><strong>p.</strong></span> <span class='ocrx_word' id='word_1_212' title='bbox 825 4242 878 4304; x_wconf 83' lang='lat'><strong>92.</strong></span> <span class='ocrx_word' id='word_1_213' title='bbox 911 4241 1101 4305; x_wconf 83' lang='lat' dir='ltr'><strong>Observasse</strong></span> <span class='ocrx_word' id='word_1_214' title='bbox 1134 4242 1216 4304; x_wconf 91' lang='lat' dir='ltr'><strong>mihi</strong></span> <span class='ocrx_word' id='word_1_215' title='bbox 1247 4242 1355 4307; x_wconf 88' lang='lat' dir='ltr'><strong>videor</strong></span> <span class='ocrx_word' id='word_1_216' title='bbox 1388 4251 1458 4327; x_wconf 87' lang='lat' dir='ltr'><strong>post</strong></span> <span class='ocrx_word' id='word_1_217' title='bbox 1481 4265 1655 4328; x_wconf 88' lang='lat' dir='ltr'><strong>pronomen</strong></span> <span class='ocrx_word' id='word_1_218' title='bbox 1682 4246 1695 4306; x_wconf 79' lang='lat' dir='ltr'><strong>i</strong></span> <span class='ocrx_word' id='word_1_219' title='bbox 1721 4249 1814 4317; x_wconf 73' lang='grc' dir='ltr'><strong><em>αὐτος</em></strong></span> 
     </span>
     <span class='ocr_line' id='line_1_33' title="bbox 619 4346 1813 4434; baseline 0.003 -21"><span class='ocrx_word' id='word_1_220' title='bbox 619 4356 772 4433; x_wconf 88' lang='lat' dir='ltr'><strong>perpetuo</strong></span> <span class='ocrx_word' id='word_1_221' title='bbox 804 4350 894 4430; x_wconf 90' lang='lat' dir='ltr'><strong>sequi</strong></span> <span class='ocrx_word' id='word_1_222' title='bbox 926 4346 1097 4410; x_wconf 89' lang='lat' dir='ltr'><strong>relativum</strong></span> <span class='ocrx_word' id='word_1_223' title='bbox 1131 4346 1241 4422; x_wconf 73' lang='grc' dir='ltr'><strong><em>ἕσπερ,</em></strong></span> <span class='ocrx_word' id='word_1_224' title='bbox 1270 4370 1332 4412; x_wconf 92' lang='lat' dir='ltr'><strong>non</strong></span> <span class='ocrx_word' id='word_1_225' title='bbox 1365 4347 1413 4419; x_wconf 83' lang='grc' dir='ltr'><strong>θς·</strong></span> <span class='ocrx_word' id='word_1_226' title='bbox 1447 4349 1595 4434; x_wconf 82' lang='lat' dir='ltr'><strong>exemplo</strong></span> <span class='ocrx_word' id='word_1_227' title='bbox 1628 4372 1684 4434; x_wconf 89' lang='lat' dir='ltr'><strong>per</strong></span> <span class='ocrx_word' id='word_1_228' title='bbox 1709 4359 1813 4417; x_wconf 88' lang='lat' dir='ltr'><strong>totum</strong></span> 
     </span>
     <span class='ocr_line' id='line_1_34' title="bbox 619 4453 1815 4541; baseline 0.004 -24"><span class='ocrx_word' id='word_1_229' title='bbox 619 4453 939 4517; x_wconf 86' lang='lat' dir='ltr'><strong>Demosthenicarum</strong></span> <span class='ocrx_word' id='word_1_230' title='bbox 971 4456 1151 4517; x_wconf 86' lang='lat' dir='ltr'><strong>orationum</strong></span> <span class='ocrx_word' id='word_1_231' title='bbox 1184 4475 1297 4537; x_wconf 90' lang='lat' dir='ltr'><strong>corpus</strong></span> <span class='ocrx_word' id='word_1_232' title='bbox 1329 4453 1491 4538; x_wconf 86' lang='lat' dir='ltr'><strong>pullulant</strong></span> <span class='ocrx_word' id='word_1_233' title='bbox 1523 4476 1626 4539; x_wconf 91' lang='lat' dir='ltr'><strong>neque</strong></span> <span class='ocrx_word' id='word_1_234' title='bbox 1657 4477 1738 4541; x_wconf 89' lang='lat' dir='ltr'><strong>opus</strong></span> <span class='ocrx_word' id='word_1_235' title='bbox 1767 4465 1815 4522; x_wconf 89' lang='lat' dir='ltr'><strong>est</strong></span> 
     </span>
     <span class='ocr_line' id='line_1_35' title="bbox 619 4557 1813 4647; baseline 0.004 -24"><span class='ocrx_word' id='word_1_236' title='bbox 619 4560 759 4624; x_wconf 87' lang='lat' dir='ltr'><strong>infinitos</strong></span> <span class='ocrx_word' id='word_1_237' title='bbox 786 4559 870 4623; x_wconf 92' lang='lat' dir='ltr'><strong>locos</strong></span> <span class='ocrx_word' id='word_1_238' title='bbox 894 4579 1069 4641; x_wconf 81' lang='lat' dir='ltr'><strong>excerpere.</strong></span> <span class='ocrx_word' id='word_1_239' title='bbox 1095 4557 1247 4642; x_wconf 82' lang='lat' dir='ltr'><strong>Sequitur</strong></span> <span class='ocrx_word' id='word_1_240' title='bbox 1270 4581 1336 4625; x_wconf 89' lang='lat' dir='ltr'><strong>esse</strong></span> <span class='ocrx_word' id='word_1_241' title='bbox 1361 4559 1447 4625; x_wconf 92' lang='lat' dir='ltr'><strong>locos</strong></span> <span class='ocrx_word' id='word_1_242' title='bbox 1472 4562 1536 4625; x_wconf 83' lang='lat' dir='ltr'><strong>sere</strong></span> <span class='ocrx_word' id='word_1_243' title='bbox 1562 4567 1651 4637; x_wconf 91' lang='lat' dir='ltr'><strong>octo,</strong></span> <span class='ocrx_word' id='word_1_244' title='bbox 1676 4563 1733 4627; x_wconf 89' lang='lat' dir='ltr'><strong>ubi</strong></span> <span class='ocrx_word' id='word_1_245' title='bbox 1758 4585 1813 4647; x_wconf 91' lang='lat' dir='ltr'><strong>pro</strong></span> 
     </span>
     <span class='ocr_line' id='line_1_36' title="bbox 620 4663 1811 4751; baseline 0.003 -25"><span class='ocrx_word' id='word_1_246' title='bbox 620 4671 750 4727; x_wconf 82' lang='grc' dir='ltr'><strong><em>ταῦτα</em></strong></span> <span class='ocrx_word' id='word_1_247' title='bbox 790 4663 1025 4727; x_wconf 83' lang='lat' dir='ltr'><strong>rescribendum</strong></span> <span class='ocrx_word' id='word_1_248' title='bbox 1057 4673 1105 4727; x_wconf 88' lang='lat' dir='ltr'><strong>est</strong></span> <span class='ocrx_word' id='word_1_249' title='bbox 1137 4666 1257 4739; x_wconf 73' lang='grc' dir='ltr'><strong>ταύτά,</strong></span> <span class='ocrx_word' id='word_1_250' title='bbox 1290 4687 1404 4750; x_wconf 90' lang='lat' dir='ltr'><strong>nempe</strong></span> <span class='ocrx_word' id='word_1_251' title='bbox 1435 4665 1515 4729; x_wconf 87' lang='lat' dir='ltr'><strong>Mid.</strong></span> <span class='ocrx_word' id='word_1_252' title='bbox 1542 4665 1647 4750; x_wconf 70' lang='lat'>§220</span> <span class='ocrx_word' id='word_1_253' title='bbox 1678 4688 1709 4751; x_wconf 88' lang='lat' dir='ltr'><strong>p.</strong></span> <span class='ocrx_word' id='word_1_254' title='bbox 1736 4666 1811 4743; x_wconf 82' lang='lat'><strong>585,</strong></span> 
     </span>
    </p>
   </div>
   <div class='ocr_carea' id='block_1_6' title="bbox 619 4764 1811 4855">
    <p class='ocr_par' dir='ltr' id='par_1_6' title="bbox 619 4764 1811 4855">
     <span class='ocr_line' id='line_1_37' title="bbox 619 4764 1811 4855; baseline 0.003 -23"><span class='ocrx_word' id='word_1_255' title='bbox 619 4772 761 4851; x_wconf 82' lang='lat' dir='ltr'><strong>Aristog.</strong></span> <span class='ocrx_word' id='word_1_256' title='bbox 787 4767 801 4830; x_wconf 92' lang='lat' dir='ltr'>I</span> <span class='ocrx_word' id='word_1_257' title='bbox 825 4770 842 4849; x_wconf 54' lang='grc' dir='ltr'>ᾗ</span> <span class='ocrx_word' id='word_1_258' title='bbox 862 4767 903 4829; x_wconf 79' lang='lat'><strong>25</strong></span> <span class='ocrx_word' id='word_1_259' title='bbox 929 4788 959 4850; x_wconf 93' lang='lat' dir='ltr'><strong>p.</strong></span> <span class='ocrx_word' id='word_1_260' title='bbox 988 4764 1062 4844; x_wconf 92' lang='lat'>777,</span> <span class='ocrx_word' id='word_1_261' title='bbox 1088 4767 1226 4833; x_wconf 77' lang='lat' dir='ltr'><strong>Timoor.</strong></span> <span class='ocrx_word' id='word_1_262' title='bbox 1251 4770 1324 4852; x_wconf 68' lang='lat'><strong>§57</strong></span> <span class='ocrx_word' id='word_1_263' title='bbox 1350 4792 1379 4854; x_wconf 92' lang='lat' dir='ltr'><strong>p.</strong></span> <span class='ocrx_word' id='word_1_264' title='bbox 1407 4770 1482 4845; x_wconf 84' lang='grc'><strong>718,</strong></span> <span class='ocrx_word' id='word_1_265' title='bbox 1507 4792 1554 4854; x_wconf 92' lang='lat' dir='ltr'><strong>pr.</strong></span> <span class='ocrx_word' id='word_1_266' title='bbox 1582 4771 1716 4835; x_wconf 88' lang='lat' dir='ltr'><strong>Phorm.</strong></span> <span class='ocrx_word' id='word_1_267' title='bbox 1739 4772 1811 4855; x_wconf 72' lang='lat'><strong>§18</strong></span> 
     </span>
    </p>
   </div>
   <div class='ocr_carea' id='block_1_7' title="bbox 0 0 2268 5944">
    <p class='ocr_par' dir='ltr' id='par_1_7' title="bbox 0 0 2268 5944">
     <span class='ocr_line' id='line_1_38' title="bbox 0 0 2268 5944; baseline 0 0"><span class='ocrx_word' id='word_1_268' title='bbox 0 0 2268 5944; x_wconf 95' lang='lat' dir='ltr'><strong> </strong></span> 
     </span>
    </p>
   </div>
  </div>
 </body>
</html>
