4525 5950
780 676 822 722 nn
846 675 992 724 raonson
1014 675 1097 721 arun
1120 674 1288 722 nounauu.
1562 654 1625 720 117

486 844 556 909 Iam
580 864 655 908 vero
680 845 811 908 omnino
834 843 873 908 de
896 844 1022 908 thorace
1046 848 1140 908 adneo
1164 864 1203 907 ne
1227 845 1406 928 cogitemus
1429 846 1461 907 in
1486 843 1627 908 Menelai

438 949 662 1015 vulneratione
693 972 755 1014 non
786 970 886 1035 pauca
916 950 1052 1014 obstant.
1091 950 1176 1014 Nam
1206 948 1359 1035 Polydori
1390 949 1492 1014 caedis
1524 970 1626 1014 narra·

437 1061 577 1133 tionem,
614 1078 688 1120 cum
724 1059 885 1121 neminem
921 1057 1025 1142 fugiat
1059 1063 1226 1121 centonem
1261 1077 1328 1121 esse
1363 1066 1394 1121 et
1429 1059 1627 1142 ineptissime

436 1168 472 1228 in
504 1172 594 1249 tergo
626 1166 746 1246 positae
779 1161 874 1226 baltei
906 1162 1020 1227 fibulae
1052 1169 1215 1227 auctorem
1248 1172 1403 1248 arguant,
1428 1166 1500 1248 qui,
1525 1162 1627 1228 aliona

438 1272 605 1345 imitatus,
638 1290 698 1333 non
731 1270 791 1333 sihi
827 1279 1014 1354 proponeret
1043 1290 1122 1353 quae
1150 1276 1307 1347 narraret,
1332 1272 1509 1347 mittimus,
1533 1273 1626 1335 unice

438 1375 533 1442 alteri
556 1374 626 1440 loco
649 1395 776 1459 operam
802 1375 916 1439 daturi.

485 1483 528 1547 Et
547 1486 691 1567 primum
711 1481 850 1566 quidem,
871 1504 933 1567 quo
945 1482 1153 1568 intellegatur
1166 1484 1278 1548 thorax
1291 1487 1407 1548 a'e'neus
1426 1484 1487 1548 ibi
1507 1483 1626 1568 duplex

436 1611 506 1655 esse
530 1590 600 1654 ubi
624 1596 768 1653 ventrem
793 1595 896 1675 tegat,
921 1611 937 1653 e
961 1590 1177 1674 superioribus
1197 1592 1344 1674 apparuit
1363 1589 1445 1653 nihil
1463 1611 1626 1675 superesse

436 1700 502 1761 nisi
532 1702 570 1759 ut
600 1717 656 1781 pro
689 1697 828 1760 thoracis
852 1703 940 1781 parte
963 1697 1118 1761 habeatur
1142 1696 1175 1759 ri
1200 1698 1288 1776 ζῶμα
1312 1701 1380 1761 sive
1402 1700 1465 1782 ipsi
1488 1698 1625 1776 thoraci,

435 1807 459 1867 i.
484 1825 510 1867 e.
544 1803 682 1867 thoracis
706 1812 795 1886 parte
818 1805 990 1887 superiori,
1016 1803 1147 1867 affixum
1171 1806 1239 1867 sive
1262 1807 1387 1879 minus,
1410 1806 1457 1868 ita
1480 1826 1556 1870 vero
1577 1804 1626 1869 illi

437 1918 496 1974 aut
528 1911 708 1974 subiectum
738 1922 794 1973 ant
818 1913 1122 1995 superimpositum,
1148 1917 1184 1973 ut
1208 1932 1264 1994 pro
1287 1916 1376 1995 parte
1400 1918 1454 1975 ant
1478 1933 1514 1976 eo
1540 1927 1626 1998 tego·

435 2022 528 2082 retur
559 2023 615 2080 ant
646 2037 719 2080 eum
753 2021 875 2101 tegeret
891 2016 923 2095 ¹).
961 2015 1021 2080 Sed
1054 2037 1090 2080 ea
1120 2019 1207 2081 vocis
1238 2017 1326 2097 ζῶμα
1358 2020 1515 2082 sententia
1539 2038 1626 2082 mera

433 2125 554 2188 nititur
585 2125 775 2188 coniectura.
809 2123 857 2186 Ab
882 2122 983 2187 altera
1007 2131 1114 2207 parte,
1140 2144 1214 2186 cum
1239 2123 1302 2187 duo
1326 2113 1537 2188 tautum'loci
1561 2127 1626 2188 sint

433 2233 493 2295 uhi
526 2232 612 2310 ζῶμα
645 2236 786 2294 recurrat
817 2228 933 2306 oasa,
966 2228 1074 2305 5482,
1103 2250 1143 2294 er
1166 2228 1223 2294 illo
1248 2232 1315 2294 veri
1337 2229 1488 2294 simihter
1510 2231 1625 2295 efficias

434 2336 521 2402 nihil
541 2335 628 2400 aliud
647 2335 679 2399 id
700 2357 766 2399 esse
787 2338 849 2399 nisi
869 2335 1124 2421 subligaculum,
1146 2343 1254 2420 postea
1277 2336 1433 2417 περίζωμα
1452 2337 1574 2401 dictum
1589 2335 1624 2415 ²),

433 2443 521 2529 quod
554 2464 615 2507 non
647 2445 821 2506 necessario
853 2441 891 2507 ad
923 2442 1084 2506 thoracem
1110 2445 1276 2526 pertineat.
1302 2441 1351 2507 Ibi
1374 2445 1459 2507 enim
1483 2441 1625 2529 lluryalo

432 2550 595 2614 caestibus
615 2556 814 2634 pugnaturo,
836 2549 972 2612 thoracis
992 2551 1095 2634 igitur
1107 2551 1242 2613 minime
1260 2549 1436 2634 indigenti,
1456 2549 1625 2615 Diomedes

433 2655 657 2731 περικάββαλε
691 2656 791 2734 ζῶμα.
823 2653 933 2740 Neque
964 2656 1069 2719 obstat
1099 2653 1181 2719 alter
1211 2654 1300 2720 locus
1330 2655 1444 2735 54823
1470 2657 1515 2721 ibi
1538 2660 1623 2721 enim

432 2762 548 2826 Ulixes
579 2768 685 2825 narrat
717 2767 873 2845 quantum
898 2762 1027 2845 frigoris
1051 2760 1236 2825 toleraverit
1259 2764 1292 2825 in
1315 2765 1478 2827 nocturnis
1500 2763 1625 2827 insidiis

434 2872 531 2938 σάκος
556 2863 612 2931 οἷον
638 2867 715 2947 ἔχων
742 2869 792 2929 καὶ
816 2868 903 2948 ζῶμα
930 2869 1055 2943 Φπεενὸν
1071 2865 1105 2946 ³).

483 2974 567 3039 Tum
589 2997 663 3039 vero
683 2978 715 3039 in
736 2997 771 3039 so
791 2975 959 3039 haeremus
978 2977 1010 3039 dt
1029 2974 1112 3059 qnod
1132 2974 1299 3039 Menelaus
1318 2997 1365 3039 vs.
1381 2974 1444 3041 187
1465 2976 1623 3055 balteum,

436 3104 528 3148 noma
559 3085 690 3146 mitram
721 3103 754 3145 se
786 3103 926 3146 servasse
957 3081 1034 3146 dicit
1065 3084 1096 3146 et
1127 3084 1332 3166 praesertim,
1362 3083 1445 3167 quod
1468 3084 1624 3149 Machaon

434 3213 486 3255 vs.
515 3189 580 3254 216
612 3190 651 3254 ad
686 3188 804 3253 vulnus
835 3190 1068 3273 inspiciendum
1099 3210 1135 3253 ea
1166 3188 1288 3253 solvere
1319 3198 1476 3267 narratur,
1508 3190 1625 3256 nulla

433 3298 624 3361 thoracis
656 3299 774 3360 aenei
806 3299 1018 3360 mentione
1051 3296 1174 3360 facta.
1207 3295 1289 3360 Nam
1315 3296 1398 3380 quod
1422 3298 1624 3362 Aristarchus

433 3401 511 3467 vult
540 3402 626 3481 ζῶμα
659 3424 714 3487 pro
748 3405 872 3468 thorace
902 3404 924 3466 i.
950 3423 976 3466 e.
1002 3409 1124 3486 partem
1149 3424 1206 3487 pro
1228 3410 1295 3467 toto
1319 3407 1495 3488 nuncupari
1509 3401 1545 3483 4),
1570 3405 1623 3481 id,

471 3664 498 3724 l)
516 3662 680 3726 Furtwdngler
697 3678 719 3709 r.
734 3662 755 3710 d.
772 3660 898 3725 Olympiae
915 3661 978 3709 inter
995 3661 1042 3710 alia
1059 3661 1146 3710 meruli
1164 3661 1260 3725 septimi
1277 3676 1298 3710 a.
1317 3662 1361 3711 Ch.
1379 3677 1402 3710 n.
1421 3678 1487 3712 arma
1504 3662 1529 3712 tt
1545 3664 1625 3712 thora·

431 3762 490 3795 cnm
514 3748 641 3794 santorum
665 3750 744 3808 partes
769 3744 861 3792 invenit
884 3743 908 3791 tt
932 3744 1065 3806 fragmenta
1087 3745 1209 3793 oinctuum
1233 3749 1360 3793 aeneorum
1378 3744 1513 3795 iunctorum
1531 3747 1622 3805 anulis,

431 3845 495 3894 quos
519 3827 559 3876 ille
584 3827 714 3890 tegimenta
737 3826 827 3874 ventris
850 3826 921 3875 fuisse
946 3832 1026 3890 putat,
1051 3826 1148 3876 tunicae
1170 3826 1248 3876 balteo
1272 3827 1397 3875 humorum
1413 3842 1456 3892 ope
1471 3826 1623 3877 subthoraec

435 3910 513 3959 affixis
536 3909 572 3970 (cf.
597 3908 767 3969 Furtwingler,
792 3908 829 3955 die
856 3909 962 3956 Bronten
987 3924 1008 3958 v.
1033 3908 1146 3973 Olympia
1169 3909 1234 3957 1890
1252 3926 1273 3972 p.
1292 3910 1356 3969 158).
1378 3910 1428 3957 Hoc
1445 3915 1524 3959 nutem
1542 3917 1635 3967 noster

431 3998 505 4059 poeta
521 3992 541 4039 ei
559 3991 679 4049 uoluisset,
697 3991 734 4039 vir
752 3991 869 4039 omisisset
887 3991 957 4039 illum
972 4006 1159 4039 commemorare
1173 3990 1285 4040 balteum.
1305 3992 1367 4039 Nam
1380 3990 1624 4055 belteuequemoom·

431 4078 552 4125 memorat
569 4075 689 4122 thoracem
708 4073 852 4130 circumdet,
871 4073 900 4120 ci.
918 4072 981 4121 inira
998 4089 1021 4137 p.
1040 4074 1087 4121 118
1105 4088 1148 4137 sq..

469 4157 498 4219 2)
515 4156 610 4204 Scholia
627 4156 657 4203 ad
674 4153 767 4213 toea:
786 4153 800 4208 ἡ
819 4152 894 4210 διπλῆ
912 4156 974 4216 πρὸς
988 4156 1017 4202 τὸ
1036 4152 1269 4212 admirabimini
1289 4152 1313 4203 ἐν
1331 4151 1366 4202 r‘nl
1383 4153 1540 4218 περιζώματι
1559 4155 1624 4219 ἠγω-

433 4238 543 4303 afferro.
560 4238 638 4287 lltiam
656 4238 799 4303 posteriore·
815 4253 959 4302 quamquam
976 4238 1006 4286 τὸ
1024 4236 1101 4300 ζῶμα
1118 4254 1165 4286 non
1183 4237 1330 4302 usurpabunt
1346 4237 1528 4302 subligaculum,
1547 4240 1622 4289 nihilo

433 4322 511 4385 magis
528 4322 556 4370 ad
574 4322 694 4370 thoracem
714 4320 858 4379 referebant,
877 4336 931 4369 nam
950 4325 990 4370 aut
1009 4321 1090 4382 χιτὼν
1109 4318 1208 4384 (corde
1226 4320 1260 4369 eis
1276 4326 1328 4369 oret
1344 4320 1382 4382 (ci.
1400 4322 1416 4370 i.
1435 4336 1456 4372 ι.
1475 4321 1547 4370 Phot.
1566 4337 1585 4371 a.
1600 4338 1623 4371 v.

434 4405 595 4456 blenandrum
614 4421 636 4469 p.
658 4405 702 4454 loa
721 4402 838 4465 Meinsk.)
856 4407 899 4452 ant
915 4402 1016 4467 ζωστήρ
1032 4403 1077 4464 (aie
1094 4402 1206 4468 Sophocl.
1222 4403 1258 4454 nr.
1278 4405 1326 4452 144
1342 4408 1367 4452 ct
1381 4402 1436 4452 aliis
1451 4403 1534 4452 multia
1548 4403 1622 4467 locis).

469 4490 498 4550 3)
517 4486 576 4535 Vide
592 4487 655 4534 infra
671 4503 694 4550 p.
713 4487 768 4535 121.

469 4573 498 4633 4)
515 4568 593 4617 Schol.
612 4570 641 4616 ad
659 4575 681 4616 Δ
692 4570 755 4618 lat:
774 4567 905 4630 ἀμφότερα
923 4566 950 4616 δὲ
967 4570 1053 4615 ταῦτα
1071 4569 1127 4624 (τὸν
1141 4569 1237 4617 oraria
1252 4566 1294 4617 καὶ
1308 4569 1338 4616 τὸ
1353 4563 1438 4633 ζῶμα)
1453 4554 1527 4616 nale?
1542 4566 1623 4631 διόπερ

433 4654 497 4705 ὅταν
516 4655 561 4700 τοῦ
580 4649 665 4712 ἑτέρον
683 4652 776 4714 μνησθῇ
795 4652 825 4699 τὸ
841 4650 922 4711 ’ἕτερον
940 4650 1096 4711 παραλείπει,
1114 4655 1138 4698 et
1155 4650 1184 4698 ud
1202 4658 1222 4697 Δ
1233 4652 1293 4702 187:
1312 4652 1358 4699 ποῦ
1376 4648 1497 4714 ζῶμαπος
1511 4650 1624 4711 μνησθεὶς

441 4732 613 4794 nepesinam
637 4734 680 4781 τὸν
698 4733 792 4793 θώρακα
811 4732 877 4781 ὥστε
895 4731 944 4781 ἀπὸ
963 4732 1051 4793 μέρους
1069 4733 1099 4780 τὸ
1117 4732 1173 4780 iinon
1191 4730 1341 4788 δεδηλῶσθαι
1358 4733 1420 4793 (vide
1436 4748 1508 4797 supra
1524 4749 1547 4798 p.
1565 4734 1622 4797 115)

443 4819 556 4883 apollon.
575 4834 597 4881 p.
617 4818 677 4866 382:
697 4816 772 4880 ζῶμα
789 4814 816 4865 δὲ
834 4816 876 4865 καὶ
893 4808 970 4874 aevae
986 4816 998 4864 d
1016 4816 1098 4881 θώραξ.
1117 4816 1205 4865 Tacent
1222 4817 1300 4866 Schol.
1321 4818 1340 4865 B
1356 4824 1380 4866 et
1397 4817 1543 4868 suetonius
