4525 5950
948 685 1103 733 uonsrus.
1553 663 1619 728 241
1724 752 1730 761 q

431 854 642 940 Philosophi,
674 855 805 920 obscure
835 855 1008 939 repetentis
1038 852 1135 919 rerba
1165 850 1281 916 Donati
1310 853 1343 916 in
1367 851 1426 932 (2),
1450 853 1500 915 cui
1524 852 1622 916 etiam

432 965 567 1027 initium
591 961 704 1027 scholii
728 960 869 1027 debetur.

482 1136 535 1201 34.
571 1136 632 1201 Vix
669 1157 742 1200 sum
774 1135 857 1222 apud
889 1156 958 1212 mc,
991 1137 1037 1200 ita
1067 1137 1193 1200 animus
1224 1141 1419 1199 commotnst
1449 1138 1539 1198 metu
1569 1153 1623 1218 spe

432 1243 572 1330 gaudio,
597 1242 741 1308 mirando
766 1249 854 1308 tanto
878 1248 946 1306 tam
969 1244 1134 1326 repentino
1157 1242 1216 1306 hoc
1240 1242 1320 1306 bono

482 1348 561 1415 Don.
582 1348 649 1429 (2):
669 1371 731 1414 non
751 1371 823 1414 sum
844 1348 929 1434 apud
950 1369 1002 1414 me
1022 1347 1251 1414 consuetudine
1270 1350 1374 1434 megis
1393 1348 1624 1432 quamretionc

433 1456 563 1521 dicitur.

481 1561 639 1626 Additur:
672 1566 729 1626 aut
759 1561 841 1626 forte
870 1563 915 1626 sic
939 1560 1033 1638 dicit,
1059 1562 1150 1645 quasi
1174 1560 1288 1625 abierit
1310 1561 1436 1624 animus
1459 1566 1492 1624 et
1514 1579 1624 1623 rursus

432 1667 575 1733 redierit.

482 1773 648 1839 Praecedit
683 1772 748 1854 (l):
791 1773 849 1837 hoc
888 1777 936 1838 est
970 1777 1200 1858 argumentum
1235 1770 1432 1858 sapientibus
1466 1769 1624 1836 laetitiam

432 1881 658 1946 vehementem
688 1882 722 1943 in
753 1880 845 1945 bonis
872 1878 1118 1956 moderandam,
1142 1900 1216 1944 cum
1242 1881 1459 1963 unusquisqne
1482 1877 1625 1964 gaudens

433 1991 483 2052 ita
506 1987 720 2072 perturbetur,
744 1994 781 2051 ut
805 1985 889 2072 apud
913 1989 1076 2071 seipsum
1100 1988 1166 2050 iam
1190 2007 1252 2051 non
1276 1989 1328 2050 sit.

481 2094 663 2180 Utrumque
687 2093 780 2159 valde
804 2100 988 2179 suspectum
1012 2102 1044 2158 et
1067 2091 1256 2178 philosopho
1281 2092 1427 2178 dignum.

480 2199 627 2266 Tertium
650 2200 792 2265 scholion
815 2202 860 2265 sic
883 2221 916 2264 se
939 2199 1054 2264 habet:

481 2306 552 2372 Duo
583 2306 744 2372 carnifices
771 2307 953 2371 futurarum
977 2324 1102 2371 rerum:
1127 2326 1198 2391 spes
1221 2312 1253 2370 et
1278 2312 1401 2380 metus,
1427 2302 1514 2369 dolor
1537 2305 1624 2368 enim

434 2421 468 2479 et
497 2413 654 2500 gaudium
685 2416 902 2498 praesentium
932 2433 1040 2478 rerum
1063 2411 1300 2497 intelliguntur.
1325 2409 1501 2497 Vergilius:
1528 2409 1623 2486 „hinc

433 2519 608 2585 metuunt''
620 2538 649 2585 e.
663 2542 692 2604 q.
707 2542 731 2584 s.
753 2519 809 2599 (Vl
823 2518 919 2598 733);
940 2517 995 2583 sed
1015 2517 1156 2585 dolorem
1176 2519 1228 2583 hic
1247 2521 1282 2582 in
1293 2518 1417 2583 laetitia
1429 2538 1490 2581 non
1504 2518 1621 2602 posuit.

432 2627 477 2692 Et
500 2630 581 2691 mire
604 2627 747 2693 ordinem
770 2628 929 2703 servarit,
954 2629 999 2690 sic
1023 2628 1108 2690 enim
1132 2646 1165 2690 se
1188 2627 1329 2690 invicem
1351 2632 1510 2689 secuntur.

480 2733 615 2797 Videtur
638 2754 706 2797 esse
728 2732 865 2810 Donati,
891 2739 1059 2817 sumptum
1082 2752 1121 2796 ex
1146 2730 1306 2796 doctrinae
1323 2733 1414 2815 copia
1433 2730 1625 2794 Varroniano

432 2841 488 2920 (cf.
514 2838 645 2904 Servius
669 2839 707 2904 ad
732 2840 809 2904 Aen.
834 2838 855 2903 l.
881 2837 929 2918 1.).

478 2945 685 3033 Eugrephius
708 2945 746 3012 de
771 2944 999 3011 vocabulorum
1025 2943 1134 3011 ordine
1158 2944 1322 3031 loquacius
1344 2943 1430 3009 idem
1454 2943 1555 3010 docet.

482 3129 524 3196 37
548 3130 605 3211 (4).
637 3132 705 3195 Aut
735 3129 853 3216 dignus
879 3128 1005 3206 „odio”,
1029 3136 1085 3194 aut
1109 3133 1310 3196 accusativus
1334 3153 1390 3216 pro
1415 3130 1553 3196 ablativo
1576 3138 1625 3195 est

432 3241 576 3325 positus,
608 3259 664 3323 pro
697 3238 788 3315 odio,
821 3244 877 3302 aut
907 3239 1078 3322 separatim
1111 3237 1264 3314 „odium”
1288 3237 1478 3325 legendum,
1503 3245 1540 3302 ut
1564 3240 1622 3302 sit:

433 3346 554 3431 dignus
578 3346 633 3429 qui
656 3342 740 3409 male
764 3344 918 3409 habearis.

479 3450 622 3516 Mediam
645 3454 841 3516 sententiam
861 3453 926 3515 iam
946 3448 1108 3515 inclinatis
1125 3449 1245 3516 litteris
1261 3453 1416 3536 expressit
1433 3450 1623 3516 Wessnerns.

436 3555 497 3622 Sed
519 3559 652 3621 initium
678 3577 802 3642 quoque
826 3577 844 3621 a
869 3554 993 3621 Donato
1016 3555 1262 3622 adiudicandum
1287 3557 1426 3633 videtur,
1446 3561 1501 3643 qui
1518 3557 1626 3623 lectio

434 3683 509 3726 nem
540 3665 662 3727 variam
694 3669 841 3727 accurate
871 3662 1011 3727 indicare
1041 3662 1122 3727 solet
1151 3684 1207 3747 per
1232 3661 1374 3749 „legitur
1395 3662 1460 3740 et’',
1485 3684 1541 3728 nec
1565 3666 1624 3727 mi-

433 3789 494 3831 uus
518 3771 613 3837 tertis
636 3771 794 3833 sententia
824 3774 894 3844 (aut
911 3804 949 3816 -
964 3767 1134 3847 habearis),
1166 3790 1240 3833 cum
1272 3768 1326 3834 ille
1358 3768 1624 3855 significationem

433 3876 570 3938 convicii
592 3873 744 3951 „odium”
765 3878 885 3940 iustius
906 3877 1111 3961 expressisset
1132 3896 1227 3959 quam
1248 3896 1303 3960 per
1317 3875 1455 3962 „dignus
1467 3897 1497 3961 q.
1512 3898 1555 3941 m.
1569 3876 1622 3940 h.”

433 3979 651 4066 Philosophus
673 3989 761 4046 amat
784 3985 833 4045 ter
857 3989 969 4066 quater
992 3984 1167 4065 repetitum
1192 3983 1301 4059 „ant”.

480 4163 534 4227 52.
558 4163 654 4228 Pater
676 4185 739 4228 non
762 4169 845 4229 recto
869 4166 998 4228 vinctus
1021 4170 1079 4228 est.
1115 4162 1184 4229 Sui.
1210 4163 1306 4228 Haud
1328 4166 1375 4228 ita
1397 4166 1478 4228 iussi

478 4269 720 4355 Amphiboliam
736 4272 769 4335 in
784 4291 866 4346 „non
879 4269 984 4335 recte’'
998 4268 1182 4356 designarit
1194 4270 1347 4345 Donatus,
1362 4273 1453 4335 cuins
1466 4278 1624 4356 postrema
1715 4346 1717 4350 ¹

431 4377 530 4442 verba
561 4383 638 4440 sunt
669 4376 735 4454 (3):
768 4375 958 4461 Pamphilus
990 4380 1076 4440 enim
1105 4378 1228 4442 dixerat
1253 4398 1335 4455 „non
1359 4376 1477 4455 iuste'',
1501 4375 1624 4442 illesic

430 4481 613 4567 respondit,
638 4484 729 4566 quasi
751 4481 869 4547 dixerit
894 4504 976 4560 „non
999 4481 1173 4569 diligenter
1196 4485 1322 4547 vinctus
1345 4482 1425 4548 est’'.

478 4588 649 4674 Repetitur
672 4588 721 4669 (3)
744 4591 778 4652 in
802 4590 866 4667 (l):
900 4588 1005 4653 idest
1029 4610 1112 4666 „non
1137 4589 1254 4665 iuste’',
1278 4588 1332 4654 sed
1356 4590 1408 4654 hic
1432 4587 1470 4653 ad
1495 4608 1623 4653 causam

430 4694 560 4761 rettulit
585 4717 669 4772 „non
692 4695 798 4760 iusto’'
810 4716 819 4774 ;
845 4715 941 4760 senex
966 4716 1040 4760 vero
1063 4695 1102 4759 ad
1126 4716 1194 4759 rem
1217 4694 1353 4760 ret-tulit.
1416 4695 1499 4759 Sunt
1520 4698 1624 4782 igitur

432 4803 511 4867 haec
534 4800 717 4886 philosophi
740 4800 901 4866 eulalius
925 4802 1083 4887 magistri.

1445 4921 1475 4969 ro
