4525 5950
661 695 724 760 164
994 714 1034 761 on
1056 714 1204 762 nnonror
1228 716 1310 762 erun
1333 716 1498 764 romanu.

656 885 816 964 postremo
836 878 990 944 Dolonem
1011 878 1239 963 speculatorem
1259 879 1450 956 Troianum,
1472 882 1526 965 qui
1546 876 1651 943 Κ333
1662 899 1734 964 sqq.
1756 880 1844 955 ἄμφ’

656 986 776 1058 θμοιοιν
801 985 955 1061 έβοὶλλετο
980 986 1135 1060 καμπύλαι
1158 986 1252 1064 τθξα,
1277 986 1414 1050 ’τέοοοιτο
1437 987 1463 1050 θ’
1483 983 1604 1048 ἔκτοσθε
1628 984 1706 1062 drabe
1727 993 1846 1048 πολιοῖο

657 1092 774 1170 λύκοιο,
800 1091 885 1169 κρατὶ
911 1091 936 1154 δ’
958 1092 1007 1155 ἐπὶ
1032 1093 1149 1165 κτιδέην
1174 1093 1287 1169 κυνέην,
1311 1090 1361 1156 ἕλε
1387 1093 1413 1156 δ’
1432 1090 1500 1166 ὀξὺν
1520 1088 1645 1157 ἄκοντα.
1673 1090 1725 1155 Ab
1744 1089 1847 1156 altera

657 1205 746 1284 parte
770 1200 937 1284 Agamnon
962 1210 989 1263 Λ
1005 1198 1045 1263 41
1072 1199 1159 1274 κρατὶ
1184 1199 1233 1260 ἐπ’
1257 1198 1448 1277 αμφθφαλον
1472 1197 1575 1270 κυνέην
1601 1197 1679 1261 ’θέτο
1706 1220 1848 1275 serpa-

657 1307 835 1385 φύληρον
871 1302 1019 1382 ἵππουριν,
1061 1307 1115 1390 qni
1150 1311 1257 1370 tamen
1292 1326 1339 1370 vs.
1377 1303 1417 1370 19
1453 1305 1617 1370 thoracem
1651 1308 1797 1369 aeneum
1830 1324 1847 1368 a

656 1408 775 1498 Cinyra
797 1432 872 1498 rege
895 1408 994 1498 Cypri
1018 1416 1184 1496 acceptum
1206 1410 1321 1476 induit.
1345 1411 1386 1476 Et
1409 1410 1554 1475 Patroclo
1578 1420 1606 1474 [Ι
1633 1408 1702 1474 793
1726 1408 1847 1496 Apollo

657 1517 783 1604 galeam
807 1517 942 1594 ademit,
968 1515 984 1589 ἣ
1008 1518 1039 1581 δέ
1064 1519 1256 1593 κυλινδομένη
1282 1521 1422 1596 καναχὴν
1447 1517 1501 1596 έχε
1526 1518 1633 1580 ποσσὶν
1659 1515 1719 1594 ὕφ’
1746 1513 1848 1579 ἵπποιο

657 1627 837 1695 αὐλῶπις
874 1624 1065 1703 τρυφάλεια,
1101 1627 1192 1688 cuius
1227 1624 1338 1689 deinde
1370 1645 1416 1688 vs.
1448 1623 1514 1688 804
1545 1621 1644 1688 solvit
1679 1623 1848 1688 thoracem

657 1735 790 1794 aeneum
806 1726 839 1811 ¹).
871 1730 913 1794 Et
936 1729 1076 1795 Achilles
1101 1729 1206 1794 x314
1231 1730 1325 1807 κθρυθι
1351 1729 1471 1794 ἐπένευε
1496 1729 1607 1809 vaste„
1630 1726 1849 1807 τετραφάλῳ,

657 1837 779 1900 cinctus
799 1839 895 1900 armis
915 1856 995 1921 qnae
1015 1839 1044 1901 ei
1065 1837 1253 1920 praebuerat
1272 1834 1440 1900 Vulcanus.
1461 1833 1618 1902 Credibile
1638 1843 1703 1911 est,
1716 1835 1752 1900 id
1765 1835 1850 1921 quod

657 1942 787 2027 posthac
807 1942 1028 2008 demonstrabo
1042 1940 1078 2021 ²),
1099 1942 1236 2007 alterum
1256 1948 1288 2007 et
1306 1945 1439 2007 tertium
1458 1940 1565 2006 locum
1576 1943 1599 2004 i.
1613 1962 1639 2005 e.
1653 1963 1725 2006 vss.
1739 1952 1768 2007 Π
1786 1939 1850 2006 793

659 2047 762 2112 Χ314
783 2051 937 2113 restitisse
957 2069 974 2112 e
994 2050 1187 2113 carminibus
1205 2050 1449 2124 vetustioribus,
1470 2048 1584 2133 quibus
1604 2069 1668 2112 non
1690 2049 1851 2113 thoracati

657 2161 906 2239 proponerentur
927 2152 1086 2219 Patrocles
1105 2161 1137 2218 et
1149 2153 1302 2231 Achilles,
1315 2153 1369 2218 sed
1382 2153 1603 2239 quoquomodo
1615 2153 1680 2217 hoc
1693 2155 1850 2230 sehabet,

657 2259 828 2345 prudenter
858 2262 978 2344 egerit,
1009 2262 1081 2344 qui,
1105 2262 1234 2325 nomina
1257 2262 1414 2338 αὐλῶπις,
1439 2263 1656 2337 τετράφαλος,
1688 2262 1851 2337 τετραφά-

658 2381 743 2442 ληριι
757 2369 911 2431 sententia
930 2364 1054 2431 exoleta
1073 2370 1170 2432 etiam
1190 2365 1365 2432 cassidibus
1384 2366 1484 2431 tribui
1502 2385 1591 2450 possa
1611 2367 1786 2449 opinatus,
1807 2369 1850 2432 eis

657 2477 784 2537 tantum
815 2471 891 2537 locis
922 2493 1031 2537 revera
1061 2471 1163 2557 galeis
1187 2475 1317 2537 scorteis
1340 2471 1460 2536 milites
1483 2477 1581 2536 tectos
1604 2474 1767 2537 statuerit
1791 2472 1849 2536 sibi

656 2581 855 2664 proposuisse
884 2583 1009 2663 politas,
1041 2580 1096 2643 ubi
1122 2599 1139 2643 e
1163 2580 1256 2643 rebus
1279 2581 1413 2643 narratis
1436 2578 1495 2643 hoo
1518 2574 1744 2642 concludatur.
1772 2577 1851 2659 Qua

657 2693 787 2769 propter
810 2687 908 2749 etiam
932 2686 1025 2762 κθρυθ·
1051 2685 1152 2753 αἰθλοι
1177 2688 1203 2749 si
1226 2687 1444 2771 interpretaris
1469 2684 1616 2761 „vibrans
1638 2682 1802 2769 galeam'’
1817 2682 1849 2764 ¹),

657 2790 740 2876 quod
771 2792 877 2875 aptius
908 2789 945 2855 de
974 2788 1065 2877 galea
1088 2797 1208 2856 scortea
1231 2791 1357 2869 dieitur,
1381 2812 1460 2876 quae
1483 2811 1557 2855 cum
1579 2796 1755 2874 prematur
1779 2813 1850 2878 pon

605 2957 608 2961 ,
657 2896 730 2961 dere
763 2900 876 2961 cristae
910 2903 999 2962 moto
1033 2901 1136 2983 capite
1167 2898 1320 2975 vibretur,
1356 2918 1451 2983 quarn
1483 2897 1520 2962 de
1551 2895 1693 2976 casside,
1727 2901 1849 2985 quippe

656 3024 737 3090 quae
768 3004 872 3090 rigida
902 3006 944 3069 sit
971 3026 1072 3090 neque
1096 3007 1214 3070 vibrari
1236 3011 1346 3090 queat,
1372 3012 1496 3082 tamen,
1521 3003 1669 3089 neglecta
1693 3004 1757 3070 illa
1783 3027 1848 3092 pro

655 3113 790 3196 prietate
820 3111 963 3176 adhiberi
993 3114 1098 3196 potuit
1128 3112 1167 3177 de
1198 3111 1348 3177 bellatore
1378 3112 1436 3176 hae
1467 3116 1597 3176 armato.
1630 3109 1709 3196 Ipse
1733 3133 1848 3178 versus

656 3216 760 3282 θιεινθν
796 3217 826 3282 θέ
858 3219 951 3296 λύφοα
984 3218 1166 3295 καθύπερθεν
1198 3217 1294 3293 ἔνευε,
1333 3220 1480 3304 quamvis
1513 3218 1552 3282 ob
1583 3218 1724 3282 eandem
1757 3219 1848 3284 illam

656 3345 784 3390 causam
804 3328 910 3410 potius
928 3324 1054 3411 galeam
1073 3332 1227 3390 scortoam
1247 3324 1413 3410 intellegas
1427 3324 1463 3405 ⁴),
1485 3330 1590 3388 tamen
1603 3345 1670 3388 non
1683 3326 1848 3392 eiusmodi

656 3602 734 3651 minus
747 3602 861 3667 spectavit
876 3607 959 3651 auctor
967 3617 1037 3666 qnam
1046 3605 1074 3651 nt
1085 3602 1220 3651 Diomedem
1228 3601 1377 3650 thoracatum
1386 3603 1496 3664 fingeret,
1505 3600 1592 3665 quippe
1600 3600 1638 3649 cni
1650 3615 1688 3651 vs.
1700 3602 1753 3656 las
1764 3605 1849 3671 pelle·

656 3685 730 3734 leonis
747 3701 791 3749 pro
807 3685 857 3733 eolo
874 3684 961 3733 vestitu
979 3685 1092 3743 dedisset,
1109 3700 1184 3747 neque
1201 3683 1328 3748 quidquam
1343 3688 1456 3733 mutsseet
1470 3700 1523 3733 oum
1540 3683 1608 3731 Ulixe
1622 3683 1652 3731 ed
1669 3687 1847 3750 speculanda·

655 3768 826 3833 proficiscenti,
847 3767 893 3817 nisi
916 3767 977 3832 qnod
1000 3767 1107 3830 galerum
1124 3783 1138 3814 a
1155 3766 1312 3830 Thrasymede
1328 3767 1481 3831 accipientem
1498 3767 1592 3815 laceret.
1611 3767 1753 3818 Manifesta
1772 3769 1847 3834 igitur

655 3865 740 3915 perum
757 3850 843 3899 borum
860 3865 951 3899 mersor
967 3865 1000 3898 vs.
1018 3851 1067 3899 498
1084 3865 1137 3898 enm
1155 3848 1295 3915 hippobetee
1313 3849 1363 3898 vice
1380 3849 1517 3912 fungentem
1534 3848 1596 3897 lecit.

692 3932 718 3995 l)
737 3948 760 3993 p.
779 3934 834 3982 let.

690 4016 717 4077 2)
737 4014 796 4062 Vide
813 4015 876 4062 inire
893 4016 954 4076 514.

690 4097 717 4159 3)
740 4097 785 4145 Sed
807 4112 881 4160 aequo
904 4096 956 4146 inre
978 4095 1100 4159 intelleges
1125 4096 1246 4145 „munitus
1267 4095 1333 4160 galee
1350 4096 1485 4161 veriegate”
1502 4097 1718 4160 (quemadmodum
1737 4100 1850 4163 αθολομθ·

657 4194 715 4237 πρηε
737 4182 772 4226 eet
797 4182 917 4227 munius
939 4179 1012 4227 mitre
1034 4176 1180 4241 veriegete'‘)
1201 4178 1278 4242 quod,
1296 4195 1342 4228 non
1359 4180 1437 4228 miuus
1453 4193 1523 4243 qnam
1540 4179 1569 4228 ed
1586 4180 1724 4244 cassidem,
1744 4186 1847 4250 pertinet

657 4261 686 4307 ad
703 4259 792 4322 galeam
810 4264 924 4310 scorteum
941 4276 1000 4324 quae
1018 4260 1113 4323 quidem
1130 4275 1184 4308 sere
1202 4260 1294 4310 innuite
1311 4260 1352 4310 sit.

691 4346 718 4403 4)
739 4343 814 4390 Miror
829 4342 969 4391 llobertinm
984 4341 1018 4391 l.l.
1033 4358 1056 4406 p.
1067 4342 1098 4390 50
1113 4341 1148 4389 ita
1162 4342 1287 4391 disserere:
1304 4342 1454 4406 ‚Allerdings
1469 4342 1507 4391 die
1520 4342 1616 4393 dormel
1631 4341 1713 4395 δεινὸν
1729 4345 1758 4397 δέ
1775 4352 1847 4409 uper

658 4422 800 4484 καθύπερθεν
822 4422 900 4472 ’θνευεν
923 4423 1036 4472 schildert
1058 4423 1103 4472 mit
1118 4439 1144 4472 so
1161 4423 1296 4487 lebendiger
1312 4424 1521 4474 Anecbenlielrkeit
1537 4425 1583 4473 den
1600 4427 1664 4476 uach
1684 4445 1747 4479 vern
1767 4430 1846 4480 hereb

657 4507 789 4556 nickenden
809 4506 887 4555 Buecb
905 4508 945 4555 des
963 4505 1148 4555 Korinthischen
1168 4506 1265 4565 Helmr,
1284 4507 1394 4556 sibrand
1414 4508 1455 4556 der
1472 4507 1512 4556 des
1530 4507 1709 4570 Mykenisehen
1728 4514 1845 4561 entweder

657 4589 717 4638 nach
740 4588 823 4638 hinlen
846 4589 990 4637 snrdcksallt
1013 4589 1070 4637 oder
1086 4588 1231 4653 dammartig
1247 4587 1352 4649 ebstebt,
1370 4590 1422 4639 dees
1438 4605 1461 4639 es
1479 4589 1568 4639 sehwer
1584 4589 1650 4650 lille,
1668 4592 1765 4644 hierbei
1784 4594 1845 4644 nieht

658 4686 687 4718 an
710 4671 754 4719 den
780 4671 934 4721 Bronsehelm
952 4687 980 4720 zu
997 4670 1113 4720 denken”.
1132 4671 1224 4721 Cristae
1241 4681 1289 4721 tem
1307 4673 1428 4738 resupinos
1445 4687 1516 4737 quem
1533 4688 1620 4737 pronus
1637 4676 1775 4725 ostendunt
1794 4678 1845 4725 ins

658 4752 723 4814 ginee
745 4752 769 4800 tt
791 4753 906 4801 cassidum
929 4753 952 4802 tt
974 4753 1095 4816 galearum
1117 4761 1269 4803 scorteernm.
1294 4754 1378 4818 Neque
1402 4755 1425 4802 id
1442 4754 1480 4803 bic
1498 4753 1586 4818 egitur,
1606 4755 1647 4803 sed
1668 4761 1758 4807 utrum
1776 4759 1843 4807 enos

659 4838 728 4882 nutet
745 4850 775 4882 ιιι
792 4833 891 4883 immota
906 4838 961 4883 stet.
