4525 5950
534 679 598 744 316
1004 695 1246 744 nuuosrnnaas.

532 862 618 925 Pedi.
643 884 674 946 p.
702 860 782 925 198:
813 860 954 938 „Adulta
978 867 1081 926 aetate
1104 864 1237 926 iuvenes
1261 864 1294 924 in
1319 860 1452 926 demis.
1477 863 1554 947 pagi
1578 864 1628 925 sui
1651 861 1718 925 albo

530 969 801 1032 inscribebantur:
834 966 946 1031 deinde
971 971 1004 1031 in
1028 970 1212 1032 concionem
1237 966 1349 1051 populi
1371 968 1405 1030 in
1429 967 1556 1032 theatro
1581 966 1721 1052 producti

532 1074 686 1158 hastaque
717 1077 749 1137 et
781 1079 871 1137 scuto
902 1075 1053 1137 instructi
1084 1076 1116 1136 in
1141 1093 1246 1137 arcem
1272 1072 1494 1158 templumque
1520 1072 1656 1158 Aglauri
1679 1093 1721 1136 so

533 1177 632 1242 lemni
667 1198 784 1262 pompa
819 1177 1064 1242 deducebantur.
1096 1177 1146 1241 Ibi
1176 1178 1400 1242 iusiurandum
1432 1178 1569 1255 dabant,
1605 1199 1638 1242 se
1669 1199 1721 1262 pro

533 1283 622 1348 virili
652 1289 741 1368 parte
771 1305 870 1368 remp.
895 1286 1027 1368 eiusque
1050 1282 1188 1348 salutem
1213 1283 1299 1347 domi
1323 1284 1462 1368 forisque
1485 1291 1722 1348 conservaturos

533 1390 632 1454 esse.'’
658 1388 758 1454 Multi
777 1389 814 1453 de
833 1390 892 1454 hoc
912 1396 1103 1475 argumento
1124 1395 1278 1474 egerunt,
1299 1410 1378 1473 quos
1397 1389 1537 1454 indicare
1549 1389 1634 1454 nihil
1647 1410 1722 1475 opus

533 1502 591 1560 est.
616 1495 727 1580 Ipsum
751 1495 976 1560 iusturandum
1001 1500 1165 1559 servatum
1189 1496 1228 1559 ab
1252 1494 1387 1560 Stobaeo
1411 1494 1522 1559 FloriI.
1543 1494 1653 1559 XLIII
1674 1494 1724 1571 48,

437 1662 440 1669 ,
534 1601 573 1666 cf.
595 1599 722 1665 Schdm.
743 1602 780 1663 de
795 1601 896 1664 Gemit.
909 1622 940 1686 p.
955 1599 1031 1665 332.
1052 1600 1224 1679 Quaeritur
1243 1605 1351 1665 autem
1364 1608 1477 1665 utrum
1489 1622 1601 1666 omnes
1613 1600 1724 1678 ἔφηβον

533 1709 568 1769 in
604 1705 767 1769 theatrum
801 1706 977 1770 introducti
1010 1706 1130 1771 suerint
1162 1726 1201 1769 an
1232 1707 1258 1769 ii
1288 1712 1433 1782 tantum,
1458 1726 1598 1789 quorum
1624 1711 1726 1791 patres

533 1810 617 1876 bello
647 1812 869 1876 occubuerant.
904 1810 974 1876 Hoc
1004 1809 1151 1895 equIdem
1178 1809 1261 1875 malo
1285 1816 1414 1895 propter
1438 1810 1648 1876 Aristotelem
1673 1812 1726 1875 Po

535 1916 615 1982 litio.
639 1916 729 1981 118:
763 1916 966 1996 (Ἱππόδαμος
1002 1919 1201 1996 Εὐρυφῶντος
1237 1917 1389 1988 Μολνίσοος
1421 1916 1509 1991 νίμον
1535 1916 1642 1993 ἕτίίεν)
1666 1925 1724 1986 τοῖς

536 2023 624 2086 παισί
658 2030 715 2085 τῶν
746 2024 776 2084 ἐν
808 2025 848 2100 τῷ
881 2022 1007 2101 πολίμῳ
1040 2019 1251 2085 τελευτώντων
1282 2022 1315 2084 ἐκ
1340 2020 1483 2098 δημοσίου
1507 2023 1650 2099 γίνεσίαο
1674 2025 1726 2093 τίην

535 2129 660 2204 τροφήν,
685 2130 721 2196 οἷς
746 2127 827 2192 οὔπω
852 2133 941 2191 τοῦτο
965 2129 1038 2205 παρ’
1063 2126 1170 2197 ἄλλοις
1197 2127 1479 2202 νενομοθετημένον·
1505 2128 1550 2195 ἓςν
1571 2128 1604 2192 δὲ
1623 2131 1676 2192 καί
1699 2129 1727 2192 ἓν

537 2234 678 2306 Ἀθήναις
710 2229 795 2304 οὗτος
828 2234 842 2297 ί
874 2231 962 2308 νόμος
993 2237 1044 2295 νῦν
1073 2236 1124 2295 καί
1153 2234 1181 2296 ἐν
1207 2233 1322 2310 ἑτέραις
1347 2234 1406 2295 τῶν
1426 2233 1554 2311 πίλευν,
1581 2254 1663 2319 quae
1686 2255 1728 2298 se

537 2345 630 2403 cutae
661 2343 767 2416 erant,
800 2342 922 2425 opinor,
946 2337 1133 2423 exemplum
1157 2338 1241 2423 quod
1265 2338 1415 2404 dederant
1437 2339 1667 2415 Athenienses,
1690 2339 1726 2404 cf.

536 2443 672 2509 Timocr.
693 2446 710 2528 ξ
731 2444 797 2508 210
818 2467 848 2530 p.
865 2442 940 2511 765.
964 2443 1054 2508 Nihil
1077 2444 1195 2507 horum
1219 2444 1351 2509 sortasse
1375 2446 1575 2529 attigissem,
1600 2447 1664 2509 nisi
1687 2445 1728 2508 di·

536 2553 644 2636 gitum
669 2548 842 2615 voluissem
867 2549 1031 2614 intendere
1055 2552 1088 2613 in
1113 2549 1224 2612 Maeni.
1248 2547 1334 2612 1855
1358 2570 1388 2633 p.
1411 2548 1487 2627 309,
1507 2551 1564 2614 ubi
1586 2551 1726 2635 primum

538 2653 677 2722 Oobetus
707 2654 817 2720 laudat
839 2653 955 2720 Aesch.
981 2653 1066 2720 Otos.
1090 2652 1204 2736 §1542
1230 2653 1376 2731 προελίοδν
1399 2655 1413 2717 ὅ
1439 2653 1531 2733 κηρυξ
1554 2655 1608 2717 καί
1634 2678 1726 2734 παρα·

537 2761 708 2836 ςησοίμενος
739 2762 981 2838 retrocessis
1008 2757 1045 2824 ὦν
1070 2761 1095 2824 οί
1120 2760 1252 2837 πατέρες
1277 2757 1352 2832 ἦσαν
1378 2761 1407 2823 ἐν
1431 2763 1472 2839 τῷ
1496 2761 1623 2839 πολέμου
1647 2785 1729 2825 τετε

537 2867 739 2943 λευτηκίτες,
772 2870 943 2936 νεανίσκους
973 2868 1134 2948 πανοπλίρι
1158 2866 1400 2940 κεκοσμημένους
1425 2865 1570 2944 ίνονίρυττε
1595 2867 1631 2930 τὸ
1656 2865 1729 2931 sde-

537 2989 620 3041 λοςον
656 2975 803 3050 κηρυγμα
839 2975 888 3036 καί
922 2968 1226 3051 προτρεπτικώτατον
1258 2971 1331 3051 πρὸς
1371 2972 1498 3052 ἀρετήν,
1538 2971 1585 3035 ὅτε
1625 2974 1726 3045 τούςδε

537 3082 606 3148 τοὺς
632 3081 822 3157 νεανίσκους,
854 3075 891 3143 ὧν
915 3081 940 3143 oi
966 3076 1096 3155 πατέρες
1122 3078 1331 3151 ἐτελεύτησαν
1356 3077 1386 3140 ἕν
1409 3081 1450 3156 τῷ
1476 3077 1601 3156 πολέμῳ
1625 3078 1727 3157 ἄνδρες

538 3187 649 3263 erato}
682 3186 856 3262 γενόμενος,
889 3187 982 3264 μέχρι
1014 3187 1069 3259 μὲν
1104 3182 1181 3259 ἥβης
1209 3185 1222 3246 o‘
1247 3184 1341 3257 δῆμος
1366 3183 1494 3262 ἔτρεφε,
1520 3189 1570 3246 νῦν
1592 3184 1623 3247 δὲ
1646 3188 1729 3249 καίο-

538 3296 654 3361 πλίσας
687 3291 760 3370 τῇδε
784 3300 821 3368 τῇ
848 3290 1007 3373 πανοπλίᾳ
1031 3289 1159 3367 οίΦίησον
1184 3291 1289 3367 atrati
1314 3290 1397 3369 τύχη
1421 3290 1586 3368 τρίπεσίαο
1613 3290 1663 3353 ε’πδ
1689 3291 1728 3354 τὰ

539 3399 652 3461 ἑαυτῶν
685 3397 735 3459 καὶ
770 3403 863 3459 καλεῖ
891 3397 932 3465 είς
966 3394 1131 3474 προεδρίαν.
1157 3394 1279 3459 Deinde
1303 3391 1441 3460 Gobetus
1464 3396 1585 3460 confert
1609 3393 1731 3461 Orat-ini

538 3502 645 3568 locum
670 3502 754 3586 apud
777 3501 910 3565 Suidam
931 3523 961 3565 v.
981 3501 1176 3577 οὶμιίνασίαο,
1197 3506 1234 3564 ut
1253 3499 1440 3564 felicissimo
1460 3504 1608 3567 acumine
1627 3523 1732 3567 emen·

539 3609 609 3672 det:
635 3607 744 3677 αὐτοὺς
770 3607 958 3683 ἐπαίδευσεν,
984 3606 1087 3684 ἔθρεψέ
1113 3604 1320 3680 reineccium
1341 3609 1500 3686 χρήμασιν
1519 3608 1561 3674 είς
1582 3608 1663 3684 ἥβην
1684 3606 1731 3672 ίνα

539 3712 569 3777 ci
588 3737 662 3776 ποτε
687 3715 788 3790 sapa
813 3715 993 3789 ἀμύναιντο.
1017 3712 1148 3776 Etenim
1171 3711 1210 3775 ad
1234 3732 1287 3776 eos
1320 3715 1423 3796 ipsos,
1447 3718 1485 3776 ut
1507 3714 1554 3776 ait
1574 3710 1730 3790 Oobetus,

540 3822 596 3904 qui
629 3820 721 3882 novis
756 3821 854 3882 armis
888 3817 1048 3903 fulgentes
1083 3820 1116 3881 in
1151 3816 1220 3881 Ioco
1255 3820 1424 3902 conspicuo
1460 3816 1605 3882 sedentes
1638 3817 1731 3883 ludos

541 3924 740 4008 spectabant,
773 3944 806 3987 se
838 3924 937 3988 Poeta
968 3928 1096 4007 repente
1124 3925 1282 3987 convertit
1306 3929 1338 3986 et
1361 3943 1415 3987 eos
1438 3922 1590 3988 admonet
1615 3931 1654 3988 ut
1677 3947 1732 4010 pro

542 4030 593 4094 his
628 4028 785 4094 beneficiis
817 4030 932 4093 sortem
962 4050 998 4094 ac
1028 4036 1192 4094 strenuam
1224 4031 1300 4113 reip.
1325 4049 1453 4112 operam
1476 4034 1656 4113 praestent,
1682 4032 1734 4095 his

540 4135 662 4199 verbis:

1330 4238 1358 4319 (ί
1383 4243 1504 4317 Δῆμος)

721 4347 814 4418 αὐτὸς
840 4344 1019 4409 ε’παίδευτίν
1045 4348 1072 4408 τ’
1096 4343 1242 4422 οξνίίρεψί
1265 4369 1300 4407 τε
1325 4344 1492 4417 δημοσίονσο

723 4454 881 4533 χρήμασιν
907 4453 947 4522 είς
975 4450 1052 4527 ἥβην
1076 4449 1124 4516 ίνα
1149 4446 1179 4514 οί
1199 4475 1274 4514 ποτε
1298 4452 1402 4528 λοογδν
1427 4451 1569 4526 α’μύναος.

585 4665 603 4747 §
624 4663 689 4729 307
714 4687 745 4749 p.
771 4662 854 4729 439:
880 4660 941 4740 οἶροί
966 4688 1005 4740 γε
1028 4660 1118 4739 ίμοοοι
1141 4667 1156 4737 ἦ
1180 4668 1385 4744 παραπλησία
1407 4663 1539 4740 codrum
1561 4663 1599 4728 In
1619 4669 1733 4732 Anecd.

542 4770 601 4834 Bt.
623 4791 654 4853 p.
677 4769 807 4834 163.11
829 4769 979 4834 laudatur
1000 4770 1066 4833 καί
1086 4770 1310 4848 παραπλήσια,
1330 4770 1413 4855 quod
1434 4770 1734 4855 fortassepreestet.
