4525 5950
664 696 730 762 400
1193 710 1330 759 ovmms.

662 883 695 944 et
721 882 850 943 tautum
880 897 943 941 nou
973 877 1080 960 inepte
1109 877 1144 939 in
1168 873 1364 962 superlativo
1387 878 1528 961 ponitur.
1552 876 1590 942 In
1614 897 1682 944 uno
1708 881 1798 944 enim
1820 880 1860 942 si-

661 988 789 1063 deream,
825 981 910 1069 quod
944 982 1031 1046 idem
1066 986 1116 1046 est
1145 988 1241 1067 atque
1271 984 1393 1046 densum
1421 983 1569 1047 sideribus
1599 985 1717 1049 insunt
1742 987 1858 1050 omnia

661 1091 772 1176 Neque
795 1087 971 1174 quidquam
993 1089 1078 1152 inest
1100 1089 1135 1150 in
1158 1085 1214 1152 illa
1237 1089 1377 1168 temporie
1399 1088 1652 1175 significatione,
1678 1090 1770 1175 quod
1792 1111 1860 1177 gns·

661 1217 716 1262 ves
738 1195 811 1261 illas
833 1194 1073 1259 terminationes
1094 1191 1150 1268 sol,
1174 1214 1241 1270 noc,
1265 1193 1413 1280 deinceps
1434 1196 1556 1279 poeitae
1578 1198 1740 1281 requirat.

707 1300 750 1366 34
786 1298 953 1387 Myscelus
982 1296 1082 1363 semel
1111 1300 1296 1383 iterumque
1325 1301 1496 1366 insomne
1519 1302 1558 1366 ab
1581 1300 1732 1367 Hercule
1755 1305 1860 1368 iussus

590 1417 596 1424 '
660 1410 798 1493 patriam
820 1405 999 1490 relinquere

795 1512 971 1576 Pertimuit
994 1512 1199 1594 patriumque
1222 1510 1320 1575 simul
1343 1511 1512 1577 transferre
1534 1513 1670 1598 parabat

795 1617 833 1683 In
857 1595 1130 1700 sodss'psnetnle
1154 1636 1261 1681 novas.

659 1724 744 1791 Satis
763 1727 916 1789 inusitate
936 1723 988 1787 hio
1008 1721 1099 1785 simul
1118 1743 1155 1788 eo
1175 1725 1307 1807 ponitur
1325 1743 1420 1788 sensu
1440 1744 1536 1809 quem
1555 1723 1618 1787 iam
1630 1725 1757 1792 habere
1769 1726 1858 1794 solet.

705 1829 748 1895 56
783 1829 911 1895 Invenit
941 1826 1106 1914 Myscelus
1137 1833 1210 1912 post
1232 1827 1358 1913 aliquos
1380 1850 1502 1895 errores
1527 1829 1671 1897 fluvium
1698 1836 1858 1911 Aesarem

657 1938 714 2002 ubi
737 1937 851 2002 urbem
874 1934 1006 2001 condere
1028 1937 1136 1999 iussus
1158 1941 1226 1999 est:
1333 1958 1336 1965 ⁴

792 2042 859 2107 Nec
880 2039 992 2125 procul
1015 2039 1088 2103 hinc
1111 2036 1294 2116 tumulum,
1319 2039 1464 2126 subque
1487 2048 1611 2107 sacrata
1633 2040 1793 2111 Crotonis

794 2147 872 2211 Ossa
894 2146 1024 2231 tegebat
1047 2146 1184 2222 humus,
1209 2147 1359 2231 iussaque
1381 2146 1428 2212 ibi
1450 2149 1578 2212 moenia
1601 2154 1694 2215 terra

793 2250 943 2320 Condidit
965 2257 998 2317 et
1020 2272 1136 2316 nomen
1159 2249 1315 2316 tumulati
1338 2255 1437 2317 traxit
1458 2254 1493 2317 in
1515 2254 1642 2319 urbem.

658 2359 760 2425 Verbo
782 2358 922 2422 trahendi
946 2359 1014 2422 rim
1037 2356 1114 2422 fecit
1134 2363 1243 2441 poeta:
1264 2358 1383 2422 tradere
1401 2361 1489 2424 enim
1505 2381 1609 2424 nomen
1628 2366 1722 2428 recte
1743 2361 1856 2428 dicitnr

657 2464 753 2530 homo
777 2463 829 2530 vel
852 2463 957 2540 locus,
981 2465 1037 2547 qni
1061 2483 1179 2528 nomeu
1201 2463 1322 2545 accipit.
1348 2461 1396 2530 of.
1421 2463 1474 2541 IV,
1498 2462 1585 2530 291:
1613 2488 1761 2541 „nomeu
1784 2492 1855 2555 quo

658 2591 719 2655 que
749 2572 847 2634 traxit
880 2571 919 2635 ab
948 2567 1048 2634 illis”.
1079 2567 1202 2634 Eodem
1233 2569 1328 2635 modo
1351 2569 1468 2654 aliquis
1494 2573 1633 2657 „quiin
1658 2596 1789 2642 novum
1810 2582 1854 2641 est

656 2683 802 2742 mutatus
835 2674 970 2759 corpns”
1002 2673 1137 2739 dicitur:
1161 2673 1319 2752 colorem,
1343 2675 1501 2755 formem,
1526 2698 1705 2763 squamas,
1731 2682 1852 2768 plumas

656 2785 764 2847 simm.
789 2782 916 2845 hulme.

703 2886 767 2954 167
803 2887 903 2951 Docet
927 2884 1146 2972 Pythagoras:

1423 2994 1519 3061 Errat
1541 3001 1575 3062 et
1599 2996 1698 3064 illinc

788 3097 863 3164 Huc
886 3100 993 3175 yenit,
1017 3097 1093 3162 hino
1116 3096 1195 3163 illuc
1220 3105 1253 3162 et
1276 3100 1436 3184 quoslibet
1460 3109 1597 3187 occupat
1621 3111 1718 3171 artus

787 3203 928 3290 Spiritus
948 3223 1027 3288 eque
1051 3202 1127 3268 feris
1151 3204 1291 3269 humana
1314 3207 1349 3269 iu
1373 3226 1502 3291 corpora
1525 3211 1645 3274 transit

790 3311 890 3396 lnque
913 3310 997 3375 feras
1020 3315 1137 3374 noster.

652 3416 850 3482 Vocabulum
882 3439 912 3501 q.
936 3437 963 3479 e.
1000 3423 1099 3480 noster
1133 3435 1170 3480 eo
1203 3415 1272 3481 looo
1304 3420 1353 3482 est
1384 3420 1527 3501 positum
1560 3424 1600 3483 ut
1631 3426 1708 3488 tota
1740 3424 1843 3488 horum

653 3545 806 3590 versuum
830 3524 987 3587 sententia
1010 3520 1187 3585 admodum
1210 3520 1266 3585 liat
1288 3522 1431 3588 obscura.

699 3629 764 3694 525
778 3651 823 3715 sq.
848 3628 983 3713 Egeriae
1006 3630 1051 3692 sic
1074 3627 1112 3693 de
1136 3630 1226 3692 exitu
1249 3649 1307 3693 suo
1331 3634 1439 3695 narrat
1463 3630 1689 3718 Hippolytus:

786 3735 942 3799 Excutior
966 3754 1079 3809 curru,
1103 3732 1243 3818 lorisque
1266 3736 1451 3800 tenentibus
1473 3743 1562 3800 artus

788 3840 914 3904 Viscera
936 3841 1013 3902 viva
1036 3837 1120 3902 trahi
1143 3860 1320 3924 nervosque
1341 3842 1375 3904 in
1399 3843 1498 3927 stirpe
1521 3846 1641 3921 teneri,

786 3944 935 4009 Membra
957 3946 1028 4028 rapi
1051 3945 1186 4028 partim,
1210 3947 1394 4032 partimque
1417 3968 1565 4033 reprensa
1588 3948 1751 4038 relinqui,

787 4049 865 4115 Ossa
887 4070 1020 4134 gravem
1044 4049 1118 4113 dare
1141 4049 1239 4114 fracta
1262 4072 1377 4118 sonum
1400 4054 1581 4139 fessamque
1603 4056 1728 4122 videam

786 4154 940 4221 Exhalari
963 4157 1122 4231 animam,
1146 4154 1315 4240 nullasque
1337 4160 1370 4221 in
1393 4179 1523 4243 corpore
1545 4166 1658 4243 partes

785 4262 921 4326 Noscere
944 4281 1022 4346 quas
1043 4281 1169 4345 posses:
1194 4282 1360 4347 unumque
1381 4271 1450 4328 erat
1471 4266 1581 4329 omnia
1605 4267 1741 4335 vulnus.

649 4368 787 4454 Figura,
819 4388 900 4452 quae
935 4367 1111 4451 „zeugma”
1138 4366 1265 4444 dicitnr,
1290 4372 1440 4434 novimus
1465 4390 1574 4435 omnes
1598 4393 1702 4457 quam
1726 4376 1840 4441 sitire

649 4495 749 4559 quens
780 4479 812 4538 et
843 4478 1000 4557 quantum
1029 4473 1091 4537 sibi
1114 4476 1147 4537 in
1170 4494 1208 4538 ea
1230 4473 1408 4540 adhibenda
1431 4474 1613 4562 largiantur
1637 4488 1771 4565 poetae,
1793 4478 1840 4547 sod

649 4600 743 4644 nemo
777 4600 916 4664 usquam
950 4578 1039 4643 illius
1074 4600 1168 4644 causa
1203 4587 1270 4644 tem
1308 4580 1511 4646 vehementer
1541 4590 1733 4652 contortum
1765 4586 1838 4653 vidit

647 4684 798 4769 loquendi
832 4705 927 4747 usum
963 4704 1059 4769 quam
1094 4683 1163 4761 hic,
1199 4685 1255 4748 ubi
1290 4688 1451 4770 primum,
1484 4686 1579 4752 solita
1611 4693 1837 4759 vocabulorum

649 4788 898 4874 significatione,
930 4789 1043 4852 piscem
1073 4789 1172 4866 trani,
1197 4812 1302 4854 nervos
1325 4791 1436 4868 team,
1460 4793 1587 4856 membra
1609 4798 1686 4880 rapi
1708 4800 1749 4862 ai
1756 4801 1837 4862 dm
