4525 5950
1061 701 1204 750 seorsus.
1681 679 1724 765 67
1761 753 1764 759 ,

529 873 655 955 opinor,
679 870 865 934 rectissime.
890 867 952 932 Sed
975 867 1059 953 quod
1080 866 1228 932 lacunam
1252 865 1344 930 illam
1368 865 1418 929 his
1444 865 1506 929 fere
1530 865 1635 928 verbis
1655 885 1728 949 sup-

529 976 683 1062 plendam
714 977 847 1040 statuit:
885 974 1010 1038 Vocibus
1038 973 1211 1057 supervenit
1242 972 1478 1047 tenebramur,
1504 970 1574 1035 falli
1598 970 1728 1035 videtur

532 1085 584 1147 vir
615 1082 919 1167 praestantissimus.
952 1079 1110 1164 Equidem
1140 1078 1299 1142 eiusmodi
1322 1075 1442 1160 aliquid
1466 1075 1626 1140 desidero:
1652 1075 1728 1158 Pop-

527 1212 610 1271 paeo
632 1189 681 1249 hia
699 1186 849 1271 questibus
862 1193 998 1269 permoto
1019 1207 1162 1248 rumorem
1176 1206 1236 1267 per
1254 1183 1385 1246 homines
1402 1181 1461 1245 eibi
1479 1183 1594 1245 deditos
1604 1182 1727 1265 sparsit.

531 1294 630 1358 Nam·
653 1296 761 1357 omnia
796 1313 876 1377 qnae
911 1292 1023 1356 deinde
1055 1290 1137 1355 fiunt
1169 1291 1336 1374 Poppaeae
1368 1289 1449 1352 liunt
1475 1291 1647 1353 instinctu:
1671 1286 1729 1351 illa

531 1402 644 1464 statim
677 1399 781 1461 turbis
811 1396 880 1461 illis
910 1392 1120 1462 inhonorem
1145 1395 1297 1460 Octaviae
1324 1398 1419 1459 motis
1443 1396 1588 1459 abutitur
1611 1394 1649 1459 ad
1673 1393 1729 1458 Oc-

533 1507 657 1569 taviam
689 1502 892 1587 perdendam.
924 1501 1007 1582 Quid
1040 1523 1117 1587 ergo
1141 1500 1351 1566 verisimilius
1376 1521 1472 1585 quam
1495 1503 1580 1585 ipsas
1603 1520 1729 1586 quoque

532 1609 606 1674 illas
637 1609 748 1673 turbas
778 1608 943 1693 Poppaeae
967 1607 1038 1674 dolo
1061 1605 1235 1672 excitatas?
1260 1606 1386 1672 Territa
1409 1607 1575 1692 questibus
1599 1627 1728 1682 eorum,

532 1736 614 1800 quos
637 1712 788 1778 Octaviae
812 1715 1001 1790 miserebat,
1027 1734 1063 1778 ea
1086 1713 1248 1788 struebat,
1272 1733 1351 1797 quae
1375 1712 1492 1777 Neroni
1517 1732 1643 1796 quoque
1666 1732 1731 1774 me·

532 1830 606 1884 tum
634 1826 741 1884 essent
764 1822 938 1883 iuieetnra:
965 1819 1136 1904 spargebat
1161 1840 1322 1883 rumorem
1348 1818 1385 1882 de
1409 1817 1542 1882 Octavia
1565 1825 1728 1894 revocata,

532 1923 719 2010 intelligens
751 1931 822 1989 tum
854 1924 984 1989 demum
1018 1931 1165 2010 apertum
1197 1926 1262 1989 fore
1293 1922 1405 2009 populi
1435 1926 1468 1986 in
1500 1944 1533 1987 se
1564 1923 1674 1988 odium
1698 1928 1731 1988 et

533 2051 612 2116 erga
635 2028 802 2094 Octaviam
826 2030 979 2095 favorem.
1671 2020 1674 2024 ’

580 2138 619 2200 Α.
645 2135 714 2212 XV,
740 2134 793 2199 50.
817 2135 993 2220 Postquam
1018 2137 1162 2199 narravit
1184 2137 1240 2218 qui
1263 2134 1384 2199 fuerint
1408 2134 1535 2199 Pisonis
1558 2137 1675 2199 conscii
1698 2143 1731 2200 et

534 2242 613 2327 quid
639 2263 691 2307 eos
715 2241 905 2306 adtentum
929 2242 1051 2306 facinus
1076 2241 1259 2306 audendum
1284 2241 1466 2325 impulerit,
1492 2244 1537 2306 sic
1561 2245 1682 2328 pergit:

583 2348 648 2425 „Et
679 2350 798 2432 cepisse
825 2351 986 2432 impetum
1009 2347 1145 2412 Subrius
1170 2347 1289 2412 Flavus
1313 2348 1472 2413 ferebatur
1494 2351 1527 2411 in
1550 2369 1661 2412 scaena
1684 2367 1731 2411 ca·

534 2462 666 2520 nentem
686 2452 845 2518 Neronem
866 2453 1091 2540 aggrediendi,
1111 2462 1169 2519 aut
1190 2475 1264 2519 cum
1282 2454 1410 2519 ardente
1427 2453 1522 2518 domo
1534 2451 1590 2538 per
1602 2460 1729 2519 noctem

534 2561 599 2625 hnc
622 2557 701 2624 illuc
724 2565 866 2624 cursaret
889 2559 1120 2624 incustoditus,
1140 2559 1202 2624 Hic
1225 2562 1346 2624 occasio
1370 2559 1570 2636 solitudinis,
1594 2561 1639 2624 ibi
1661 2562 1731 2644 ipsa

533 2668 715 2750 frequentia
746 2668 828 2728 tanti
861 2665 983 2730 decoris
1012 2669 1104 2730 testis
1130 2665 1365 2747 pulcherrimam
1397 2668 1543 2730 animum
1577 2667 1731 2729 exstimu-

531 2772 696 2846 laverant,
731 2771 794 2833 nisi
829 2772 1033 2855 impunitatis
1063 2769 1179 2855 cupido
1211 2773 1411 2845 retinuisset,
1444 2772 1571 2855 magnis
1604 2787 1730 2854 semper

533 2878 704 2943 conatibus
726 2875 892 2940 adversa.’'

579 2984 643 3047 Pro
665 2982 896 3064 pulcherrimam
920 2982 1099 3048 Urlicbsius
1113 2982 1320 3064 pulcherrima
1342 2982 1441 3069 legit,
1467 2981 1606 3047 Orellius
1630 2982 1727 3066 (quod

533 3097 696 3175 praestare
732 3088 872 3166 videtur)
901 3089 1136 3171 pulcherrimum
1167 3091 1209 3151 ad
1233 3089 1375 3174 somnae.
1418 3089 1481 3153 Sed
1511 3088 1570 3153 hoc
1601 3092 1730 3153 mittere

531 3215 723 3281 possumus,
748 3194 787 3258 de
810 3196 923 3258 ceteris
946 3193 1123 3258 rideamus.
1149 3193 1297 3257 Primum
1318 3215 1435 3278 quaero
1455 3216 1560 3258 nonne
1578 3215 1634 3278 pro
1643 3196 1731 3279 fcre-

531 3304 623 3365 batcr
642 3299 817 3385 legendnm
837 3302 880 3364 sit
891 3300 1019 3384 fertur:
1040 3299 1226 3364 incredibile
1246 3302 1333 3364 enim
1354 3300 1483 3365 videtur
1495 3321 1552 3383 per
1563 3303 1729 3384 integrum

531 3428 655 3472 annum
675 3404 870 3471 incolumem
892 3406 989 3471 fuisse
1009 3405 1164 3480 Flavum,
1185 3408 1333 3490 quamvis
1353 3406 1510 3471 eiusmodi
1528 3406 1566 3469 de
1578 3427 1614 3469 eo
1626 3412 1731 3470 essent

531 3532 680 3576 rumores
708 3510 757 3575 vel
789 3514 872 3576 inter
903 3514 1051 3576 conscios.
1084 3511 1155 3575 Hoc
1188 3517 1296 3576 tamen
1321 3532 1360 3575 ex
1385 3511 1650 3574 concinnaverant
1673 3532 1729 3595 pro

532 3626 620 3684 certo
651 3617 772 3682 efficere
803 3639 974 3702 possumus
1005 3621 1070 3682 iam
1102 3620 1179 3681 satis
1203 3617 1257 3681 din
1282 3625 1355 3682 ante
1379 3616 1460 3681 illud
1486 3623 1614 3702 tempus
1637 3619 1669 3680 in
1694 3638 1730 3681 eo

532 3726 633 3790 fnisse
664 3722 802 3789 Flavum
834 3733 871 3787 ut
902 3723 1060 3788 Neronem
1085 3723 1325 3809 aggrederetur,
1351 3729 1382 3787 et
1406 3747 1464 3808 qua
1482 3725 1558 3809 sere
1581 3723 1731 3786 occasione

533 3832 620 3895 hunc
653 3832 772 3913 ceperit
802 3832 980 3914 impetum,
1005 3828 1063 3893 hoc
1088 3849 1213 3913 quoque
1237 3831 1314 3892 satis
1337 3837 1384 3893 est
1407 3832 1631 3914 perspicuum,
1655 3827 1730 3892 licet

532 3934 710 4001 absurdum
734 3938 777 3998 sit
796 3936 919 3998 ardente
937 3936 1019 3997 denso
1039 3955 1140 4018 neque
1161 3934 1264 3997 adbuc
1285 3934 1493 4018 probabiliter
1512 3934 1728 3999 emendatum.

532 4043 578 4105 At
609 4040 716 4104 subito
746 4042 808 4104 ista
838 4040 1028 4121 impunitatis
1051 4039 1160 4121 mpido
1183 4061 1238 4104 nos
1263 4038 1301 4103 de
1326 4038 1389 4104 alia
1413 4060 1522 4104 rerum
1545 4039 1730 4104 condicione

530 4148 675 4230 cogitare
704 4145 811 4209 iubet:
844 4152 917 4209 aute
949 4143 1057 4210 oculos
1088 4153 1214 4209 nostros
1244 4166 1328 4209 nunc
1360 4151 1425 4209 stat
1454 4145 1587 4230 aliquis,
1613 4148 1730 4229 quint

528 4254 601 4335 ipse
631 4249 779 4314 facinoris
809 4269 944 4334 poenam
977 4248 1128 4333 effugiat,
1153 4250 1282 4312 correctos
1305 4272 1373 4312 moe
1396 4250 1529 4313 indicat:
1554 4249 1729 4315 absurdum

529 4358 620 4421 enim
645 4361 694 4419 est
717 4353 887 4419 consilium
912 4354 1042 4438 aliquod
1066 4353 1199 4438 periculi
1223 4353 1374 4438 plenum,
1400 4354 1484 4440 qnod
1508 4356 1593 4418 nullo
1617 4355 1731 4418 conscio

530 4463 672 4544 ceperis,
707 4463 914 4544 impunitatis
945 4461 1092 4545 cupidine
1123 4462 1259 4523 missum
1292 4461 1402 4525 facere.
1439 4461 1567 4545 Ergone
1600 4462 1730 4525 fortasse

529 4570 634 4631 totius
665 4568 855 4631 narrationis
878 4566 955 4630 baec
979 4573 1028 4630 est
1051 4568 1225 4629 sententia:
1252 4568 1337 4641 „iam
1363 4565 1467 4630 multo
1492 4574 1584 4630 antea
1609 4565 1729 4629 Flavus

528 4671 621 4738 solus
652 4670 822 4735 consilium
843 4681 985 4756 ceperat,
1011 4672 1066 4735 ubi
1090 4674 1195 4755 prima
1219 4670 1347 4736 daretur
1372 4670 1523 4746 facultas,
1549 4692 1607 4734 sun
1631 4692 1730 4734 manu

531 4776 698 4844 occidendi
731 4775 865 4842 Neronis
888 4780 946 4856 (sic
968 4787 1052 4843 certe
1076 4778 1191 4856 fertur)
1198 4798 1207 4854 ;
1232 4778 1285 4841 aed
1309 4800 1343 4842 re
1366 4780 1549 4842 accuratius
1574 4780 1731 4862 pensitato
