4525 5950
543 674 609 742 170
741 710 744 715 -
877 693 919 740 ou
941 691 1088 743 monlon
1112 697 1195 742 reon
1218 697 1384 745 nouneon.

542 862 674 936 πύργος,
706 859 799 932 σάκος
831 859 1012 935 ἑπταβόειον
1043 862 1133 926 Aiaci
1163 862 1320 946 praesidio
1342 869 1390 928 cet
1412 865 1444 928 et
1467 871 1600 930 scutum
1625 864 1723 930 talare

538 965 685 1053 intellegi
714 966 786 1031 inde
816 973 905 1051 patet
934 967 1015 1053 qnod
1040 968 1165 1033 hostem
1188 973 1271 1054 petit
1292 969 1497 1035 Telamonius
1522 992 1570 1036 ve.
1597 971 1723 1036 224τό

538 1073 646 1150 πρόσθε
681 1072 807 1149 στέρνοιο
841 1072 956 1150 φέρων,
997 1072 1118 1158 clipeus
1152 1082 1260 1140 antem
1295 1075 1347 1140 vel
1382 1084 1511 1142 scutum
1546 1081 1658 1143 minus
1690 1081 1722 1142 in

537 1177 655 1264 proelio
676 1200 738 1242 non
760 1186 854 1255 „ante
872 1179 1004 1263 pectue”
1025 1180 1136 1256 fertur,
1157 1181 1212 1244 sed
1230 1188 1429 1247 sustentatur
1449 1183 1597 1249 bracchio
1616 1183 1721 1261 laev03

536 1284 655 1350 accedit
685 1284 769 1369 quod
799 1287 832 1348 in
863 1284 973 1350 eodem
1008 1289 1181 1351 certamine
1215 1290 1312 1352 etiam
1349 1288 1468 1354 Hector
1502 1296 1596 1354 sento
1633 1288 1724 1354 talari

537 1399 680 1455 armatus
708 1397 756 1454 eet
788 1391 922 1456 testibus
953 1412 1014 1455 veo.
1039 1390 1116 1468 238,
1141 1390 1207 1457 272
1238 1394 1289 1473 (de
1322 1395 1437 1480 quibus
1469 1395 1545 1460 vide
1573 1395 1659 1460 infra
1690 1397 1723 1458 in

537 1498 595 1562 hac
616 1499 757 1583 pagina).
782 1497 886 1582 Atque
910 1496 1016 1562 0646
1040 1499 1227 1583 Periphetee
1245 1500 1330 1565 cedit
1348 1501 1522 1587 impeditus
1543 1510 1582 1582 τῇ
1604 1501 1722 1577 α’στι7ι,

534 1605 588 1676 τὴν
609 1604 700 1672 αὐτὸς
722 1603 876 1682 ’φορέεσκε
897 1604 1049 1676 reinulae*
1065 1603 1146 1684 ἕρκος
1160 1607 1303 1684 ἀκόντων,
1315 1610 1350 1671 in
1361 1611 1453 1672 cuiue
1465 1606 1577 1683 ἄντυγ’
1592 1608 1722 1683 ἐπᾶλτο,

536 1708 619 1795 qnod
651 1709 790 1774 accidere
821 1731 882 1775 non
912 1716 1035 1794 poterat
1065 1710 1167 1797 clipeo
1197 1712 1250 1778 vel
1280 1727 1370 1778 scuto
1400 1715 1524 1778 minore
1547 1720 1674 1779 armato
1690 1710 1722 1792 ¹).

537 1816 703 1881 Praeterea
736 1821 845 1880 antem
879 1815 917 1881 de
950 1825 1040 1882 sento
1074 1817 1169 1884 talari
1203 1821 1257 1905 egi
1285 1841 1341 1904 per
1371 1840 1404 1884 ee
1436 1822 1646 1905 perspicuum
1677 1824 1724 1883 eet

540 1932 563 1986 Z
580 1921 643 1987 116
655 1942 712 2007 eq„
733 1921 788 1986 ubi
807 1921 926 1987 Hector
944 1933 1086 1988 armatus
1104 1923 1223 2011 incedit
1241 1926 1327 2002 ἀμφὶ
1348 1924 1380 1989 δέ
1400 1949 1451 2001 μιν
1471 1925 1588 2003 σφύρ’
1609 1926 1722 1989 ἱτυττε

539 2027 604 2091 καὶ
640 2026 798 2107 αὐχένα
833 2027 928 2103 δέρμα
965 2029 1101 2092 κέλαινου
1138 2028 1235 2104 ιἰντυξ
1269 2026 1285 2101 ἣ
1318 2031 1449 2105 πυριάτη
1484 2032 1558 2094 ’θέεν
1594 2033 1721 2102 doridos

539 2133 759 2213 ὀμφαλοέσσης
772 2131 813 2214 1),
840 2132 945 2199 11238
968 2136 1024 2200 ubi
1046 2135 1134 2201 idem
1153 2139 1187 2201 in
1207 2140 1381 2203 certamine
1400 2158 1475 2203 cum
1494 2141 1593 2204 Aiace
1613 2138 1726 2225 gloria

539 2248 593 2305 tur
614 2239 682 2305 reil'
706 2240 755 2303 ἐπὶ
781 2239 883 2318 δεξιοὶ,
914 2240 983 2305 τοῖδ’
1008 2243 1056 2304 ἐπ’
1080 2242 1225 2319 οὶριστεροὶ
1250 2251 1385 2316 νωμῆσαι
1410 2244 1496 2320 βοῦν,
1519 2249 1552 2308 et
1577 2242 1646 2309 272
1670 2245 1725 2309 ubi

538 2347 631 2410 humi
662 2344 801 2410 deiectus
832 2346 950 2411 dicitur
981 2348 1086 2410 ἀσπίδ’
1118 2349 1348 2428 ἐνιχριμφθείς,
1373 2349 1456 2433 quod
1479 2356 1659 2435 utrumqne
1681 2349 1726 2414 ln·

537 2452 679 2517 culenter
721 2452 859 2517 ostendit
900 2452 1031 2519 Reichel
1045 2453 1069 2532 ³)
1103 2457 1267 2539 aptissime
1302 2458 1469 2520 convenire
1512 2455 1552 2520 ad
1597 2465 1726 2522 acutum

537 2556 653 2635 talare,
685 2579 747 2622 non
778 2580 853 2623 vero
884 2559 924 2624 ad
955 2559 1095 2645 elipeum
1126 2560 1177 2625 vel
1207 2568 1335 2626 eentum
1366 2565 1490 2639 minue;
1522 2571 1555 2626 M
1581 2562 1648 2627 389
1673 2564 1727 2628 uhi

538 2662 653 2731 Glauci
686 2665 866 2728 bracchium
890 2665 1048 2730 nudatum
1073 2664 1161 2732 videt
1184 2665 1304 2732 Teucer
1310 2688 1318 2746 ;
1347 2670 1376 2732 ei
1400 2673 1510 2733 autem
1533 2671 1592 2752 qni
1616 2689 1726 2734 manu·

538 2772 617 2836 briis
647 2777 804 2836 sustentet
833 2768 971 2856 clipeum
1003 2772 1056 2837 vel
1085 2779 1213 2838 eentum
1237 2776 1360 2851 minue,
1385 2773 1569 2838 bracehium
1594 2773 1725 2841 laevum

537 2897 714 2962 numquam
745 2877 868 2941 nudum
891 2884 955 2954 eet,
981 2878 1130 2942 dextrum
1154 2900 1280 2964 semper
1292 2877 1332 2958 ⁴);
1366 2886 1394 2943 N
1417 2879 1481 2944 405
1502 2901 1548 2965 eq.
1573 2881 1634 2945 ubi
1657 2881 1726 2946 Ido

538 3005 688 3050 meneum
718 2984 836 3049 frustra
869 2992 1001 3050 conatur
1032 2985 1199 3051 vulnerare
1230 2986 1433 3071 Deiphobus,
1465 2989 1632 3075 ’κρύφθη
1664 2990 1726 3068 γὰρ

538 3091 589 3155 ὑπ’
621 3091 728 3155 doridi
761 3092 888 3155 adoreo*
921 3092 1015 3169 ἔνι’σρ,
1046 3095 1100 3166 τὴν
1131 3091 1179 3169 ἄρ’
1211 3089 1228 3155 ὅ
1250 3118 1288 3169 γε
1312 3098 1413 3174 ῥινοῖσι
1437 3093 1515 3169 βοῶν
1539 3095 1593 3157 καὶ
1620 3097 1724 3171 νώροπι

538 3199 650 3276 χαλκῷ
683 3197 803 3269 δινωτὴν
834 3197 987 3275 ’φορέεσκε
1018 3197 1076 3262 δύο)
1107 3199 1261 3262 κανδνεσσ·
1293 3200 1456 3279 οὶραρυῖαν·
1489 3210 1527 3281 τῇ
1552 3200 1614 3264 ὑπὸ
1650 3206 1727 3273 τοῖς

539 3302 628 3375 fraite
642 3300 683 3380 ³);
718 3313 744 3366 Π
768 3302 830 3367 011
852 3324 909 3387 eq„
934 3312 955 3364 P
977 3302 1041 3369 527
1055 3324 1100 3388 sq.
1134 3306 1189 3368 ubi
1211 3305 1308 3370 verba
1331 3305 1450 3381 πρόσσω
1474 3307 1536 3383 γὰρ
1561 3307 1727 3385 κατέκυψε

539 3409 622 3474 nihil
652 3410 740 3475 dubii
773 3409 973 3495 relinquunt,
1005 3414 1081 3496 quin
1113 3417 1229 3497 agatur
1260 3411 1296 3476 de
1326 3418 1416 3477 ecuto
1446 3411 1556 3488 talari,
1589 3434 1668 3479 nam
1694 3424 1728 3479 nt

538 3687 607 3720 versu
629 3671 660 3720 41
677 3687 711 3734 oq.
736 3669 789 3718 ride
811 3685 881 3734 cupro
904 3686 927 3734 p.
948 3670 1001 3719 lca.
1029 3668 1130 3718 Achivos
1150 3670 1257 3718 univerae
1273 3684 1320 3718 nou
1338 3685 1405 3734 poue
1422 3670 1558 3718 thoraoetoe
1576 3674 1684 3737 proponi
1701 3672 1729 3721 ab

536 3769 563 3801 eo
580 3753 621 3817 qni
639 3753 733 3801 Aiacem
750 3768 764 3800 o
780 3752 876 3801 thorace
892 3756 964 3800 aeneo
982 3752 1072 3800 nudum
1086 3757 1216 3816 proponat,
1233 3751 1382 3816 perspicuum
1398 3757 1439 3801 eat.
1464 3752 1508 3800 Sed
1524 3767 1553 3803 ue
1568 3753 1616 3802 hoo
1629 3756 1728 3819 quidem

537 3839 629 3884 certum
643 3845 690 3891 eet,
704 3850 758 3883 eum
775 3835 817 3898 qni
833 3831 1037 3895 χαλκοκνήμιδας
1054 3838 1120 3882 vocet
1137 3835 1272 3886 thoracator
1288 3850 1328 3882 eoo
1344 3836 1439 3897 fingere.
1457 3835 1570 3883 Ceterum
1589 3852 1678 3886 revera
1694 3838 1729 3887 in·

538 3922 613 3965 eertm
639 3921 697 3981 puto
723 3932 767 3964 veo.
791 3916 931 3973 200-218,
958 3931 1004 3964 uon
1027 3920 1121 3964 tontum
1145 3917 1207 3979 quod
1232 3916 1295 3964 houd
1319 3916 1582 3969 1151σλὶνινο.207
1601 3918 1725 3968 thoma

539 4003 637 4049 e'e'neum
655 3999 752 4047 induere
769 3998 916 4062 significetur
929 3997 1006 4046 verbio
1023 3995 1128 4045 πάντα
1145 3995 1216 4059 rapi
1232 3997 1311 4060 xpel
1323 3996 1413 4059 τεύχε’
1427 3998 1530 4056 trueco,
1544 3999 1586 4047 red
1602 4007 1728 4064 praeterea

539 4083 601 4146 qnod
625 4084 649 4130 in
673 4086 808 4130 contextum
831 4079 975 4129 narrationis
993 4096 1039 4128 non
1057 4080 1159 4143 quadret
1175 4080 1270 4129 Aiacem
1287 4096 1312 4128 re
1328 4095 1435 4135 armare.
1452 4080 1539 4144 qnippe
1557 4082 1601 4143 qni
1620 4088 1729 4133 armatur

537 4164 563 4212 in
587 4164 659 4213 aciem
681 4163 837 4228 processisset.
862 4164 923 4211 Nem
941 4162 1003 4226 quod
1022 4161 1051 4209 de
1069 4160 1180 4209 Menelao
1198 4160 1288 4210 dicitur
1305 4176 1337 4210 τι.
1357 4161 1405 4210 122
1426 4160 1573 4222 θεράποντας
1591 4161 1638 4211 ἄπ’
1658 4164 1729 4225 ὕμνον

540 4244 629 4307 τεύχε’
651 4244 738 4294 ’ἕλοντο
761 4246 822 4294 nihil
844 4244 920 4294 obotnt
945 4244 1071 4309 quominus
1096 4241 1195 4304 τεύχεα
1217 4243 1383 4306 intellegamus
1405 4247 1498 4293 acutum
1522 4260 1579 4294 cnm
1596 4246 1686 4306 lamia,
1705 4252 1730 4296 ot

541 4343 574 4377 va.
596 4329 641 4375 103
659 4326 720 4375 ἀλλ’
737 4326 812 4389 ἄγετ’
828 4326 892 4389 ’ὄφρα
909 4326 932 4375 κ’
949 4324 999 4389 ἐγὼ
1017 4324 1143 4386 πολεμήια
1154 4322 1258 4387 ’τεύχεα
1275 4323 1331 4375 δύου.

574 4412 601 4473 l)
619 4412 653 4459 De
671 4411 714 4458 boo
732 4411 782 4459 loco
800 4410 853 4458 ride
869 4410 941 4459 etiam
959 4425 1030 4473 sopra
1045 4425 1068 4473 p.
1088 4409 1137 4457 loc
1154 4406 1233 4471 ibique
1249 4409 1274 4458 in
1292 4424 1347 4457 unu.
1365 4410 1380 4457 3
1397 4423 1415 4456 ο.
1433 4408 1451 4456 1.

574 4494 600 4552 2)
618 4492 656 4541 Cf.
672 4507 746 4556 cupra
763 4509 785 4556 p.
805 4492 1006 4541 luciniani.

575 4577 603 4639 3)
621 4573 651 4623 H.
671 4576 724 4622 W.¹
747 4591 769 4638 p.
791 4576 828 4634 15,
847 4575 928 4639 [128.

573 4659 601 4721 4)
619 4658 655 4706 Cf.
674 4657 763 4705 Robcrt
781 4657 814 4706 ll.
833 4673 854 4721 p.
875 4658 929 4704 150.

574 4742 600 4803 5)
618 4739 707 4788 Robort
725 4739 759 4789 l.l.
784 4756 806 4803 p.
824 4740 847 4797 u,
869 4755 890 4802 p.
910 4737 942 4785 20
956 4752 990 4801 oq.
1013 4737 1120 4802 spurium
1142 4741 1221 4786 censet
1243 4752 1275 4785 ro.
1300 4737 1357 4794 400,
1381 4736 1498 4785 initiatus
1520 4735 1613 4787 scilieet
1634 4745 1728 4790 neutum

551 4822 617 4871 alere
634 4818 732 4870 δινωτον
748 4820 864 4886 appellari
880 4835 960 4885 ρονοσρ
977 4835 1023 4883 qna
1040 4821 1069 4868 de
1086 4834 1111 4868 re
1127 4819 1182 4869 vide
1198 4834 1271 4884 repra
1287 4835 1309 4884 p.
1330 4818 1385 4872 157.
