4525 5950
1060 699 1236 749 nounmcs.
1696 684 1740 752 29

541 865 720 932 rideretur.
752 862 863 929 Ulixes
895 866 981 928 enim
1013 885 1060 930 vs.
1085 863 1152 930 208
1183 866 1317 930 minime
1349 865 1529 930 ίαναονιισιιιν
1558 866 1741 934 Minervam

540 970 702 1038 Mentoris
726 972 832 1056 specie
855 970 1005 1035 indutam
1029 970 1080 1034 his
1104 971 1212 1036 verbis
1236 969 1450 1057 compellans:

681 1077 819 1157 Μίντορ,
842 1075 959 1154 ἄμυνον
983 1077 1068 1157 οίριὶν,
1092 1086 1209 1154 μνῆσαι
1234 1076 1260 1141 δ’
1285 1077 1400 1157 ἕτοίροιο
1423 1077 1544 1157 φίλοιο,

681 1181 713 1255 ὅς
737 1185 767 1247 τ’
791 1182 888 1260 dyst
913 1181 1098 1264 ίρρίζεσκον·
1123 1182 1268 1260 ίμνλιιιίν
1293 1182 1325 1248 δί
1349 1184 1403 1260 μοί
1426 1184 1502 1248 ίσσι.

539 1289 631 1369 Quae
670 1309 721 1354 res
755 1291 897 1354 movisse
932 1287 1063 1354 videtur
1098 1288 1347 1375 Lugdunenses,
1390 1295 1428 1354 ut
1462 1292 1570 1375 ipsum
1604 1289 1738 1355 verbum

540 1395 710 1476 ίλοφύρεαι
734 1394 926 1460 mendosum
949 1414 1017 1460 esse
1040 1397 1103 1459 rati
1127 1395 1285 1469 ἑπιλιὶίεαι
1308 1402 1529 1481 proponerent.
1553 1396 1740 1481 Numquam

539 1522 619 1569 voro
653 1500 739 1588 apud
774 1500 956 1566 Homerum
989 1500 1127 1566 verbum
1164 1501 1305 1575 λίίεσίαι
1340 1523 1414 1567 cum
1450 1504 1635 1587 compositis
1666 1503 1738 1580 (ire,

538 1610 615 1683 ira,
649 1631 756 1686 κατα,
789 1606 910 1686 εἶπεν),
943 1608 1035 1672 cuius
1065 1609 1235 1673 innumera
1258 1611 1383 1673 exstant
1407 1606 1571 1693 exempla,
1596 1628 1671 1672 cum
1694 1609 1740 1671 in·

539 1712 670 1779 finitivo
695 1714 914 1796 coniungitur,
939 1717 1071 1798 excepto
1094 1715 1190 1778 unico
1211 1711 1282 1779 loco
1305 1711 1402 1779 ‚2557
1427 1713 1629 1777 ἐνλιίίετο-
1643 1736 1742 1776 κατα-

540 1820 657 1896 βῆναι,
681 1818 737 1884 sed
760 1824 942 1884 constanter
966 1838 1040 1883 cum
1064 1820 1226 1904 genetivo.
1251 1816 1360 1883 Altius
1382 1821 1487 1905 igitur
1506 1817 1636 1896 vulnus,
1656 1818 1741 1903 quod

545 1945 657 1990 curare
681 1945 743 1990 non
767 1944 918 2010 possum,
943 1924 994 1989 hie
1017 1925 1124 1992 verbis
1148 1923 1277 1989 illatum
1301 1923 1440 1991 videtur.
1464 1924 1561 1990 Recte
1584 1945 1616 1989 r.
1641 1945 1667 1989 c.
1693 1923 1740 1988 di-

543 2036 673 2095 caretur

681 2134 762 2198 ι’ίντα
786 2135 963 2215 μνηστήρων
988 2135 1137 2213 ὀλίγον
1161 2133 1373 2199 ἐπιδεύεαι
1397 2133 1546 2213 ιἰλκῆς,

544 2241 693 2326 opposito
716 2260 764 2305 vs.
789 2238 856 2306 229
880 2239 1061 2311 πολλοὺς
1087 2239 1114 2304 δ’
1139 2237 1251 2319 ἄνδρας
1275 2238 1421 2320 ἔπεφνες.

589 2449 707 2531 xasa.
731 2449 887 2516 Phemius
910 2447 1047 2534 supplex
1071 2448 1111 2513 ad
1133 2447 1283 2515 Ulixem:

684 2555 858 2634 γοονοίοροαί
880 2557 920 2633 σ’,
944 2554 1094 2634 Ὀδυσεῦ,
1119 2556 1157 2621 σὺ
1182 2555 1214 2619 δί
1235 2562 1271 2632 ρι’
1292 2554 1378 2620 αίδεο
1397 2556 1452 2621 ιιαί
1474 2559 1508 2633 μ’
1532 2557 1665 2631 ίλίνσον.

682 2664 766 2743 αὐτῷ
789 2685 834 2726 τοι
858 2661 1021 2738 μετόπισθ’
1046 2659 1129 2743 ιίχος
1154 2659 1297 2739 ἔσσεται,
1321 2660 1350 2725 εί
1373 2685 1424 2726 ιιεν
1448 2661 1546 2726 οίοιδδν

679 2767 816 2847 πίφνρς,
841 2763 871 2839 ὅς
897 2791 932 2830 τε
957 2768 1046 2832 θεοῖσι
1071 2767 1123 2830 καί
1149 2768 1343 2843 οίνίριίποισιν
1367 2765 1468 2831 οίείδα.

679 2871 898 2944 αὐτοδίδακτος
923 2872 950 2937 δ’
974 2873 1058 2951 είροί,
1083 2873 1149 2945 ίεδς
1173 2872 1205 2936 δέ
1228 2896 1279 2948 μοι
1304 2874 1335 2936 ἐν
1358 2873 1465 2953 φρεσίν
1489 2870 1581 2947 οίριας

679 2980 830 3050 παντοίας
853 2979 1000 3057 ἐνίφυσε·
1026 2980 1180 3045 είεοιιια
1204 2979 1243 3043 δέ
1267 3002 1328 3043 τοι
1352 2979 1593 3059 παραείδειν

679 3082 716 3155 τίς
741 3108 777 3148 τε
800 3086 873 3164 ίεῷ·
897 3086 939 3164 τῷ
964 3086 1008 3161 μή
1032 3108 1072 3162 ραε
1097 3085 1216 3149 λιλαίεο
1241 3084 1462 3165 δειροτομῆσαι.

537 3189 611 3255 Non
644 3196 764 3255 temere
793 3190 930 3255 editores
960 3212 1039 3255 num
1062 3191 1199 3256 verbum
1223 3193 1437 3276 compositum
1462 3193 1513 3256 hic
1537 3196 1665 3256 tantum
1689 3214 1737 3258 oo
1817 3212 1820 3218 ·

537 3316 671 3361 currens
694 3293 870 3373 παραείδειν
895 3295 970 3359 huic
993 3293 1062 3360 loco
1086 3302 1199 3381 aptum
1222 3298 1265 3361 sit
1288 3316 1437 3381 quaerere
1462 3296 1623 3362 videntur.
1648 3296 1734 3362 Mihi

535 3401 701 3484 imprimis
731 3398 879 3485 displicet
902 3406 1032 3485 propter
1055 3402 1221 3485 sequentia
1243 3401 1341 3465 verba
1364 3398 1401 3470 cis
1422 3424 1456 3464 τε
1481 3403 1534 3480 θεῷ
1559 3407 1592 3466 et
1614 3404 1734 3487 requiri

533 3511 617 3590 puto
642 3505 777 3570 verbum
800 3504 958 3591 simplex,
978 3508 1070 3570 utin
1090 3508 1295 3591 praegressis.
1321 3505 1453 3570 Accedit
1471 3506 1555 3591 quod
1575 3528 1734 3592 nusquam

533 3610 617 3676 alibi
648 3609 733 3695 apud
763 3610 944 3676 Homerum
976 3617 1108 3698 apparet
1140 3608 1222 3675 ἔοικα
1255 3632 1312 3696 pro
1336 3610 1412 3675 ἔοικέ
1434 3637 1494 3690 με,
1519 3613 1603 3698 quod
1627 3614 1734 3679 crebro

534 3716 671 3802 legitur.
696 3715 775 3782 Vide
797 3719 902 3805 igitur
924 3738 963 3783 an
987 3718 1214 3804 corrigendum
1238 3719 1282 3781 sit

883 3853 887 3858 ·
938 3823 1086 3889 τέτοικε
1112 3823 1153 3887 δέ
1176 3822 1238 3887 τοί
1261 3820 1369 3903 (σοίί)
1392 3826 1427 3898 μ’
1452 3821 1507 3903 ἄρ’
1530 3824 1684 3889 ιίείδειν

676 3925 713 3997 ὅς
737 3952 772 3992 τε
796 3929 850 4009 θεῷ
875 3929 939 3993 κτὲ.

581 4140 698 4221 χ367.
723 4141 842 4208 Medon
866 4141 1004 4228 supplex
1027 4142 1067 4208 ad
1090 4140 1334 4206 Telemachum:

673 4243 694 4310 ὦ
718 4249 799 4328 φίλ’,
823 4248 885 4326 syo
909 4248 966 4324 μὲν
990 4242 1033 4311 ὅδ’
1059 4246 1143 4324 είμί·
1170 4246 1207 4311 σὺ
1230 4247 1256 4310 δ’
1282 4245 1387 4327 ίσχεο,
1412 4248 1492 4312 τειπὲ
1517 4248 1547 4314 δὲ
1572 4251 1683 4329 πατρί,

672 4353 718 4428 μοί
741 4376 782 4427 με
805 4351 1073 4431 περισίενίων
1097 4353 1265 4426 δηλήσεται
1289 4352 1349 4432 ίξίι
1373 4356 1506 4433 χαλκῷ,
1531 4356 1596 4419 κτὲ.

531 4457 654 4535 Verba,
690 4457 775 4542 quod
809 4457 887 4524 olim
922 4459 987 4522 iam
1018 4460 1149 4535 monui,
1183 4479 1277 4523 sensu
1309 4478 1413 4535 cassa,
1445 4466 1613 4545 propterea
1644 4459 1726 4545 quod

530 4563 653 4629 Medon
685 4564 830 4636 πεπτηὼς
863 4563 920 4626 ὑπὸ
952 4564 1051 4644 ίρίνου
1073 4565 1183 4649 ipsum
1207 4562 1437 4629 Telemachum
1461 4568 1546 4649 patri
1569 4566 1728 4631 <licentem

528 4668 700 4735 audiverat
723 4668 818 4748 (356)

669 4772 682 4837 ί
689 4797 788 4855 σχεο
794 4823 803 4854 ,
824 4773 903 4851 μηδὲ
923 4797 952 4839 τι
973 4778 1080 4839 τοῦτον
1092 4774 1293 4857 (Phemium)
1306 4774 1441 4839 αναίτιον
1462 4775 1555 4840 οὔταε
1575 4779 1700 4857 χαλκῷ.
