4525 5950
994 701 1140 750 6166666.
1591 684 1658 751 207

511 867 575 932 Sed
610 867 688 953 quid
722 867 872 932 adversus
905 866 1055 932 Tacitum
1089 867 1129 931 ad
1160 874 1337 933 extremam
1367 867 1488 933 Tiberii
1521 889 1657 952 provoco

459 971 684 1038 senectutem?
715 972 775 1038 lllo
809 977 897 1038 enim
921 979 1001 1037 16616
1021 994 1061 1037 66
1084 976 1210 1060 integra
1235 974 1365 1058 quidem
1389 980 1494 1039 aetate
1518 994 1553 1038 66
1578 973 1659 1038 6616-

460 1079 578 1144 tudine
607 1086 653 1158 (6.
684 1079 772 1144 Suet.
796 1078 866 1144 Tib.
899 1100 926 1144 c.
953 1079 1008 1159 11)
1039 1078 1186 1144 'liberius
1217 1078 1318 1144 ullius
1349 1101 1493 1165 unquam
1517 1082 1659 1165 pepercit

459 1189 573 1262 61166,
604 1206 700 1269 quem
730 1185 768 1250 de
800 1185 906 1250 medio
937 1183 1009 1250 tolli
1040 1206 1057 1249 6
1088 1206 1145 1249 666
1175 1206 1208 1250 66
1239 1206 1306 1250 6666
1329 1188 1506 1251 statuisset.
1535 1185 1659 1270 Inspice

459 1289 562 1355 modo
592 1312 619 1355 c.
643 1290 697 1367 21,
729 1291 785 1354 ubi
816 1290 976 1375 quomodo
1006 1291 1270 1368 mathematicos,
1303 1313 1381 1376 quos
1412 1313 1510 1356 vanos
1533 1291 1661 1356 fraudu-

457 1394 632 1480 lentosque
651 1398 869 1481 cognovisset,
890 1395 928 1460 de
948 1398 1083 1481 rupibus
1103 1396 1184 1461 deici
1202 1395 1657 1482 Γ111661661666661116616666.

460 1501 579 1585 Neque
613 1500 712 1566 semel
746 1523 821 1566 eum
852 1502 912 1566 hac
943 1505 1064 1566 ratione
1095 1523 1190 1566 usum
1219 1501 1274 1566 sed
1306 1505 1489 1586 saepissime
1519 1523 1558 1567 ex
1589 1505 1658 1586 ipso

460 1609 657 1672 narrationis
687 1609 798 1670 initio:
834 1609 979 1692 „quoties
1002 1627 1097 1691 super
1121 1605 1178 1670 tali
1202 1610 1331 1692 negotio
1355 1607 1570 1671 consultaret'’
1595 1607 1659 1671 effi·

460 1734 611 1777 caremus
636 1760 755 1777 ......
780 1715 842 1777 6161
872 1711 1057 1777 incredibile
1088 1712 1179 1776 nobis
1211 1713 1375 1777 videretur
1406 1716 1481 1777 vivo
1504 1715 1602 1777 etiam
1627 1719 1659 1776 61

459 1821 644 1902 imperante
676 1820 825 1904 Augusto
849 1825 977 1882 tantum
1000 1817 1128 1883 licuisse
1153 1818 1294 1894 homini,
1316 1821 1371 1902 qui
1395 1818 1471 1883 adeo
1495 1823 1577 1882 66661
1600 1820 1659 1882 im·

459 1928 605 2011 66661661
636 1932 802 2010 666666166
833 1923 885 1989 661
915 1926 1057 2000 1661666,
1090 1930 1127 1987 61
1157 1945 1175 1987 6
1212 1923 1417 2000 „voluntario
1452 1927 1485 1987 in
1519 1922 1659 1987 insulem

459 2051 633 2096 amoenam
657 2030 803 2095 seceseu”
827 2032 886 2110 (sic
907 2033 993 2094 enim
1013 2029 1149 2094 exilium
1168 2028 1249 2094 illud
1270 2030 1460 2094 diuturnum
1478 2028 1659 2114 appellabat

461 2136 627 2214 Tiberius)
658 2139 685 2200 61
718 2157 774 2221 666
805 2135 926 2200 multos
957 2156 1053 2200 annos
1086 2134 1190 2200 redire
1220 2157 1283 2200 non
1307 2139 1556 2221 permitteretur,
1581 2134 1657 2199 licet

459 2240 663 2326 supplicibus
688 2242 789 2307 adiret
812 2243 1000 2328 Augustum
1023 2241 1180 2326 precibus.

510 2347 582 2412 Hoc
606 2354 712 2413 tamen
737 2354 877 2424 constat,
903 2347 942 2412 ad
967 2347 1100 2412 ultimos
1124 2347 1244 2412 Tiberii
1264 2368 1362 2412 annos
1381 2369 1457 2413 cum
1477 2351 1657 2433 pervenerit

461 2452 613 2532 Tacitus,
649 2474 832 2518 coacervare
863 2474 939 2518 eum
970 2457 1076 2518 omnia
1107 2473 1313 2538 quaecunque
1344 2451 1526 2538 legentibus
1558 2474 1654 2537 quam

461 2561 606 2623 maxime
630 2562 770 2623 invisum
796 2558 1005 2643 odiosumque
1029 2561 1206 2643 principem
1225 2558 1373 2634 reddant,
1394 2565 1466 2622 tum
1487 2561 1655 2644 praecipue

460 2685 593 2750 operam
624 2664 698 2729 dare
729 2687 804 2730 eum
836 2672 874 2729 ut
905 2667 1023 2749 ubique
1054 2663 1312 2742 simulationem,
1346 2664 1467 2750 gloriae
1491 2664 1654 2741 studium,

460 2769 594 2836 aliudve
624 2774 825 2857 suspicemur
854 2774 972 2835 mentis
987 2773 1141 2858 ¹uitium,
1172 2769 1248 2835 licet
1272 2792 1310 2835 ne
1333 2770 1499 2835 levissima
1523 2771 1653 2855 quidem

459 2875 546 2940 adsit
565 2875 677 2961 culpae
696 2880 834 2961 6666166,
855 2877 908 2941 sed
929 2879 1036 2941 omnia
1057 2875 1198 2962 aliquam
1219 2879 1288 2941 eius
1308 2879 1461 2942 virtutem
1487 2877 1655 2962 designent

460 2985 581 3068 potius.
605 2981 702 3048 Velut
725 2984 784 3049 hoc
807 2990 856 3048 661
879 2983 962 3069 quod
986 3005 1012 3048 c.
1037 2982 1079 3046 45
1104 2990 1268 3047 narratur:

510 3088 621 3165 „Idem
652 3110 753 3154 66666
784 3092 878 3173 gravi
908 3091 984 3174 igne
1016 3088 1129 3153 urbem
1160 3086 1285 3163 adficit,
1311 3087 1423 3152 deusta
1447 3095 1535 3173 parte
1558 3090 1651 3165 circi,

458 3214 542 3279 quae
566 3194 726 3259 Aventino
750 3197 919 3280 contigua,
943 3197 1075 3277 ipsoque
1099 3193 1293 3257 Aventino.”

504 3298 589 3377 Quid
620 3306 689 3363 tum
721 3297 889 3363 Tiberius?
921 3297 1036 3384 lugens
1068 3297 1150 3362 illud
1173 3298 1328 3361 damnum
1352 3319 1480 3362 summa
1504 3320 1650 3382 compen·

456 3407 544 3470 savit
565 3404 762 3490 benignitate
786 3403 1076 3488 munificentiaque.
1100 3402 1279 3467 Laudarine
1303 3425 1386 3468 nunc
1408 3425 1482 3468 eum
1503 3424 1522 3467 a
1541 3403 1651 3468 Tacito

456 3507 575 3596 putas?
607 3509 711 3575 Immo
742 3529 833 3576 vero:
866 3510 943 3575 haec
975 3530 1100 3593 quoque
1130 3531 1180 3574 res
1208 3510 1376 3574 accusandi
1401 3509 1651 3594 reprehendendi

455 3617 694 3703 perstringendi
718 3617 848 3702 praebet
870 3619 900 3681 ei
924 3616 1122 3680 facultatem.
1148 3615 1199 3680 sic
1223 3619 1309 3680 enim
1334 3638 1427 3699 porro
1451 3622 1576 3680 narret:

505 3720 617 3800 „Quod
641 3722 795 3786 damnum
819 3719 934 3788 Caesar
958 3721 1147 3802 adglorians
1169 3720 1260 3784 vertit
1283 3720 1421 3785 exolutis
1442 3721 1596 3785 domuum
1618 3728 1651 3784 et

454 3827 638 3893 insularum
662 3828 806 3913 pretiis.”

504 3932 576 3998 Non
605 3932 823 3998 misericordia
854 3937 981 3997 motum
1003 3937 1128 3996 tantam
1151 3931 1345 4016 impendisse
1369 3934 1536 4016 pecuniam
1560 3931 1651 3997 'libe-

456 4041 562 4116 rium,
597 4038 652 4103 sed
686 4046 724 4103 61
753 4040 894 4124 gratiam
924 4040 1020 4102 iniret
1050 4039 1191 4113 civium,
1224 4035 1274 4100 vel
1306 4040 1381 4120 quia
1405 4043 1534 4121 putaret
1556 4036 1648 4101 illam

455 4142 710 4208 munificentiam
745 4164 841 4207 suum
877 4142 985 4207 decere
1019 4149 1143 4206 statum
1177 4141 1365 4226 locumque,
1407 4145 1434 4205 si
1470 4144 1647 4218 sumimus,

454 4250 637 4314 coniectura
661 4251 795 4325 utimur,
819 4247 978 4332 probabili
1002 4247 1151 4332 quidem,
1176 4247 1229 4312 sed
1252 4255 1360 4312 tamen
1385 4250 1576 4312 coniectura.
1606 4247 1648 4310 Et

455 4354 534 4439 quid
566 4359 635 4419 tum
667 4357 828 4419 sumimus
860 4354 944 4438 quod
968 4375 1027 4418 non
1052 4352 1160 4418 66116
1186 4356 1348 4438 optimum
1371 4356 1539 4418 conveniat
1562 4356 1647 4438 prin-

453 4457 581 4545 cipem?
612 4459 674 4524 Sed
706 4462 762 4544 qui
794 4459 876 4524 nibil
907 4460 959 4523 hic
989 4459 1097 4523 videre
1121 4457 1278 4523 66116161
1302 4479 1417 4523 vanam
1440 4461 1645 4523 iactationem

454 4572 488 4630 et
512 4568 661 4629 insanum
683 4563 805 4650 gloriae
828 4564 990 4643 studium,
1014 4567 1042 4629 is
1063 4564 1192 4650 quidem
1212 4564 1355 4650 legentes
1373 4563 1512 4628 ludibrio
1531 4565 1646 4629 habere

454 4670 538 4735 mihi
562 4670 700 4735 videtur.

499 4774 535 4842 (l.
561 4773 614 4840 46.
646 4774 693 4840 De
716 4775 868 4841 tradendo
890 4778 1027 4861 imperio
1051 4778 1173 4862 cogitat
1195 4774 1360 4851 Tiberius,
1384 4774 1438 4839 sed
1462 4796 1525 4839 non
1550 4775 1642 4841 facile
