4525 5950
651 680 715 746 124
985 700 1027 747 on
1049 700 1197 749 monson
1220 704 1302 751 suun
1325 705 1491 752 noussen.

645 869 794 944 ἀντομένη
828 868 958 945 μόλιβος
992 865 1027 940 ὣς
1059 869 1204 947 ἐτράπετ’
1229 871 1368 950 οἱχμη”,
1393 872 1513 935 mirum
1537 878 1664 950 autem,
1690 874 1719 938 si
1741 878 1831 958 poeta

643 974 749 1039 balteo
781 974 815 1040 id
845 976 1025 1054 tribuisset,
1057 975 1139 1062 quod
1169 997 1262 1041 nomo
1285 980 1364 1042 scire
1386 985 1492 1063 posset
1514 998 1555 1042 on
1577 981 1688 1064 potius
1712 979 1831 1044 thornei

645 1086 740 1146 senec
779 1082 945 1147 deberetur
975 1086 1030 1168 qui
1061 1084 1220 1161 subesset,
1260 1092 1420 1169 praetereo
1450 1106 1560 1149 rursus
1590 1085 1643 1150 bic
1678 1086 1832 1150 babemus

645 1189 785 1254 balteum
816 1190 937 1254 thoraci
960 1195 1055 1255 edneo
1077 1189 1235 1267 alienum,
1260 1189 1300 1255 od
1322 1193 1463 1255 tunicam
1488 1193 1713 1276 pertinentem.
1744 1191 1833 1272 Quod

643 1301 751 1360 sutem
769 1298 862 1360 initio
881 1300 1032 1361 carminis
1045 1309 1074 1361 Λ
1087 1300 1309 1383 Agamemnon
1322 1296 1512 1362 describitur
1523 1297 1686 1363 thoracem
1699 1304 1833 1364 cineum

643 1402 778 1468 induens
810 1402 932 1467 nullius
963 1406 1119 1468 momenti
1149 1413 1214 1481 est,
1240 1425 1314 1468 cum
1338 1403 1507 1480 credibile,
1532 1425 1571 1469 ne
1595 1404 1703 1470 dicem
1726 1408 1834 1471 verisi-

642 1509 738 1586 mile,
773 1512 816 1573 sit
850 1511 1101 1595 Agamemnonis
1135 1519 1315 1575 armaturae
1349 1510 1593 1594 descriptionem
1629 1509 1689 1576 elii
1723 1519 1834 1597 poetes

642 1617 748 1682 deberi
770 1636 806 1681 ec
828 1615 936 1680 locum
959 1623 1115 1681 nostrum.
1140 1616 1271 1682 Reichel
1294 1618 1346 1683 hic
1368 1638 1445 1682 voce
1469 1616 1562 1693 θώρηξ
1584 1623 1718 1683 scutum
1742 1623 1835 1704 putet

641 1723 831 1809 significari,
855 1726 901 1788 ita
924 1730 962 1787 ut
985 1725 1108 1799 θώρηκος
1134 1724 1227 1803 ἔνερθε
1253 1728 1295 1789 sit
1320 1724 1423 1802 „infre
1446 1723 1596 1789 scutum”
1614 1723 1649 1801 ¹).
1675 1723 1833 1799 Iumvero,

641 1830 674 1894 id
706 1828 790 1915 quod
821 1832 945 1914 saepius
976 1832 1104 1909 monui,
1129 1832 1177 1895 fac
1201 1830 1327 1895 diverso
1349 1851 1429 1915 quae
1453 1833 1576 1914 corpori
1598 1830 1763 1915 praesidio
1789 1851 1832 1895 es-

641 1942 711 2001 sent
734 1938 864 2021 antiquo
891 1944 1030 2021 tempore
1053 1933 1192 2002 Graecos
1214 1936 1368 2001 indicasse
1389 1957 1466 2000 voce
1487 1934 1594 2015 θώρηξ,
1624 1944 1736 2001 tamen
1758 1956 1834 2001 voce

642 2041 784 2129 generali
815 2045 863 2106 uti
894 2064 958 2106 non
990 2042 1106 2108 licebat
1135 2047 1169 2107 in
1192 2043 1329 2129 singulis
1352 2042 1586 2128 significandis,
1611 2045 1676 2106 nisi
1701 2049 1761 2107 ent
1785 2065 1835 2128 pe·

641 2154 722 2214 teret
740 2155 797 2212 eut
815 2170 878 2213 non
897 2151 1065 2213 interesset
1085 2149 1161 2234 quid
1181 2170 1219 2213 er
1231 2149 1282 2213 his
1295 2155 1499 2233 spectaretur.
1521 2147 1666 2227 Quorum
1681 2157 1834 2214 nentrum

642 2254 694 2319 hic
718 2257 879 2319 usuvenit.
903 2254 994 2334 Quod
1016 2264 1126 2320 sutem
1150 2254 1269 2320 Robert
1292 2275 1402 2318 rursus
1425 2255 1477 2318 hic
1501 2253 1632 2319 loricam
1657 2256 1729 2319 sive
1756 2276 1835 2320 scor·

641 2368 725 2426 team
750 2364 819 2425 sive
841 2360 966 2425 laneam
990 2360 1163 2446 significari
1188 2360 1260 2425 vult
1284 2366 1315 2424 et
1339 2360 1432 2436 ἔνερθε
1458 2361 1507 2424 bic
1531 2380 1599 2424 esse
1623 2362 1768 2440 „intre'’,
1793 2364 1836 2425 ite

642 2475 679 2530 ut
702 2468 825 2544 θώρηκος
851 2464 945 2542 ἔνερθε
970 2469 1013 2530 sit
1038 2488 1115 2551 „per
1137 2465 1254 2531 loricas
1279 2466 1408 2530 sinum''
1424 2463 1459 2542 ²),
1484 2485 1586 2550 neque
1610 2485 1687 2528 cum
1712 2463 1833 2532 Graeco

641 2593 784 2638 sermone
808 2572 884 2637 hoec
905 2577 1089 2648 convenire,
1114 2594 1216 2658 neque
1240 2575 1369 2637 omnino
1389 2572 1427 2636 de
1455 2570 1570 2636 loricae
1598 2574 1672 2635 sinu
1700 2576 1836 2659 cogitari

641 2700 731 2764 posse
755 2679 899 2743 arbitror.
924 2679 986 2744 Sed
1009 2683 1037 2744 si
1062 2677 1153 2756 θώννέ
1172 2680 1225 2743 hic
1245 2699 1355 2743 rursus
1375 2688 1424 2743 est
1444 2682 1569 2755 tunica,
1589 2680 1718 2757 θώρηκος
1741 2680 1833 2758 ἔνερθε

641 2796 689 2851 est
712 2788 755 2856 εἷς
779 2787 813 2848 τὸ
839 2788 922 2850 κώτω
949 2786 1035 2864 μέρος
1061 2792 1113 2851 τοῦ
1139 2789 1285 2866 χιτῶνος,
1308 2789 1379 2851 iure
1404 2794 1510 2851 eutem
1536 2806 1573 2850 es
1597 2788 1728 2851 tunicae
1754 2809 1834 2873 pars,

641 2895 819 2957 succinctae
842 2895 1047 2978 praesertim,
1068 2914 1148 2979 quse
1167 2899 1224 2957 out
1245 2892 1348 2957 balteo
1368 2895 1491 2979 tegitur
1509 2899 1566 2956 sut
1583 2893 1668 2956 infru
1689 2892 1835 2959 balteum

642 3005 708 3074 est,
732 2999 874 3083 inferior,
899 3007 1030 3064 vocetur
1053 3003 1104 3064 cui
1129 3002 1294 3085 oppositus
1318 3011 1367 3064 est
1391 3002 1516 3063 tunicae
1540 3002 1629 3062 sinus
1652 3002 1675 3063 i.
1699 3021 1726 3064 e.
1754 3001 1835 3086 quod

642 3126 738 3189 supra
762 3105 920 3183 vidimus,
946 3107 1067 3184 θώρηκος
1093 3108 1224 3183 ρθοιλον.

1202 3357 1271 3442 ss.

641 3578 794 3639 roffi-³⁶⁰
813 3577 853 3642 (=
876 3588 897 3629 Η
916 3577 1045 3643 251454)
1062 3579 1136 3645 idest
1219 3577 1488 3641 Psrtractevimus
1518 3575 1605 3641 locos
1629 3579 1750 3662 quibus
1775 3583 1834 3644 uti·

678 3666 1135 3729 ¹⁰¹⁰¹¹⁰ff⁰¹¹du⁸⁸⁸¹¹¹¹¹¹¹⁰³¹im⁰³⁹
1172 3703 1233 3766 que
1257 3704 1334 3747 voce
1366 3681 1459 3757 θώρηξ
1482 3686 1590 3748 tunica
1613 3684 1834 3772 intellegenda

678 3757 727 3801 Μ
746 3752 879 3802 ⁶⁰¹⁰⁰⁶u³
897 3762 914 3803 Γ
934 3753 984 3813 ³⁵⁸
1003 3751 1037 3818 (Η
1057 3754 1129 3819 ²⁵²)'
1171 3788 1309 3865 videtur,
1343 3797 1502 3874 praeterea
1533 3798 1640 3854 antem
1674 3798 1740 3856 tres
1771 3792 1832 3856 loci

640 3900 715 3958 sunt
746 3894 783 3959 de
815 3895 930 3979 quibus
953 3903 1010 3959 sut
1032 3894 1117 3959 idem
1142 3903 1189 3960 est
1213 3895 1420 3960 iudicandum
1443 3901 1500 3959 out
1521 3898 1682 3960 insiticius
1707 3908 1757 3962 est
1781 3898 1831 3962 he·

640 3999 760 4064 bendus
784 4021 894 4065 versus
921 4022 983 4085 quo
1006 3999 1062 4064 illa
1083 4021 1145 4064 vox
1166 4005 1316 4077 occurrit,
1340 4004 1394 4085 qui
1415 4003 1538 4066 cunctis
1557 4001 1643 4065 idern
1664 4010 1714 4067 est
1734 4011 1830 4088 atque

642 4118 667 4169 Δ
685 4105 766 4170 1363
792 4107 864 4181 »καὶ
890 4107 940 4170 διώ
965 4108 1087 4184 θώρηκος
1113 4106 1341 4171 πολυδαιδάλου
1367 4106 1550 4187 ηρηρειοτο”.

684 4210 747 4276 Ubi
772 4214 861 4276 Paris
881 4222 913 4277 et
933 4211 1097 4278 Menelaus
1117 4223 1240 4278 certent
1261 4223 1282 4277 Γ
1299 4211 1489 4289 eet-360,
1518 4212 1702 4297 eisdemque
1725 4217 1832 4280 verbis

640 4320 673 4381 in
704 4320 876 4382 certamine
908 4318 1055 4383 Hectoris
1082 4326 1114 4383 et
1138 4321 1242 4384 Aiacis
1268 4318 1673 4404 stol-25410gimus:
1699 4320 1751 4383 διὰ
1778 4323 1831 4394 μὲν

640 4420 767 4494 ἄοπιδος
794 4419 862 4493 ἦλθε
887 4434 1016 4503 φοεινης
1041 4425 1165 4502 ὄβριμον
1192 4425 1287 4504 ἔγχος
1310 4427 1361 4489 κοιὶ
1384 4426 1433 4489 διὰ
1456 4427 1579 4502 θώρηκος
1601 4428 1830 4492 πολυδαιδάλου

741 4578 837 4585 .,--..-

675 4669 687 4716 l
720 4669 823 4716 H.W.¹
860 4669 940 4717 ‚lou

675 4671 700 4810 2}
725 4684 861 4814 Iphidumdd
886 4750 947 4798 trist
973 4748 1074 4812 θώρηκος
1096 4748 1185 4811 ’ἔνερθεν
1208 4754 1278 4799 unter
1300 4750 1352 4798 dem
1378 4750 1474 4808 Psnzer,
1493 4749 1516 4798 d.
1535 4749 1559 4797 h.
1577 4764 1602 4797 er
1619 4749 1771 4800 dnrcbstbest
1788 4754 1831 4801 den

641 4834 741 4890 Beusch,
760 4834 822 4881 doun
839 4836 910 4881 οιόιιθ
926 4833 990 4881 scine
1007 4834 1083 4881 Lenze
1100 4833 1143 4881 uui
1157 4834 1202 4882 den
1221 4833 1308 4883 Gustu
1326 4834 1368 4882 der
1386 4834 1430 4882 den
1446 4833 1512 4881 Stoss
1529 4832 1629 4891 bemmt,
1646 4832 1682 4882 li.
1698 4850 1722 4899 p.
1738 4837 1782 4884 48.
