4525 5950
936 703 979 750 so
1001 702 1137 751 usseris
1160 704 1356 752 suronmou.
1659 684 1722 750 351

578 866 681 936 (luins
704 871 750 934 rei
774 868 912 934 alterum
936 890 1036 954 neque
1055 872 1164 935 minus
1183 868 1386 935 luculentum
1407 868 1593 953 exemplum
1612 871 1646 934 in
1665 868 1726 934 fine

531 975 650 1041 addere
680 975 786 1040 liceat.
818 975 854 1039 b.
879 974 931 1040 Vl.
956 996 982 1040 c.
1008 973 1050 1040 57
1074 978 1118 1040 sic
1143 976 1305 1061 procedit:
1331 977 1500 1055 ,,ίιιοεριῶοι
1524 977 1557 1039 τὸ
1581 977 1654 1053 μέλι
1679 999 1728 1039 κι-

531 1081 602 1157 κρὸν
635 1083 801 1159 Φαίνεται·
835 1082 886 1145 καί
919 1083 1136 1155 λνοοοδιίκτοις
1169 1082 1203 1147 τὸ
1236 1082 1311 1160 ὕδωρ
1342 1083 1491 1162 Φοβερίν·
1517 1084 1567 1147 καί
1595 1080 1724 1153 παιδίοις

532 1189 569 1253 τὸ
603 1188 743 1267 σφαιρίον
775 1190 879 1253 καλόν.
905 1192 936 1253 τί
959 1185 1006 1254 οὖν
1030 1186 1208 1268 οργίζομαις
1234 1192 1251 1266 ἢ
1277 1188 1360 1254 δοκεῖ
1380 1213 1425 1254 σοι
1449 1188 1580 1254 ἔλασσον
1605 1189 1725 1268 ἰσχύειν

531 1298 568 1359 τὸ
604 1295 828 1372 διεψευσμένον,
860 1296 876 1371 ἦ
908 1296 943 1361 τί
973 1293 1078 1377 χίλιοι
1104 1297 1346 1374 reiterandum,
1372 1295 1423 1359 καί
1448 1296 1462 1359 ί
1485 1296 1528 1365 tta
1553 1297 1595 1374 τῷ
1620 1309 1727 1359 eucro-

530 1400 675 1481 δίιτρ;”
705 1402 880 1487 Agnoscis,
913 1400 1023 1478 credo,
1056 1403 1091 1465 in
1123 1401 1227 1466 verbis
1256 1402 1415 1486 prioribus
1446 1400 1550 1467 afferri
1582 1399 1729 1485 exempla

531 1507 592 1573 illa
624 1513 700 1572 nota
726 1517 759 1572 et
782 1508 847 1572 fere
871 1505 1019 1585 classica,
1045 1528 1125 1593 quae
1149 1529 1168 1573 a
1190 1507 1345 1593 Scepticis
1367 1507 1568 1586 adhibentur,
1592 1528 1666 1573 cum
1690 1528 1730 1573 er

531 1617 777 1700 perceptionum
796 1614 1040 1699 studiorumque
1061 1617 1215 1679 varietate
1235 1613 1454 1680 demonstrare
1477 1614 1624 1692 student,
1648 1613 1730 1679 nihil

532 1725 567 1785 in
600 1742 633 1786 se
665 1727 697 1785 et
727 1725 842 1785 natura
871 1723 940 1804 ipsa
963 1719 1055 1785 dulce
1078 1741 1147 1785 esse
1171 1718 1222 1815 vel
1246 1741 1411 1798 amarum,
1435 1721 1651 1807 appetendum
1674 1719 1727 1786 vel

532 1828 747 1913 fugiendum,
778 1826 952 1911 pulchrum
983 1825 1035 1892 vel
1057 1833 1151 1912 turpe
1167 1825 1200 1907 ¹).
1226 1826 1313 1907 Quae
1337 1827 1483 1912 exempla
1507 1827 1666 1913 quomodo
1690 1827 1730 1923 ad

531 1934 714 1999 doctrinam
744 1955 836 1999 suam
866 1932 1105 1999 accommodare
1129 1940 1261 1999 conatus
1285 1936 1327 1998 sit
1351 1944 1463 2000 auctor
1486 1932 1614 2000 Stoicus
1637 1940 1668 1998 et
1691 1932 1729 1999 de

533 2060 648 2106 norma
684 2042 846 2116 veritatis,
882 2047 919 2106 ut
953 2043 1062 2118 aiunt,
1099 2043 1233 2107 minime
1264 2043 1422 2118 incertus,
1455 2041 1551 2107 verba
1582 2043 1728 2126 proxima

532 2147 617 2213 clare
651 2146 884 2224 demonstrant,
925 2148 1042 2232 quibus
1077 2167 1170 2212 suam
1204 2150 1307 2233 ipsius
1341 2146 1490 2233 adiungit
1523 2149 1725 2213 sententiam.

532 2252 667 2319 Scilicet
696 2256 835 2338 primam
867 2260 900 2319 et
927 2253 1099 2319 secundam
1129 2256 1330 2338 opinionem,
1364 2261 1530 2339 tamquam
1553 2274 1592 2319 ex
1615 2254 1726 2320 morbo

534 2366 569 2426 et
600 2363 714 2425 veneni
745 2362 894 2446 contagio
918 2366 1040 2437 ortam,
1064 2362 1182 2425 mentis
1205 2361 1364 2425 erroribus
1388 2366 1568 2447 comparat;
1592 2363 1727 2426 tertium

535 2474 647 2533 autem
671 2466 873 2551 exemplum,
897 2466 980 2552 quod
1006 2466 1055 2532 vel
1079 2470 1219 2532 maxime
1243 2470 1345 2532 menti
1368 2470 1438 2533 eius
1458 2474 1653 2553 repugnaret
1672 2488 1729 2532 nec

536 2579 605 2638 tam
638 2571 730 2638 facile
765 2593 860 2658 quam
895 2575 1002 2658 priora
1037 2582 1145 2658 posset
1179 2572 1329 2660 redargui
1365 2573 1415 2639 rel
1447 2576 1623 2639 sententiae
1653 2593 1729 2638 suae

533 2678 693 2764 adaptari,
725 2700 974 2745 commemorare
1007 2678 1145 2765 prudens
1175 2679 1374 2764 supersedet,
1406 2685 1572 2766 tamquam
1596 2678 1636 2744 ad
1660 2700 1728 2744 rem

531 2806 628 2850 suam
652 2806 715 2850 non
740 2784 869 2850 iaciens.

1027 2979 1097 2985 -.—
1113 2979 1219 2986 .--.——..

1102 3149 1158 3217 111.

578 3338 685 3425 Supra
725 3340 763 3405 de
798 3339 980 3406 studiorum
1016 3341 1170 3408 desiderio
1205 3343 1326 3426 otiique
1361 3341 1536 3427 cupiditate
1570 3343 1725 3406 Antonini

531 3449 679 3532 egimus;
711 3445 851 3512 alterum
881 3449 948 3511 iam
971 3468 1075 3533 neque
1097 3446 1246 3513 absimile
1270 3467 1309 3512 ex
1333 3450 1402 3513 eius
1424 3450 1530 3514 tacitis
1554 3450 1637 3513 votis
1662 3448 1727 3512 bre-

531 3556 621 3618 viter
645 3573 895 3619 commemorare
919 3553 1025 3619 liceat.

581 3657 680 3724 Nulla
703 3665 751 3724 est
773 3660 839 3724 i'ere
862 3680 931 3737 res,
955 3680 1035 3745 quae
1058 3662 1092 3724 in
1116 3659 1366 3727 Commentariis
1387 3659 1616 3746 perlustrandis
1634 3659 1727 3726 lecto

532 3786 605 3831 rem
629 3768 734 3853 magis
757 3769 863 3853 tangit
886 3775 981 3853 atque
1006 3766 1119 3845 afficit,
1146 3772 1308 3852 postremo
1332 3770 1401 3833 eius
1425 3770 1573 3832 animum
1597 3773 1729 3852 occupat

532 3879 567 3937 et
598 3870 663 3936 fere
693 3875 872 3957 opprimit‚·
897 3895 993 3959 quam
1023 3873 1250 3949 consideratio,
1282 3895 1380 3959 quem
1403 3877 1520 3939 misera
1544 3880 1576 3940 et
1599 3895 1728 3961 prorsus

530 3976 647 4043 infelix
669 3978 779 4044 Marco
803 3980 901 4044 fuerit
924 3983 1001 4046 viia.
1027 3979 1144 4058 Taceo,
1169 3980 1254 4065 quod
1278 4001 1391 4066 corpus
1414 3984 1523 4045 minus
1543 3980 1674 4045 firmum
1694 3987 1727 4046 et

529 4083 753 4150 valetudinem
773 4107 888 4170 parum
908 4108 1091 4172 prosperam
1111 4086 1258 4151 siluisse
1279 4086 1385 4152 etalii
1405 4086 1466 4153 loci
1482 4086 1609 4152 disertis
1623 4087 1726 4152 verbis

531 4188 697 4256 declarant
715 4198 748 4256 et
768 4213 801 4257 ν.
814 4213 840 4258 c.
863 4214 901 4258 ex
913 4192 935 4257 l.
951 4192 986 4257 V.
1000 4191 1019 4257 5
1038 4191 1286 4277 efficerepossis‚
1301 4193 1557 4271 ubiintervitia,
1572 4193 1725 4277 quaesibi

568 4423 595 4481 l>
617 4420 727 4470 Conferri
745 4424 844 4485 possunt
860 4420 905 4469 loci
923 4420 969 4469 inm
988 4435 1002 4468 o
1019 4418 1141 4468 aaaron>
1158 4418 1249 4469 laudati
1267 4434 1294 4468 er
1312 4422 1376 4469 snt.
1394 4420 1462 4486 Emp.
1482 4420 1567 4484 Pyrrb.
1589 4420 1683 4486 Hypot.
1702 4423 1727 4481 1,

529 4506 574 4555 ubi
599 4504 624 4552 in
648 4504 785 4567 exponendo
803 4507 889 4566 quarto
907 4501 950 4551 illo
965 4503 1128 4565 Seepticorum
1147 4505 1226 4567 tropo,
1243 4503 1284 4566 qui
1303 4505 1339 4551 est
1355 4502 1383 4550 de
1401 4503 1473 4552 variis
1491 4503 1614 4552 bominum
1632 4503 1726 4554 iudiciis

528 4606 578 4657 pro
596 4586 667 4637 variis
685 4586 760 4635 animi
777 4584 981 4650 dispositionibus,
1000 4584 1070 4633 etiam
1089 4584 1147 4632 baso
1165 4585 1308 4633 afferuntur:
1330 4582 1513 4633 ,nutrierint
1530 4584 1590 4646 μίλι
1607 4584 1664 4645 ἐμοὶ
1679 4587 1724 4647 μὲν

528 4675 650 4735 φαίνεται
669 4666 761 4730 γλυκύ,
778 4669 832 4725 τοῖς
850 4665 876 4716 di
894 4666 1021 4727 ἰκτερικοῖς
1039 4666 1138 4726 πικρόν”
1156 4667 1217 4726 (102
1232 4684 1253 4732 p¹
1270 4667 1302 4715 24
1319 4667 1425 4730 Bekker)
1442 4672 1478 4715 st:
1499 4666 1587 4715 ,παισί
1604 4667 1649 4728 μίν
1666 4667 1726 4731 γάρ,

528 4754 555 4805 σι’
576 4750 667 4812 τύχοι,
685 4751 789 4813 σφαῖραι
806 4748 846 4798 καὶ
863 4746 953 4810 τροχοί
973 4745 1013 4796 δια
1032 4745 1142 4805 σπονδῆς
1159 4746 1229 4809 οίσιν,
1246 4749 1271 4796 σί
1286 4747 1446 4812 ἀκμάζοντος
1464 4746 1491 4796 ti
1505 4747 1574 4797 ἄλλα
1588 4750 1729 4811 αἱροῦνται,

531 4836 580 4888 καί
597 4832 667 4884 ἄλλοι
684 4835 710 4884 οἱ
722 4831 854 4896 ‘ripense'
871 4834 931 4893 (luo
948 4848 972 4897 p.
991 4833 1042 4896 bb).
