4525 5950
645 709 711 775 330
1175 724 1315 774 rnorrus.

686 890 883 957 Sententiam
911 890 1010 957 simul
1033 893 1141 975 inepte
1164 889 1332 955 verbosam
1355 894 1627 969 (cenas-cenae)
1650 894 1684 954 et
1706 886 1831 953 lacuno

643 1018 711 1061 sam
735 1004 890 1081 (precatur
913 1000 981 1062 sina
1004 997 1141 1071 obiecto)
1165 998 1210 1060 sic
1235 1016 1301 1060 esse
1325 995 1519 1060 sarciendam
1543 1002 1581 1060 nt
1603 994 1782 1081 legeretur:

690 1151 719 1181 „.
736 1153 743 1168 .
758 1152 787 1168 ..
821 1103 944 1190 obligat
969 1124 1083 1180 venas,
1106 1110 1316 1188 precatusque
1339 1123 1394 1187 per
1417 1101 1580 1168 codicillos
1603 1105 1751 1178 veniam,
1777 1103 1834 1165 im·

643 1213 718 1274 miti
741 1232 907 1296 responso,
932 1209 1086 1276 resolvit'
1112 1210 1329 1275 demonstravi
1353 1209 1474 1275 Mnem.
1500 1209 1595 1274 XXII
1619 1231 1649 1294 p.
1676 1208 1753 1273 358.

688 1316 742 1396 VI,
769 1317 819 1382 15.
847 1316 932 1394 „Diu
956 1319 1118 1403 quaesito,
1143 1337 1221 1401 quos
1240 1316 1390 1401 neptibus
1409 1319 1476 1381 suis
1496 1319 1630 1382 maritos
1649 1315 1833 1393 destinaret,

644 1423 767 1501 Caesar,
792 1431 962 1509 postquam
986 1424 1127 1488 instabat
1152 1425 1318 1508 virginum
1341 1429 1443 1499 aetas,
1469 1422 1505 1487 h.
1531 1420 1692 1499 Cassium,
1714 1420 1762 1486 Μ.
1784 1420 1834 1486 Vi·

643 1533 763 1595 nicium
794 1529 886 1615 legit.
918 1530 1044 1595 Vinicio
1077 1529 1275 1621 oppidanum
1305 1549 1424 1615 genus:
1457 1526 1587 1595 Calibus
1611 1535 1717 1605 ortus,
1743 1535 1834 1613 patre

644 1640 740 1720 atque
770 1657 830 1701 auo
863 1635 1095 1714 consularibus,
1128 1640 1232 1700 cetera
1256 1638 1395 1720 equestri
1418 1634 1543 1700 familia
1566 1640 1650 1711 arat,
1674 1636 1767 1700 mitis
1789 1638 1835 1699 in·

642 1746 736 1828 genio
770 1750 803 1807 et
836 1748 982 1827 comptae
1013 1741 1189 1806 facundiae.
1225 1739 1369 1818 Cassius,
1402 1740 1507 1826 plebei
1537 1741 1655 1806 Romae
1686 1743 1835 1827 generis,

643 1870 756 1913 verum
787 1851 911 1932 antiqui
942 1850 1153 1932 honoratique
1179 1853 1212 1911 et
1234 1867 1344 1912 severa
1367 1851 1468 1932 patris
1490 1847 1657 1933 disciplina
1680 1848 1834 1925 eductus,

644 1953 797 2020 facilitate
820 1958 946 2041 saepius
968 1975 1065 2040 quam
1089 1954 1247 2018 industria
1270 1954 1585 2020 commendabatur.''

689 2061 725 2125 In
749 2060 902 2127 vocabulo
924 2062 1045 2144 caepta
1069 2061 1179 2126 haeret
1203 2059 1439 2146 Nipperdeius,
1452 2082 1572 2146 proque
1594 2081 1630 2126 eo
1647 2061 1720 2143 plan
1738 2063 1836 2125 conii-

645 2170 697 2233 cit.
722 2169 766 2232 At
789 2169 871 2233 mihi
895 2172 962 2233 tota
985 2189 1053 2244 res,
1073 2187 1153 2253 quae
1173 2173 1330 2243 narratur,
1353 2168 1476 2253 negotii
1496 2166 1568 2252 plus
1587 2166 1725 2232 exhibet.
1753 2164 1835 2246 Quid

645 2277 731 2339 enim
750 2276 854 2359 magis
873 2274 1028 2339 absonum
1049 2294 1145 2359 quam
1167 2273 1303 2338 eundem
1322 2271 1415 2337 illum
1435 2276 1601 2349 iuvenem,
1623 2294 1719 2358 quem
1740 2272 1835 2337 modo

647 2379 765 2445 dixeris
799 2401 908 2446 severa
943 2401 1011 2445 esse
1046 2379 1238 2457 educatum,
1270 2386 1336 2444 tam
1359 2380 1492 2466 facilem
1522 2382 1659 2445 evasisse
1689 2400 1835 2455 narrare,

645 2492 809 2570 tamquam
840 2488 867 2550 si
890 2507 907 2551 e
931 2507 1039 2550 severa
1062 2484 1231 2570 disciplina
1252 2485 1442 2551 facilitatem
1465 2488 1550 2550 nasci
1573 2506 1670 2569 quam
1694 2488 1835 2550 maxime

645 2595 688 2657 sit
708 2589 974 2657 consentaneum?
995 2591 1077 2671 Quid
1097 2590 1181 2677 quod
1197 2591 1321 2656 Vinicio
1341 2592 1501 2674 opponitur
1513 2590 1657 2658 Cassius:
1671 2590 1835 2656 Vinicium

647 2704 756 2764 autam
786 2697 926 2785 legimus
949 2699 1048 2763 fuisse
1071 2699 1169 2761 mitem
1191 2697 1326 2780 incenia,
1351 2697 1434 2783 qnod
1456 2719 1585 2784 prorsus
1607 2698 1693 2763 idem
1718 2706 1770 2764 est
1792 2705 1836 2763 at-

645 2827 706 2890 que
730 2805 855 2889 facilia
888 2804 974 2891 Ergo
1005 2826 1067 2869 non
1098 2803 1338 2870 sollicitandum
1368 2804 1456 2870 istud
1485 2805 1623 2888 acepta,
1647 2804 1702 2870 sed
1725 2804 1835 2871 locum

643 2915 729 2977 inter
751 2933 784 2978 se
805 2918 931 2977 mutare
951 2910 1066 2977 debent
1076 2911 1242 2998 facilitate
1261 2920 1293 2976 et
1313 2911 1484 2977 inamata:
1511 2910 1688 2991 „industria
1708 2916 1835 2998 saepius

644 3040 740 3104 quam
772 3019 925 3084 facilitate
957 3019 1274 3096 commendabatur,'’
1305 3024 1343 3083 ut
1365 3019 1425 3084 hoc
1449 3019 1534 3084 dicat
1557 3019 1705 3084 Tacitus:
1731 3042 1833 3097 „non,

645 3135 683 3190 ut
706 3125 866 3202 Vinicius,
893 3126 1072 3190 urbanitate
1096 3133 1128 3190 et
1151 3124 1282 3190 lenitate
1306 3147 1432 3191 morum
1457 3116 1601 3192 homines
1624 3147 1734 3211 capere
1759 3127 1835 3192 sole

645 3234 699 3300 bat
722 3232 866 3310 Cassius;
898 3234 1000 3297 immo
1023 3231 1186 3296 interdum
1210 3231 1333 3317 plebeia
1356 3232 1561 3318 simplicitate
1584 3233 1779 3310 offendebat;
1804 3240 1836 3298 at

644 3339 801 3406 eiusmodi
825 3360 945 3403 errores
968 3337 1069 3403 solida
1092 3359 1150 3402 sua
1173 3339 1347 3417 industria,
1371 3340 1463 3403 cuius
1485 3338 1696 3405 ostendendae
1715 3341 1835 3424 saepiae

646 3447 759 3511 hahuit
782 3444 986 3523 facultatem,
1012 3465 1215 3531 compensare
1239 3444 1368 3511 solebat.

690 3552 742 3629 VI,
769 3552 820 3617 16.
848 3551 968 3628 „Vetus
992 3552 1062 3615 urbi
1087 3551 1232 3616 faenebre
1255 3551 1378 3617 malum
1403 3556 1435 3616 et
1454 3552 1648 3617 seditionum
1668 3552 1834 3618 discordia·

644 3680 780 3743 rumque
804 3659 994 3723 creberrima
1019 3678 1131 3735 causa,
1153 3679 1252 3742 coque
1271 3658 1477 3723 cohibebatur
1496 3661 1637 3744 antiquis
1656 3680 1783 3745 quoque
1803 3665 1833 3726 et

645 3770 752 3832 minus
777 3768 933 3851 corruptis
956 3763 1134 3829 moribus.'’

689 3870 808 3936 Nullus
839 3874 873 3935 in
904 3872 955 3935 his
979 3891 1088 3935 sensus
1110 3872 1213 3947 inest,
1238 3872 1300 3935 nisi
1322 3872 1508 3935 cohibebatur
1533 3871 1655 3937 dictum
1680 3879 1832 3958 putamus

645 4001 702 4063 pro
725 3978 914 4041 cohibendam
937 3984 1012 4041 erat.
1037 3975 1098 4041 Sed
1123 3976 1346 4042 duriusculum
1366 3977 1472 4055 istud,
1492 3984 1525 4043 et
1541 3981 1610 4062 ipse
1629 4000 1758 4056 sensus,
1779 3981 1832 4065 qui

645 4087 689 4149 sic
721 4088 834 4160 oritur,
865 4084 1037 4148 admodum
1071 4089 1119 4146 est
1143 4082 1326 4170 languidus.
1359 4083 1444 4170 Ergo
1469 4106 1525 4169 pro
1547 4107 1636 4170 eoque
1659 4085 1832 4172 legendum

646 4212 757 4255 censeo
788 4213 946 4275 acqreqae,
979 4189 1032 4255 uel
1062 4188 1150 4254 aliud
1182 4191 1259 4275 quid
1289 4194 1321 4254 in
1345 4190 1476 4255 eandem
1500 4195 1711 4257 sententiam:
1734 4197 1832 4259 etiam

645 4319 720 4362 cum
750 4300 858 4361 minus
888 4299 1029 4381 corrupti
1060 4317 1165 4360 mores
1197 4303 1302 4374 erant,
1328 4297 1473 4362 faenebre
1496 4297 1584 4362 istud
1607 4297 1732 4363 malum
1758 4299 1833 4365 adeo

644 4407 709 4468 iam
732 4406 966 4467 inveteraverat
989 4410 1027 4466 ut
1049 4405 1105 4466 vir
1129 4405 1297 4487 exstirpari
1320 4408 1436 4488 posset.

690 4508 743 4586 VI,
771 4508 822 4574 18.
848 4508 953 4574 Poena
977 4511 1132 4573 statuitur
1157 4512 1191 4574 in
1215 4509 1335 4574 nobiles
1360 4507 1497 4576 Graecos
1520 4511 1692 4596 quosdam:

693 4615 835 4693 „Datum
867 4627 934 4680 erat
965 4618 1108 4692 crimini,
1134 4615 1218 4700 quod
1248 4614 1460 4701 Theophanen
1484 4615 1739 4702 Mytilenaeum,
1765 4642 1834 4706 pro-

645 4743 742 4787 avum
773 4743 899 4799 eorum,
936 4720 992 4788 (ln.
1025 4721 1166 4807 Magnus
1196 4725 1280 4786 inter
1310 4725 1442 4788 intimos
1471 4723 1652 4802 habuisset,
1684 4726 1833 4812 quodque

645 4828 790 4896 defuncto
815 4827 998 4919 Theophani
1018 4826 1167 4897 caelestes
1187 4829 1321 4898 bonores
1342 4826 1462 4900 Graeca
1480 4829 1622 4898 adulatio
1641 4831 1832 4902 tribuerat.”
