4525 5950
987 682 1103 731 muros.
1574 662 1641 728 283

448 853 558 916 animo
589 850 784 935 proponebat
815 870 968 934 agrorum
1000 847 1223 933 populationes
1254 854 1286 912 et
1316 847 1421 912 multa
1452 849 1564 933 gravia
1594 850 1642 911 in·

448 957 629 1043 dignaque,
652 976 733 1041 quae
756 955 906 1040 patienda
930 957 1059 1018 suntin
1086 952 1261 1018 obsidione.

497 1136 617 1201 XXIII.
643 1136 696 1203 47.
710 1136 748 1200 8:
773 1137 842 1200 huie
859 1158 982 1218 pupnoc
1005 1135 1135 1221 equestri
1159 1157 1219 1198 rem
1239 1171 1281 1181 -
1302 1134 1467 1197 mirabilem
1491 1142 1568 1198 certe
1591 1136 1643 1197 ad·

449 1242 549 1305 iciant
578 1241 700 1326 quidam
731 1242 871 1304 annates:
895 1265 958 1304 cam
981 1241 1178 1324 resupientem
1203 1242 1246 1303 ad
1268 1242 1365 1303 urbem
1389 1241 1530 1302 Tauream
1558 1240 1644 1302 Olou-

448 1347 521 1409 dc'ua
551 1354 730 1432 aequaretur,
758 1347 881 1429 patenti
912 1346 1037 1410 boatium
1063 1353 1156 1427 porta
1188 1348 1336 1409 invectam
1352 1369 1412 1428 per
1435 1347 1560 1408 alteram
1583 1353 1643 1408 etu-

439 1453 586 1533 peatibua
609 1453 753 1516 miraculo
777 1453 910 1516 hoata'bua
932 1453 1077 1516 attactum
1101 1453 1238 1517 coccione.

496 1556 693 1622 Vocabulum
714 1559 857 1621 miraculo
876 1557 1020 1622 deleatur
1038 1565 1076 1621 ut
1096 1558 1135 1621 ab
1154 1556 1261 1642 aliquo
1274 1556 1470 1641 adscriptum
1484 1577 1519 1622 ac
1532 1556 1643 1622 deiude

446 1661 534 1727 male
563 1666 598 1726 in
623 1669 746 1728 textum
772 1670 936 1748 receptum
960 1666 1013 1728 cui
1036 1684 1098 1728 non
1123 1666 1201 1727 satis
1224 1661 1362 1747 liqueret
1386 1663 1477 1727 verbi
1498 1662 1645 1745 stupenti·

446 1770 502 1830 boa
532 1768 735 1854 significatio.
768 1769 967 1834 Miraculum
999 1770 1079 1845 fnit,
1113 1767 1286 1835 Claudium
1319 1789 1356 1833 ex
1391 1770 1534 1833 hostium
1566 1770 1643 1833 urbe

445 1872 644 1938 ineolumem
675 1877 828 1951 evasisse,
861 1897 923 1940 non
955 1876 1035 1951 fuit,
1068 1874 1152 1959 quod
1184 1877 1307 1959 patenti
1331 1881 1423 1958 porta
1445 1876 1480 1937 in
1504 1895 1575 1939 eam
1598 1877 1644 1937 in·

443 1985 558 2042 vectus
589 1986 646 2044 est.
678 1979 713 2044 Si
744 1979 859 2044 Livius
891 1981 1026 2045 verbum
1058 1979 1246 2060 stupentibus
1277 1977 1439 2043 illustrare
1470 1978 1642 2056 voluisset,

444 2082 620 2148 addidisset
644 2091 730 2148 tanta
753 2086 884 2148 audacia
909 2083 961 2148 vel
985 2084 1050 2149 tale
1074 2084 1162 2168 quid.

496 2254 612 2319 XXIV.
639 2254 671 2320 8.
685 2256 723 2320 5:
748 2256 901 2321 adversus
922 2255 1055 2322 Gallum
1076 2256 1238 2341 quondam
1259 2262 1483 2341 provocantem
1502 2259 1536 2321 in
1549 2264 1644 2342 ponte

445 2362 582 2425 Anienis
613 2360 649 2426 Τ.
683 2361 843 2427 Manlium
875 2361 1026 2427 fidentem
1051 2369 1083 2426 et
1105 2366 1213 2427 auimo
1237 2369 1269 2426 et
1292 2363 1416 2426 viribus
1439 2365 1554 2427 misere
1578 2383 1644 2427 ma

443 2469 525 2530 ioris
555 2470 667 2531 nostri.
699 2470 820 2531 eandem
851 2490 970 2531 coccam
1000 2469 1084 2531 duod
1113 2467 1216 2530 multia
1247 2467 1338 2530 annia
1363 2475 1435 2549 poet
1451 2468 1558 2551 scices
1581 2491 1641 2531 con

446 2573 625 2651 nepcvcrim,
657 2596 710 2635 cur
732 2573 780 2636 M.
811 2573 932 2636 Valerio
955 2595 1015 2637 non
1039 2573 1227 2656 diffideretur
1249 2574 1392 2635 Mammea
1414 2573 1555 2636 similiter
1573 2595 1645 2655 pro-

445 2683 597 2739 vocantem
620 2700 703 2741 arma
727 2677 859 2759 capienti
887 2678 1009 2741 Gallum
1032 2679 1075 2740 od
1096 2683 1252 2742 certamen.

496 2782 542 2846 De
572 2783 701 2848 insolito
731 2785 904 2849 verborum
937 2784 1048 2848 ordina
1078 2790 1202 2848 constat
1232 2786 1316 2847 inter
1348 2783 1484 2848 editores
1515 2804 1642 2859 omnes,

447 2910 587 2972 quorum
609 2889 705 2953 verba
728 2890 771 2952 od
792 2896 938 2952 certamen
961 2888 1017 2953 alii
1042 2888 1080 2953 ad
1105 2911 1189 2951 orma
1213 2889 1345 2971 capienti
1369 2925 1410 2935 —
1436 2889 1491 2953 alii
1516 2888 1555 2953 ad
1572 2909 1645 2969 pro-

446 3002 598 3057 vocantem
622 2995 744 3058 Guttam
764 2994 926 3060 referenda
946 3015 1013 3060 esse
1035 3002 1228 3059 monent-
1249 2995 1286 3059 P.
1308 2994 1346 3059 R.
1368 2995 1508 3060 Mueller
1520 2994 1642 3072 (Jahrb.

446 3100 471 3162 f.
498 3097 595 3164 Class.
622 3099 706 3164 Phil.
733 3098 821 3165 1868
845 3123 876 3185 p.
903 3099 960 3179 48)
992 3101 1088 3165 verba
1118 3102 1161 3163 ad
1183 3108 1329 3163 certamen
1351 3109 1388 3165 ut
1412 3100 1573 3188 glossema
1595 3103 1643 3165 in·

446 3204 591 3269 ducenda
613 3225 680 3270 esse
704 3208 838 3270 censuit.
862 3207 907 3270 At
930 3206 1017 3291 fugit
1040 3208 1149 3269 virum
1174 3206 1304 3270 doctum
1328 3208 1379 3270 his
1403 3209 1509 3272 verbis
1530 3206 1643 3272 deletis

446 3309 645 3374 vocabulum
680 3310 800 3373 Gallum
835 3313 997 3395 transponi
1029 3331 1156 3375 necesse
1192 3331 1259 3375 esse
1288 3313 1374 3376 inter
1404 3310 1561 3377 voeabula
1592 3313 1645 3374 ad-

449 3438 552 3478 veraua
582 3422 614 3478 et
644 3415 796 3481 similiter.
821 3413 904 3481 Cum
932 3436 1005 3481 vero
1030 3436 1125 3480 causa
1149 3415 1239 3480 nulla
1263 3419 1323 3493 sit,
1347 3438 1404 3481 cur
1430 3417 1468 3482 da
1492 3417 1562 3481 loeo
1585 3438 1643 3482 sno

446 3520 482 3584 id
514 3541 629 3584 nomen
660 3521 826 3586 detrusum
859 3542 926 3586 esse
950 3522 1135 3598 credamus,
1161 3522 1257 3587 verba
1281 3524 1323 3584 ad
1344 3529 1490 3585 certamen
1513 3523 1644 3587 inducta

445 3625 557 3689 locum
587 3633 734 3689 nostrum
767 3628 902 3690 minime
934 3625 1072 3690 reddunt
1102 3625 1358 3692 luculentiorem.
1392 3627 1511 3692 Verum
1542 3649 1644 3713 nuper

447 3730 533 3795 vidit
564 3730 600 3793 El.
625 3730 668 3793 H.
695 3730 876 3808 Renlrema,
908 3730 973 3795 litt.
998 3730 1145 3795 classim
1169 3739 1276 3796 nostra
1299 3732 1517 3797 Universitate
1540 3733 1644 3798 candi-

448 3836 542 3899 datus
566 3844 598 3899 et
622 3835 799 3920 discipulus
824 3836 906 3899 mihi
930 3836 1169 3901 dilectissimus.
1194 3836 1383 3903 Rectissime
1407 3840 1569 3922 perspexit
1593 3859 1644 3903 ex-

447 3940 620 4026 pungenda
644 3961 710 4005 esse
736 3943 831 4006 verba
857 3941 977 4004 Gallum
1001 3943 1043 4004 cd
1065 3949 1221 4017 certamen,
1245 3944 1293 4005 ita
1316 3945 1541 4007 ratiocinatus:
1566 3964 1641 4008 cum

444 4050 480 4110 in
505 4048 679 4122 sententie,
704 4066 785 4129 quaa
810 4050 956 4132 proxime
979 4050 1156 4122 antecedit,
1182 4050 1344 4132 scripserit
1368 4055 1479 4113 auctor
1501 4051 1644 4112 adoneae

453 4151 575 4213 Gallum
606 4153 753 4235 qnondam
778 4160 998 4233 prouocantem,
1030 4151 1069 4216 ad
1094 4152 1190 4216 verba
1212 4154 1354 4215 adverae
1376 4154 1518 4217 similiter
1535 4176 1643 4236 prouo-

447 4264 560 4319 cantem
590 4256 675 4321 idem
707 4278 768 4321 non
801 4259 921 4322 iterum
954 4278 1069 4322 nomeu
1096 4257 1217 4320 Gothum
1240 4257 1380 4334 addidit,
1405 4267 1438 4323 at
1461 4258 1584 4323 addidit
1607 4258 1644 4323 li-

446 4363 591 4438 brarius,
623 4366 679 4446 qui
712 4365 744 4427 et
773 4363 833 4428 hoe
857 4366 1182 4447 interpretamentum
1207 4365 1239 4428 dt
1263 4362 1346 4427 illud
1371 4366 1413 4427 ad
1436 4372 1581 4428 certamen
1605 4365 1643 4430 de

445 4472 593 4553 margine
624 4471 716 4532 iuxta
747 4476 779 4534 et
813 4468 896 4533 male
919 4472 953 4533 iu
978 4478 1104 4534 textum
1128 4472 1257 4554 recepit.
1282 4469 1368 4549 Quae
1391 4491 1466 4535 cum
1490 4474 1537 4535 ita
1560 4474 1642 4550 sint,

446 4594 544 4659 quam
569 4577 712 4659 primum
737 4597 847 4639 rursus
871 4579 905 4639 in
931 4579 1110 4661 marginem
1135 4575 1329 4662 relegentur.

496 4756 598 4820 XXV.
624 4757 654 4821 e.
671 4757 709 4820 l:
741 4758 774 4819 hi
792 4758 943 4840 percalcato
967 4758 1091 4821 Lentuli
1106 4760 1255 4840 primores
1278 4759 1407 4842 equitum
1430 4759 1644 4823 centurionum·
