4525 5950
1164 700 1320 751 DOM'I'UB.

940 938 1009 1023 §a
1041 936 1241 1003 Formula
1272 936 1542 1016 „non-sed’.

692 1156 827 1223 Transeo
850 1156 889 1222 ad
912 1155 1031 1222 scholia
1053 1177 1134 1243 quae
1158 1177 1232 1222 cnm
1251 1162 1388 1222 tractant
1408 1162 1600 1244 argumenta
1618 1159 1722 1234 varia,
1746 1178 1842 1223 enun-

646 1265 768 1328 tiantur
787 1267 950 1328 communi
969 1262 1117 1341 formula,
1137 1284 1218 1350 quae
1237 1269 1286 1329 est
1304 1264 1472 1329 antithesis
1491 1284 1548 1349 per
1566 1285 1645 1328 non
1666 1263 1737 1343 (vel
1758 1272 1844 1344 neo)

721 1370 800 1436 aad.
826 1370 970 1436 Donatus
992 1371 1073 1436 hanc
1096 1369 1269 1436 formulam
1292 1372 1531 1456 opportunitate
1549 1369 1623 1435 data
1644 1392 1711 1436 non
1736 1370 1845 1456 fugit,

646 1475 788 1542 velutil
815 1476 923 1543 1.108
945 1486 978 1543 et
1003 1476 1077 1555 118,
1109 1477 1163 1543 sed
1186 1477 1271 1563 apud
1293 1476 1522 1563 philosophum
1543 1477 1624 1542 abiit
1648 1481 1684 1542 in
1708 1499 1837 1544 morem

647 1585 804 1669 ineptum.

692 1750 778 1816 Prol.
802 1748 831 1817 7.
855 1752 927 1816 Non
949 1753 1156 1829 criminibus,
1181 1751 1235 1817 sed
1260 1749 1492 1828 „maledictis’'.
1516 1747 1599 1830 Quid
1623 1757 1743 1818 autem
1763 1757 1847 1820 inter

645 1857 852 1924 maledictum
875 1866 907 1923 et
930 1861 1050 1924 crimen
1074 1861 1202 1924 intersit
1225 1858 1316 1924 docet
1339 1855 1448 1925 (licere
1472 1860 1506 1922 in
1529 1856 1740 1925 rllusculanis.

690 1964 811 2031 Locum
834 1968 867 2030 in
890 1964 1081 2032 Tusculanis
1105 1965 1224 2031 frustra
1247 1967 1454 2050 quaesiveris.

691 2130 772 2197 Ibid.
797 2131 857 2213 (9).
881 2131 1007 2198 utnon
1032 2132 1165 2197 obsistat
1189 2131 1244 2197 sed
1269 2130 1511 2217 „respondeat”.

690 2300 706 2365 Ι
731 2301 851 2367 1.105.
874 2300 982 2366 locum
1005 2321 1100 2387 supra
1123 2303 1190 2366 iam
1214 2298 1326 2366 rettuli
1349 2299 1403 2379 (of.
1428 2300 1488 2365 sub
1511 2300 1529 2383 ξ
1549 2297 1594 2379 3).

690 2466 705 2531 Ι
727 2467 757 2533 5.
771 2466 824 2533 40.
857 2489 918 2532 non
948 2472 1152 2553 paupertate,
1176 2466 1231 2533 sed
1255 2472 1414 2554 egestate,
1440 2468 1492 2531 oui
1515 2468 1776 2551 contrarium(l)
1800 2473 1847 2536 in·

646 2575 719 2658 opia
741 2580 774 2639 et
797 2580 1005 2661 cognatorum
1028 2572 1239 2661 negligentia.

692 2738 745 2806 57.
770 2762 826 2806 neo
849 2741 956 2807 fratris
979 2740 1102 2818 solnm,
1127 2740 1181 2807 sed
1205 2742 1304 2806 etiam
1326 2743 1484 2827 germani.

691 2907 722 2974 ΙΙ
748 2909 822 2975 1.1.
843 2908 924 2976 Ecce
943 2909 1058 2976 scholii
1077 2931 1180 2998 genus
1199 2910 1255 2975 ubi
1267 2911 1359 2975 iuxta
1371 2910 1467 2976 verba
1478 2906 1636 2987 Terentii,
1651 2912 1845 3000 exemplum

644 3037 663 3082 a
694 3015 817 3082 Donato
847 3016 950 3082 aliove
979 3016 1148 3083 scholiasta
1179 3016 1313 3082 allatum
1341 3016 1530 3082 illustratur.
1555 3015 1706 3083 Donatus
1733 3020 1844 3085 attulit

644 3122 778 3209 Vergilii
800 3122 909 3188 locum
929 3124 1009 3189 Aen.
1031 3123 1163 3201 1v421,
1184 3124 1304 3208 dequo
1324 3124 1401 3189 baec
1421 3123 1589 3209 adscripsit
1608 3123 1842 3213 philosophus:

644 3229 731 3316 Ergo
761 3251 824 3295 non
855 3232 993 3307 Aeneas,
1016 3230 1070 3296 sed
1099 3230 1197 3308 „ille”
1222 3234 1358 3296 etitem
1381 3251 1442 3295 non
1466 3231 1518 3295 hic
1541 3227 1767 3311 Philumena,
1792 3232 1841 3299 sed

647 3334 745 3415 „illa”
771 3336 863 3401 dixit.

690 3503 722 3569 II
754 3503 850 3568 1.12.
882 3502 946 3569 Nec
976 3503 1119 3569 studium
1152 3508 1209 3568 aut
1231 3502 1451 3580 voluntatem,
1477 3503 1530 3568 sed
1557 3506 1761 3584 „amorem”,
1788 3528 1843 3572 neo

645 3613 802 3696 aperiam,
827 3609 880 3674 sed
906 3609 1081 3687 „narrabo”
1109 3610 1206 3674 dixit:
1231 3616 1337 3675 totum
1362 3609 1541 3696 magnifice.

692 3776 744 3842 35.
773 3776 844 3842 Non
868 3776 951 3840 dixit
972 3797 1033 3862 ego
1057 3797 1119 3841 non
1143 3778 1267 3842 instabo
1290 3783 1327 3840 nt
1350 3775 1484 3853 ducam,
1510 3775 1563 3841 sed
1586 3775 1672 3861 quod
1696 3783 1751 3843 est
1775 3800 1843 3843 am·

645 3879 731 3970 plius
756 3891 863 3969 <„ego
886 3883 920 3947 id
943 3903 1056 3968 agam,
1081 3883 1163 3947 mihi
1187 3886 1243 3967 qui
1267 3904 1306 3948 ne
1329 3882 1482 3959 detur’'>.

691 4049 721 4115 ΙΙ
745 4049 775 4114 3.
790 4049 844 4114 29.
878 4048 1114 4127 „Ourabitur'’:
1146 4072 1209 4115 non
1240 4050 1373 4128 curabo,
1398 4049 1452 4115 sed
1474 4047 1741 4135 impersonaliter
1766 4074 1841 4119 cum

646 4157 849 4235 difficultate,
875 4158 960 4243 quod
983 4160 1074 4241 quasi
1098 4155 1234 4221 arduum
1259 4167 1308 4222 est
1330 4164 1362 4222 et
1384 4176 1502 4242 grave,
1527 4156 1619 4220 dixit.

691 4323 722 4387 Il
745 4323 775 4389 4.
790 4324 821 4388 2.
846 4322 916 4387 Non
941 4323 1022 4387 dixit
1047 4322 1186 4399 „senex”
1210 4330 1267 4387 aut
1293 4323 1435 4407 „pater”,
1455 4321 1508 4387 sed
1530 4320 1624 4399 „hic”
1646 4341 1727 4388 cum
1753 4326 1844 4403 odio,

647 4432 798 4515 quoniam
822 4450 932 4494 averso
955 4431 1063 4494 animo
1086 4428 1239 4515 loquitur.

692 4536 779 4602 Haec
804 4539 911 4600 omnia
932 4539 1043 4620 inepta
1066 4557 1132 4600 esse
1156 4536 1261 4601 brevis
1284 4538 1443 4621 reputatio
1467 4534 1601 4599 docebit.

692 4703 723 4768 ΙΙ
748 4702 845 4766 114.
889 4701 1027 4766 Nullane
1048 4704 1082 4765 in
1106 4722 1139 4765 re
1163 4722 1231 4767 esse
1255 4704 1429 4786 quoiquam
1451 4700 1576 4765 homini
1600 4698 1721 4766 tideml

693 4809 763 4873 Non
793 4811 827 4871 iu
858 4806 956 4871 nullis
986 4807 1096 4883 rebus,
1124 4806 1178 4871 sed
1202 4809 1359 4891 nequeio
1383 4806 1477 4871 rebua
1501 4808 1660 4890 usquein
1685 4828 1845 4892 persona,
