4525 5950
965 679 1123 728 nonanus.
1251 683 1253 688 ·
1579 659 1643 729 317

448 842 634 928 exemplum
660 843 882 920 Phormionis‚
904 865 1017 908 verum
1040 847 1095 910 vix
1114 843 1172 910 ille
1191 848 1225 910 in
1246 845 1442 910 Phormione
1462 843 1497 908 ll.
1519 844 1646 921 „dices”

449 971 507 1034 pro
538 947 689 1026 „eredes”
721 951 866 1033 positum
896 952 1134 1029 aestimaverit,
1159 971 1234 1016 oum
1258 950 1419 1037 significet
1444 950 1571 1027 „diaes”
1598 948 1650 1031 uel

450 1055 621 1133 „senties”.
655 1051 807 1120 Ceterum
831 1056 944 1121 verba:
972 1057 1165 1132 „nonenim
1190 1056 1349 1120 dioimus''
1376 1077 1442 1141 sqq.
1467 1054 1649 1141 philosophi

448 1180 517 1225 esse
541 1169 632 1225 antea
657 1159 799 1225 vidimus
824 1159 884 1239 (ll.
910 1183 939 1245 p.
966 1160 1042 1237 221,
1068 1160 1108 1224 ad
1132 1159 1147 1225 Ι
1174 1161 1202 1225 l.
1217 1160 1285 1241 22).

494 1265 542 1344 (2)
573 1267 712 1349 pertinet
744 1265 784 1330 ad
811 1265 993 1350 philosophi
1017 1285 1071 1331 vv.
1099 1266 1160 1342 „ab
1185 1286 1221 1331 eo
1244 1286 1275 1351 q.
1300 1287 1326 1331 s.
1349 1268 1372 1332 i.
1397 1288 1427 1352 q.
1452 1265 1646 1350 praeeedit'',

448 1379 482 1436 et
504 1374 606 1456 ipsius
629 1392 697 1436 esse
721 1379 838 1456 potest.
862 1371 1045 1437 Secundum
1071 1370 1233 1436 Donatum
1258 1371 1443 1457 metalepsis
1467 1374 1524 1437 vix
1543 1371 1649 1438 differt

448 1498 467 1541 a
491 1480 708 1563 metonymia,
733 1477 817 1562 quod
842 1475 1034 1542 vocabulum
1054 1479 1088 1540 in
1108 1477 1228 1542 Andria
1246 1475 1363 1542 saltem
1384 1499 1447 1543 non
1467 1481 1645 1562 usurpavit,

448 1583 487 1647 of.
508 1582 555 1647 III
575 1583 606 1647 3.
623 1582 651 1659 1,
673 1581 716 1647 IV
732 1583 760 1648 1.
775 1582 828 1647 52.
855 1582 1048 1668 Exemplum
1070 1582 1260 1648 Plautinum
1280 1589 1330 1649 est
1347 1582 1484 1650 alieuius
1496 1586 1646 1671 magistri

448 1709 506 1753 neo
530 1690 700 1773 quiequam
724 1687 764 1753 ad
787 1709 855 1753 rem
880 1690 974 1766 feeit,
998 1709 1079 1775 quae
1103 1692 1223 1776 agitur.

495 1854 539 1918 25
570 1854 619 1933 (3)
660 1854 773 1931 „Nihil
808 1857 874 1919 iam
910 1856 1051 1920 mutire''
1093 1855 1233 1921 Ennius:
1275 1877 1333 1922 neo
1370 1856 1440 1922 dioo
1475 1878 1532 1921 neo
1566 1858 1646 1922 lanio

451 1966 568 2036 (mu),
596 1999 638 2010 —
661 1963 741 2024 unde
764 1968 792 2024 el
815 1968 939 2025 neuton
961 1961 1097 2038 dicimus,
1120 1998 1163 2009 -
1187 1962 1273 2047 quod
1298 1960 1413 2028 Graeci
1436 1963 1644 2040 numnam.

495 2065 615 2132 Merito
638 2066 921 2151 interpolationem
946 2070 1071 2132 notavit
1095 2067 1146 2133 W.

496 2216 538 2281 36
565 2216 678 2294 „Nihil
702 2227 874 2283 moventur
898 2218 1050 2303 nuptiae”
1075 2240 1139 2284 non
1161 2219 1434 2303 perturbabuntur
1458 2222 1599 2305 nuptiae.

494 2322 547 2388 Sic
566 2322 720 2388 Donatus.
743 2322 901 2408 Magister
913 2326 1022 2389 miuus
1036 2329 1135 2390 reate:
1150 2325 1364 2401 „moventur”
1378 2325 1578 2391 differuntur.
1592 2324 1645 2408 (O)

496 2489 542 2554 Ill
566 2487 631 2554 3.7
657 2489 743 2569 Quae
766 2492 934 2570 (amicitia)
957 2511 1031 2556 oum
1057 2496 1162 2556 astate
1186 2490 1328 2556 adoravit
1352 2492 1452 2556 simul

495 2595 606 2681 Inepte
640 2598 813 2681 magister:
850 2597 925 2661 hino
956 2595 1137 2682 Vergilius:
1174 2602 1337 2676 „orassent
1368 2597 1461 2676 illae,
1498 2601 1644 2664 oresoetis

450 2703 595 2767 amorss’'
621 2701 702 2781 (Mol.
729 2702 760 2765 X
785 2700 851 2781 54).
884 2700 937 2782 (O)

496 2854 538 2918 32
568 2854 679 2940 Neque
702 2852 792 2918 illam
816 2853 897 2917 hano
921 2859 1076 2939 perpetuo
1100 2854 1215 2919 habere

496 2959 577 3025 Don.
597 2962 664 3040 (l):
687 2957 953 3044 „Amphiholiam
972 2957 1011 3024 ds
1024 2958 1184 3025 industria
1195 2959 1335 3046 posuit’'‚
1349 2960 1380 3025 h.
1395 2983 1421 3026 e.
1436 2967 1529 3047 poeta
1541 2961 1646 3028 voluit

449 3089 505 3131 nos
542 3066 741 3153 intelligere:
777 3063 872 3129 illum
912 3065 993 3130 hano
1030 3072 1063 3131 et
1100 3067 1182 3132 hano
1220 3065 1315 3130 illum
1356 3067 1469 3133 habere
1492 3090 1523 3153 p.

449 3172 608 3259 Magister
638 3173 697 3237 hoo
728 3193 791 3236 non
823 3174 986 3256 perspexit
1008 3179 1041 3237 et
1065 3175 1142 3236 satis
1166 3172 1281 3238 stolide
1306 3174 1476 3239 subiunxit
1499 3175 1564 3257 (2):
1589 3181 1646 3241 aut

448 3286 625 3364 utrumque
649 3277 818 3365 signifieat.
844 3274 897 3356 (O)

495 3431 539 3495 40
565 3430 620 3508 „Si
643 3432 790 3495 animum
812 3429 992 3494 induxisti''
1017 3428 1140 3514 legitur
1162 3436 1195 3495 et
1218 3433 1364 3495 animum
1386 3432 1586 3508 „induxisti”
1612 3438 1644 3498 et

447 3541 595 3604 animum
617 3536 801 3614 „induxti'’.
826 3534 878 3600 Sia
898 3535 1043 3601 Donatus
1063 3539 1186 3601 variam
1206 3536 1377 3602 lectionem
1396 3538 1535 3604 indicare
1552 3538 1643 3603 solet.

448 3645 610 3730 Magister
632 3642 755 3708 addidit
778 3641 861 3727 quod
885 3644 1048 3727 sequitur:
1076 3643 1152 3719 „sed
1171 3642 1252 3708 illud
1272 3642 1403 3729 plenum
1424 3651 1489 3722 est,
1510 3644 1570 3710 hoo
1589 3665 1645 3730 per

448 3749 701 3836 metaplasmum
725 3748 885 3825 συγκοπήν
909 3747 1142 3814 deminuitur'’.
1166 3746 1220 3829 (O)

496 3916 632 3982 1114.3
666 3915 859 3993 ‚‚Dudum'’:
893 3917 1073 3993 „Aduerbia
1103 3920 1257 4003 temporis
1288 3925 1345 3983 aut
1375 3926 1461 3984 oerta
1490 3924 1583 3997 sunt,
1609 3926 1646 3984 ut

449 4023 577 4088 hodie
602 4043 708 4099 oras,
734 4028 790 4087 aut
814 4025 935 4088 ineerta
959 4030 997 4087 ut
1020 4022 1188 4101 dudum,
1214 4045 1359 4109 nuper,
1382 4027 1492 4111 itaque
1516 4027 1645 4091 incertis

447 4130 578 4195 additur
604 4135 732 4213 tempus
756 4133 792 4192 ut
816 4123 897 4193 iam
923 4129 1093 4206 dudum,
1118 4151 1226 4195 nuno
1249 4131 1412 4216 nuper''.
1437 4131 1567 4218 Pugnat
1587 4133 1647 4195 mi·

447 4233 559 4300 rabilis
588 4234 704 4326 regula
735 4253 810 4298 oum
841 4234 900 4299 hoo
933 4234 1019 4312 looo,
1052 4235 1109 4299 ubi
1139 4233 1220 4298 nihil
1252 4235 1380 4300 additur
1411 4242 1449 4301 ut
1479 4235 1556 4302 alibi
1579 4257 1647 4302 sex·

447 4343 580 4407 centies.
614 4337 667 4419 (0)

496 4490 539 4555 19
572 4491 717 4557 Donatus
741 4491 804 4570 (l):
837 4491 1029 4571 „Quissoas”
1053 4512 1110 4576 pro
1137 4492 1305 4577 „quiesce”
1330 4494 1516 4577 imperativi
1539 4494 1644 4571 modi,

447 4619 489 4662 ne
508 4600 705 4662 iniuriosum
726 4596 898 4662 videretur.
935 4596 992 4662 llle
1011 4597 1075 4676 (l):
1098 4599 1165 4662 Aut
1185 4598 1272 4663 deest
1295 4598 1643 4681 „volo'’aut‚‚fsoito”.
1774 4601 1777 4606 ’

502 4762 541 4825 21
569 4761 617 4842 (5)
644 4761 749 4842 „Quin
774 4761 870 4828 hino”
895 4762 928 4827 id
952 4768 1000 4827 est
1024 4782 1063 4826 ex
1086 4763 1146 4828 hoo
1169 4763 1246 4830 looo.
1271 4764 1326 4847 (D)
