4525 5950
911 671 1160 721 rarsrornnurs.
1566 650 1630 717 271

387 864 390 895 ε
430 838 565 904 facilius
589 843 653 915 esi,
679 859 715 902 ea
739 838 835 902 verba
858 839 993 901 minime
1019 836 1165 912 „laetum
1184 843 1217 902 et
1235 835 1373 901 alacrem
1393 836 1561 900 animum''
1580 834 1635 901 sed

387 966 392 1001 τ
433 952 550 1009 contra
574 946 700 1008 tristem
724 964 759 1008 ao
784 943 959 1007 demissum
983 951 1015 1006 et
1038 963 1136 1027 paene
1161 942 1408 1027 despondentem
1433 945 1633 1026 exprimunt,

434 1071 499 1114 nec
532 1049 619 1113 aliud
654 1047 833 1134 significare
863 1048 1015 1112 ridentur
1043 1068 1157 1132 quam:
1195 1048 1303 1123 „Num
1334 1068 1489 1132 umquam
1520 1070 1559 1113 ex
1583 1049 1633 1112 his

388 1186 391 1191 ·
434 1161 510 1220 tam
541 1155 695 1239 gravibus
727 1154 882 1219 molestiis
912 1153 1110 1239 emergam”,
1143 1156 1189 1218 ita
1219 1160 1257 1218 nt
1286 1176 1349 1218 non
1380 1159 1447 1218 tam
1478 1153 1632 1238 procula

387 1320 389 1325 .
434 1264 597 1326 sententia
626 1262 819 1325 aberraverit
852 1260 890 1324 ad
922 1261 954 1324 h.
979 1259 1000 1323 l.
1033 1260 1203 1325 scholiasta
1231 1281 1328 1345 quam
1351 1259 1530 1324 vLeeuwen
1553 1262 1634 1324 arbi-

435 1374 554 1444 tratur,
575 1366 650 1432 licet
669 1388 731 1431 non
751 1368 892 1445 χειμῶνα
914 1372 1167 1451 (tempestatem)
1188 1373 1299 1445 aaran,
1320 1365 1374 1431 sed
1392 1367 1634 1432 veramhiemem

433 1475 578 1558 imagini
613 1474 741 1537 subesse
773 1475 966 1537 existimem.
1003 1473 1167 1557 Ecquando
1198 1495 1248 1535 ver
1279 1472 1463 1554 apparebit?
1496 1472 1635 1558 figurato

435 1578 564 1642 dictum
594 1600 649 1662 pro
680 1580 885 1662 ll'emqacmne
915 1577 1046 1640 maeres
1076 1577 1249 1641 boecler?
1281 1578 1358 1663 quid
1387 1598 1502 1662 quaeso
1526 1578 1635 1642 absoni

435 1684 536 1748 habet
567 1689 623 1747 aut
654 1681 805 1747 absurdi?
840 1681 905 1746 Nec
936 1704 1012 1747 vero
1045 1683 1145 1747 rerba
1177 1704 1223 1747 vs.
1257 1683 1277 1747 3
1309 1678 1367 1747 νίίν
1398 1707 1450 1759 τε,
1484 1684 1551 1760 πρίν
1582 1685 1633 1746 τὸν

436 1795 564 1859 σπλῆνα
590 1790 697 1869 κομιδῇ
723 1791 757 1863 μ’
781 1789 940 1864 ἐκβαλεῖν,
963 1809 1042 1872 quae
1064 1810 1127 1853 non
1147 1791 1254 1853 minus
1273 1809 1371 1874 quam
1390 1788 1512 1873 reliqua
1531 1789 1631 1871 affinis

434 1896 677 1978 impatientiam
708 1894 867 1970 indicant,
901 1892 965 1957 alta
989 1914 1065 1958 voce
1090 1893 1175 1958 dicta
1199 1895 1375 1959 secundum
1399 1896 1509 1978 ipsum
1534 1893 1634 1958 edito-

435 2022 526 2077 rem,
547 2022 646 2064 norae
665 1998 728 2064 loci
747 2001 970 2065 constitutioni
990 2001 1095 2066 favere
1115 2001 1302 2066 contendere
1321 2004 1490 2086 quisquam
1502 2003 1632 2085 poterit.

486 2189 539 2253 Vs.
567 2188 618 2253 12.
643 2194 695 2252 τοῦ
719 2190 794 2264 μήτ’
820 2190 940 2253 derdere
964 2189 1034 2263 μήθ’
1059 2187 1128 2266 ὃρᾶν
1155 2183 1187 2250 εὖ
1213 2185 1269 2252 let·
1294 2184 1350 2254 drr.

434 2295 595 2379 Spurium
618 2316 686 2360 esse
710 2297 831 2359 nemini
850 2293 976 2359 facilius
997 2293 1176 2358 vLeeuwen
1196 2295 1412 2379 persuadebit,
1434 2315 1530 2379 quam
1550 2294 1633 2359 mibi

435 2403 614 2487 persuasit,
645 2403 701 2485 qui
725 2407 798 2465 ante
821 2400 879 2464 hos
903 2399 967 2463 XX
992 2396 1043 2462 vel
1067 2397 1174 2482 plures
1198 2420 1296 2464 annos
1318 2400 1423 2477 idem,
1447 2400 1543 2485 idque
1568 2421 1631 2464 non

438 2507 559 2583 semel,
584 2509 618 2570 ni
642 2504 746 2582 fallor,
771 2506 997 2571 contenderim.

485 2692 538 2757 Vs.
564 2693 617 2758 46.
643 2700 762 2765 πτηνῶν
786 2716 820 2756 τε
845 2692 919 2770 γένη
944 2693 1282 2772 κωτωκνιμνίτίω,

643 2802 732 2873 θηρῶν
755 2802 783 2861 τ’
808 2801 922 2876 ρίηρίων
948 2799 1036 2868 πόδες
1063 2798 1231 2874 ὑλοδρόμων

643 2907 694 2980 μη
720 2903 902 2969 baladon.

434 3011 570 3075 Frustra
600 3031 821 3095 speraveram,
852 3010 885 3074 id
916 3011 1000 3095 quod
1030 3031 1124 3075 nemo
1148 3012 1230 3074 mihi
1255 3010 1409 3096 explicuit
1434 3033 1535 3096 neque
1559 3033 1628 3076 um-

432 3137 533 3201 quam
554 3119 646 3201 potui
665 3116 855 3201 intelligere,
877 3116 1104 3181 Leeuwenium
1123 3117 1206 3180 mihi
1225 3117 1452 3200 expediturum
1471 3139 1538 3183 esse
1550 3120 1628 3203 quid

434 3224 490 3285 hic
520 3223 582 3286 sibi
611 3221 691 3286 velit
721 3222 829 3286 addita
851 3225 990 3306 negatio.
1016 3221 1194 3287 Notissimo
1218 3226 1303 3287 enim
1327 3223 1399 3289 inde
1425 3225 1463 3288 ab
1488 3224 1628 3290 Homero

433 3349 498 3392 usu
520 3328 597 3390 solui
620 3329 744 3391 membro
768 3328 919 3392 dicuntur
943 3330 1176 3404 animantium,
1200 3349 1281 3413 quae
1303 3336 1360 3393 aut
1382 3330 1550 3394 monentur
1573 3340 1629 3396 aut

436 3434 535 3496 ocimo
554 3435 698 3516 deficiunt
718 3441 792 3510 aut,
815 3434 898 3519 quod
918 3435 970 3498 bic
988 3436 1174 3518 requiritur,
1194 3436 1417 3500 obdormierunt.
1442 3436 1628 3502 Fallebarne

435 3542 541 3625 igitur
573 3540 652 3604 olim
683 3542 843 3625 corrigens
876 3537 1154 3604 ὑπολυέτίωνί
1188 3540 1280 3604 Nihil
1310 3542 1362 3605 bic
1393 3549 1558 3626 tamquam
1593 3546 1627 3608 in

435 3668 469 3711 re
494 3645 734 3730 expeditissima
757 3646 922 3710 adnotavit
946 3646 1059 3711 editor.

483 3833 535 3898 Vs.
561 3833 614 3899 74.
639 3836 671 3898 οὐ
694 3843 772 3912 χρῆν
796 3857 836 3897 σε
862 3833 1015 3911 κρύπτειν,
1040 3833 1113 3897 ὄντα
1138 3835 1285 3906 κηδεστίρν
1309 3836 1391 3911 ἐμίν.

434 3938 470 4002 Si
502 3939 578 4022 quid
611 3938 821 4016 mutandum,
857 3938 961 4003 lenius
992 3941 1131 4025 corrigas
1162 3965 1203 4003 σε
1237 3940 1381 4017 κρύπτειν
1414 3945 1509 4018 (μ’),
1540 3942 1624 4027 quod

433 4044 545 4109 eodem
577 4045 674 4120 redit,
707 4065 803 4128 quam
835 4066 908 4108 cum
942 4044 1130 4111 Leeuwenio
1155 4071 1203 4121 με
1227 4047 1371 4124 κρύπτειν
1395 4051 1462 4128 (τ’).
1489 4048 1625 4133 Siquid

433 4150 645 4214 mutandum:
678 4170 770 4234 saepe
801 4154 886 4214 enim
910 4151 995 4235 apud
1019 4155 1190 4236 scriptores
1212 4173 1342 4238 graecos
1366 4163 1398 4218 et
1420 4174 1568 4219 romanos
1590 4156 1625 4218 in

432 4279 466 4321 re
488 4277 543 4341 per
563 4278 596 4320 se
616 4258 692 4320 satis
711 4258 879 4341 perspicua
899 4279 1075 4342 pronomen
1096 4259 1213 4324 obiecti
1233 4262 1390 4324 omissum
1410 4280 1477 4325 esse
1492 4260 1625 4325 ridebis.

480 4442 533 4507 Vs.
559 4443 613 4508 80.
639 4444 704 4507 ἐπεὶ
731 4445 845 4522 τρίτη
872 4448 946 4510 ’στι
973 4447 1189 4527 Θεσμοφορίων
1216 4449 1232 4521 η
1256 4448 1348 4526 μέση.

430 4550 614 4614 Absurdam
643 4550 814 4615 lectionem
846 4552 930 4616 haud
962 4554 1220 4638 improbabiliter
1250 4554 1353 4619 editor
1383 4557 1521 4621 correxit
1554 4559 1628 4621 seri·

432 4655 537 4719 bando
569 4655 637 4718 ἐπεί
669 4656 744 4719 ἐσθ’
775 4657 908 4733 ὲνρτνί,
943 4659 1005 4723 xri.
1040 4659 1112 4745 Ipse
1137 4660 1217 4725 olim
1241 4661 1412 4726 suadebam
1437 4662 1505 4726 ἐπεί
1529 4664 1628 4726 ’στιν

435 4759 503 4834 ἥδε
528 4758 580 4825 vel
605 4760 650 4832 att
676 4770 713 4827 Θ.
739 4764 755 4836 η
780 4764 870 4838 μέση.
