4525 5950
942 710 984 756 11
1006 709 1151 758 ornaris.
1574 691 1640 759 237

445 871 576 936 nalibus
606 892 694 937 casas
723 872 868 937 frondeas
891 894 1006 959 ponere
1029 873 1140 939 solitos
1164 875 1263 939 luisse
1287 874 1397 940 doceat
1420 874 1534 939 Festus
1558 897 1583 939 1.
1609 898 1640 942 1.

445 978 569 1041 sambrae
585 976 618 1056 ¹).

494 1083 605 1167 Neque
639 1086 708 1148 iure
743 1086 922 1169 suspicetur
957 1086 1117 1168 quispiam
1153 1086 1297 1150 ordinem
1332 1107 1394 1170 quo
1426 1107 1482 1170 per
1511 1088 1642 1151 umbras

446 1186 719 1253 distribuerentur
749 1188 898 1274 Spartani
933 1190 1048 1254 referre
1083 1189 1226 1255 similem
1261 1191 1405 1255 ordinem
1436 1194 1469 1255 in
1500 1195 1642 1256 exercitu

446 1296 618 1358 usitatum.
650 1294 735 1358 Nam
765 1315 937 1359 numerum
968 1316 1083 1360 novem
1115 1304 1262 1360 sanctum
1286 1299 1426 1381 antiquis
1449 1299 1483 1360 in
1506 1300 1641 1375 ritibus,

448 1401 568 1483 quibus
587 1399 723 1464 militari
742 1421 818 1465 cum
837 1422 870 1466 re
890 1422 1059 1466 commune
1079 1408 1148 1467 erat
1165 1401 1262 1478 111111,
1283 1401 1483 1487 permultum
1502 1403 1642 1468 valuisse

448 1512 483 1569 et
507 1504 570 1570 alia
582 1505 608 1585 ²)
633 1511 792 1570 testantur
811 1513 843 1570 et
862 1506 955 1572 docet
974 1506 1148 1572 Pausanias
1167 1507 1208 1584 II,
1229 1507 1282 1572 31.
1298 1507 1335 1571 4;
1356 1508 1406 1570 τὸν
1425 1508 1456 1571 δὲ
1476 1509 1642 1587 ἔμπροσθεν

446 1617 502 1674 τοῦ
535 1617 606 1674 νοιοῠ
638 1613 727 1688 λίθον,
760 1613 948 1686 καλούμενον
980 1612 1010 1677 δὲ
1042 1613 1127 1690 ἱερόν,
1161 1609 1236 1677 εἶναι
1270 1615 1394 1690 λέγουσι
1428 1615 1480 1692 ἐφ’
1505 1610 1538 1677 οὗ
1567 1614 1641 1677 ποτὲ

447 1716 554 1794 ἄνδρες
580 1715 755 1796 Τροιζηνίων
780 1719 894 1782 ἐννέα
919 1719 1065 1797 Ὀρέστην
1091 1720 1250 1794 ἐκάθηραν.

496 1821 682 1888 Difficiliora
713 1830 823 1888 autem
854 1830 930 1887 sunt
961 1823 1117 1889 Demetrii
1146 1825 1241 1888 verba
1263 1845 1360 1908 quam
1383 1827 1487 1909 primo
1511 1835 1641 1911 aspectu

447 1928 610 1993 videntur.
644 1930 791 2007 Φροιτρίοιν
822 1932 909 1995 enirn
939 1928 1015 1994 illae
1046 1928 1174 1994 aliunde
1203 1933 1236 1994 in
1261 1929 1584 1995 Lacedaemoniorum
1607 1952 1641 1996 re

446 2032 577 2118 publica
607 2056 735 2118 prorsus
765 2038 896 2121 ignotae
928 2056 1007 2120 quae
1039 2042 1071 2101 et
1095 2035 1173 2120 quid
1195 2035 1324 2099 tandem
1348 2034 1499 2100 suerunt?
1522 2036 1641 2115 Quodsi

445 2141 595 2223 scriptor,
627 2147 664 2204 ut
697 2163 726 2205 v.
751 2141 780 2206 d.
812 2141 944 2225 quidam
967 2141 1007 2205 ad
1029 2143 1143 2205 incitas
1166 2140 1285 2205 redacti
1308 2148 1556 2226 proposuerunt,
1582 2142 1640 2206 hac

446 2265 526 2310 1111
560 2245 749 2330 significarit
783 2248 852 2310 eboc
880 2245 1051 2325 laconicae,
1084 2267 1101 2310 e
1134 2246 1345 2331 discrepantia
1376 2268 1456 2331 quae
1487 2253 1536 2311 est
1557 2250 1641 2311 inter

448 2351 668 2435 phratriarum
688 2373 859 2417 numerum
879 2374 994 2417 novem
1014 2359 1047 2417 et
1066 2352 1231 2418 lochorum
1244 2352 1340 2416 illum
1352 2355 1507 2437 quinque,
1520 2355 1640 2417 iterum

447 2462 581 2541 apparet
612 2454 808 2522 Garneorum
840 2458 960 2522 festum
989 2478 1052 2522 non
1082 2457 1181 2522 fuisse
1212 2458 1312 2533 ἑορτὴν
1343 2459 1563 2536 στρατιωτικὴν
1588 2458 1639 2522 καὶ

448 2564 591 2640 ἀγωγήν.

493 2667 557 2733 Sed
581 2671 609 2732 si
631 2672 921 2753 praetermittimus
944 2688 1024 2753 quae
1047 2670 1115 2732 1111
1136 2667 1293 2733 Demetrii
1313 2666 1407 2752 culpa
1425 2670 1494 2733 1111
1511 2675 1640 2753 propter

446 2776 709 2839 testimoniorum
740 2778 907 2860 penuriam
937 2781 1013 2839 sunt
1044 2773 1142 2838 dubia
1173 2780 1229 2838 aut
1255 2774 1405 2851 obscura,
1430 2783 1540 2839 manet
1562 2775 1638 2852 hoc,

446 2880 533 2964 quod
564 2879 646 2944 nulli
675 2902 737 2945 non
769 2880 967 2946 dubitatione
998 2885 1184 2964 exemptum
1216 2879 1394 2944 ridebitur:
1427 2879 1560 2964 Spartae
1584 2902 1640 2964 per

444 3007 565 3051 novem
589 2986 656 3051 dies
681 2990 799 3051 mensis
818 2985 932 3053 (111111
951 2990 1038 3051 viros
1058 2986 1099 3049 81
1121 2986 1268 3070 epulatos
1287 3007 1354 3050 esse
1373 2988 1406 3050 11
1427 2985 1639 3051 tabernaculis

443 3113 563 3157 novem
593 3112 740 3156 casarum
769 3092 973 3157 frondearum
997 3092 1221 3157 exhibentibus
1244 3092 1391 3156 formam·
1417 3090 1536 3157 Cenem
1561 3113 1638 3157 1111

443 3197 544 3261 fuisse
563 3198 703 3262 sobriam
722 3198 905 3284 frugalique
924 3202 1131 3283 antiquorum
1152 3198 1314 3262 Laconum
1332 3219 1421 3262 more
1436 3200 1636 3274 institutam,

443 3302 518 3368 inde
539 3302 660 3367 efficere
679 3303 771 3379 licet,
792 3303 877 3388 quod
896 3303 1052 3368 Demetrii
1071 3305 1170 3369 verba
1189 3308 1274 3367 inter
1293 3302 1431 3367 aliorum
1443 3305 1637 3386 scriptorum

442 3415 594 3493 excerpta
624 3403 665 3474 de'
685 3411 892 3494 antiquorum
916 3430 1004 3474 more
1029 3409 1158 3472 vivendi
1181 3407 1423 3492 simplicissimo
1446 3411 1575 3493 agentia
1597 3408 1636 3472 ab

442 3514 609 3578 Athenaeo
643 3522 719 3578 sunt
750 3517 878 3579 inserta.
915 3513 1033 3595 Quodsi
1063 3535 1126 3578 non
1156 3533 1323 3597 perperam
1354 3519 1402 3576 est
1432 3512 1636 3577 observatum

442 3619 649 3685 Demetrium
680 3619 882 3704 descripsisse
908 3619 975 3684 dies
999 3620 1094 3684 festos
1118 3617 1228 3702 quales
1250 3641 1307 3681 auc
1329 3624 1431 3682 aetate
1454 3626 1636 3703 agerentur,

441 3725 654 3791 admiratione
687 3746 760 3790 sane
791 3725 909 3811 dignus
940 3731 989 3789 est
1019 3727 1101 3788 ritus
1124 3722 1301 3788 immobilis
1325 3724 1449 3807 sibique
1473 3732 1635 3801 constans,

442 3833 519 3916 qui,
551 3850 625 3893 cum
656 3829 981 3895 Lacedaemoniorum
1012 3851 1116 3894 mores
1148 3830 1187 3893 ad
1219 3828 1375 3893 deteriora
1404 3826 1634 3912 pedetemptim

441 3934 641 4002 declinarent
663 3945 695 4001 et
719 3934 936 4012 dissolutiora,
961 3937 1096 4001 servarit
1119 3936 1257 4019 priscam
1283 3936 1386 3998 victus
1410 3935 1612 3997 tenuitatem.

488 4042 638 4105 Priscum
662 4046 770 4105 autem
796 4062 919 4106 morem
943 4040 1067 4105 tamdiu
1091 4042 1269 4124 perstitisse
1291 4060 1348 4103 cur
1368 4059 1541 4123 negemus,
1561 4060 1635 4102 cum

441 4146 478 4213 Ο.
492 4146 518 4211 I.
533 4144 573 4212 (1.
600 4145 702 4210 1446α
726 4168 782 4211 111
813 4147 940 4224 doceat,
972 4148 1067 4210 altero
1091 4148 1191 4210 etiam
1209 4136 1279 4225 poet
1301 4142 1336 4210 Ο.
1362 4167 1392 4207 n.
1419 4144 1544 4209 saeculo
1566 4166 1636 4209 mu·

436 4252 554 4318 liorem
586 4248 700 4316 Gamei
732 4251 782 4315 dei
807 4252 951 4316 functam
976 4273 1043 4317 esse
1067 4250 1242 4315 sacerdotio
1265 4253 1298 4313 in
1321 4249 1445 4314 familia
1469 4270 1526 4314 sua
1549 4250 1636 4314 here

438 4353 579 4421 ditariol
610 4355 637 4420 11
669 4356 844 4421 sacerdotio
875 4363 984 4422 autem
1016 4355 1183 4432 muliebri,
1215 4361 1253 4418 ut
1284 4357 1478 4419 intransitu
1502 4357 1636 4420 hocob·

472 4621 502 4683 l)
529 4619 692 4668 Conseruntur
716 4618 815 4679 χλωραὶ
842 4615 942 4675 σκιάδες
964 4622 1070 4678 paeana
1093 4616 1221 4679 βρίθουσαν
1244 4616 1322 4677 dedic
1346 4616 1448 4665 Adonidi
1471 4616 1496 4665 in
1520 4618 1633 4666 bonorem

433 4702 532 4770 positae
549 4701 661 4764 (Theocr.
679 4698 730 4758 XV,
750 4701 809 4763 119)
827 4704 851 4749 11
868 4715 946 4749 mores
963 4699 1147 4748 Troezeniorum
1165 4699 1277 4763 descripti
1294 4714 1308 4747 a
1327 4698 1442 4747 Pausania
1460 4698 1493 4756 II,
1511 4700 1584 4757 3l,8.

472 4787 504 4850 2)
523 4783 594 4832 Hom.
613 4800 631 4844 γ
646 4783 659 4835 1
674 4798 725 4846 sqq.
744 4783 804 4832 Vide
820 4798 915 4847 qnoque
931 4782 999 4831 Paua.
1019 4780 1073 4839 vn,
1092 4781 1167 4841 20,1.

1457 4879 1488 4927 lo
