<?xml version="1.0" encoding="UTF-8"?>
<!DOCTYPE html PUBLIC "-//W3C//DTD XHTML 1.0 Transitional//EN"
    "http://www.w3.org/TR/xhtml1/DTD/xhtml1-transitional.dtd">
<html xmlns="http://www.w3.org/1999/xhtml" xml:lang="en" lang="en">
 <head>
  <title>
</title>
<meta http-equiv="Content-Type" content="text/html;charset=utf-8" />
  <meta name='ocr-system' content='tesseract 3.04.00' />
  <meta name='ocr-capabilities' content='ocr_page ocr_carea ocr_par ocr_line ocrx_word'/>
</head>
<body>
  <div class='ocr_page' id='page_1' title='image "./mnemosyne07verdgoog_0183.png"; bbox 0 0 4525 5950; ppageno 0'>
   <div class='ocr_carea' id='block_1_1' title="bbox 544 679 1194 746">
    <p class='ocr_par' dir='ltr' id='par_1_1' title="bbox 544 679 1194 746">
     <span class='ocr_line' id='line_1_1' title="bbox 544 679 1194 746; baseline 0.006 -4"><span class='ocrx_word' id='word_1_1' title='bbox 544 679 607 742; x_wconf 88' lang='grc'><strong>164</strong></span> <span class='ocrx_word' id='word_1_2' title='bbox 1074 697 1194 746; x_wconf 83' lang='lat' dir='ltr'><strong>ursus.</strong></span> 
     </span>
    </p>
   </div>
   <div class='ocr_carea' id='block_1_2' title="bbox 537 857 1739 3695">
    <p class='ocr_par' dir='ltr' id='par_1_2' title="bbox 537 857 1739 3380">
     <span class='ocr_line' id='line_1_2' title="bbox 539 857 1730 948; baseline 0.003 -24"><span class='ocrx_word' id='word_1_3' title='bbox 539 857 622 924; x_wconf 85' lang='lat' dir='ltr'><strong>Oum</strong></span> <span class='ocrx_word' id='word_1_4' title='bbox 654 860 712 925; x_wconf 91' lang='lat' dir='ltr'><strong>bac</strong></span> <span class='ocrx_word' id='word_1_5' title='bbox 744 864 829 925; x_wconf 86' lang='lat' dir='ltr'><strong>enirn</strong></span> <span class='ocrx_word' id='word_1_6' title='bbox 861 882 975 946; x_wconf 90' lang='lat' dir='ltr'><strong>parum</strong></span> <span class='ocrx_word' id='word_1_7' title='bbox 999 861 1156 946; x_wconf 82' lang='lat' dir='ltr'><strong>quadrant</strong></span> <span class='ocrx_word' id='word_1_8' title='bbox 1178 861 1287 948; x_wconf 90' lang='lat' dir='ltr'><strong>plures</strong></span> <span class='ocrx_word' id='word_1_9' title='bbox 1310 883 1360 927; x_wconf 92' lang='lat' dir='ltr'><strong>res</strong></span> <span class='ocrx_word' id='word_1_10' title='bbox 1384 864 1514 927; x_wconf 87' lang='lat' dir='ltr'><strong>minimi</strong></span> <span class='ocrx_word' id='word_1_11' title='bbox 1537 884 1602 927; x_wconf 92' lang='lat' dir='ltr'><strong>non</strong></span> <span class='ocrx_word' id='word_1_12' title='bbox 1628 862 1730 927; x_wconf 89' lang='lat' dir='ltr'><strong>solum</strong></span> 
     </span>
     <span class='ocr_line' id='line_1_3' title="bbox 541 965 1732 1053; baseline 0.002 -24"><span class='ocrx_word' id='word_1_13' title='bbox 541 969 712 1042; x_wconf 82' lang='lat' dir='ltr'><strong>momenti,</strong></span> <span class='ocrx_word' id='word_1_14' title='bbox 738 967 792 1031; x_wconf 92' lang='lat' dir='ltr'><strong>sed</strong></span> <span class='ocrx_word' id='word_1_15' title='bbox 816 970 913 1031; x_wconf 86' lang='lat' dir='ltr'><strong>etiam</strong></span> <span class='ocrx_word' id='word_1_16' title='bbox 938 970 984 1032; x_wconf 89' lang='lat' dir='ltr'><strong>ita</strong></span> <span class='ocrx_word' id='word_1_17' title='bbox 1007 965 1208 1052; x_wconf 80' lang='lat' dir='ltr'><strong>comparatae</strong></span> <span class='ocrx_word' id='word_1_18' title='bbox 1232 973 1270 1031; x_wconf 91' lang='lat' dir='ltr'><strong>ut</strong></span> <span class='ocrx_word' id='word_1_19' title='bbox 1293 967 1375 1032; x_wconf 89' lang='lat' dir='ltr'><strong>nulli</strong></span> <span class='ocrx_word' id='word_1_20' title='bbox 1401 971 1462 1032; x_wconf 92' lang='lat' dir='ltr'><strong>nisi</strong></span> <span class='ocrx_word' id='word_1_21' title='bbox 1482 971 1637 1053; x_wconf 74' lang='lat' dir='ltr'><strong>scriptori</strong></span> <span class='ocrx_word' id='word_1_22' title='bbox 1656 971 1732 1033; x_wconf 92' lang='lat' dir='ltr'><strong>eins-</strong></span> 
     </span>
     <span class='ocr_line' id='line_1_4' title="bbox 539 1071 1732 1158; baseline 0.003 -24"><span class='ocrx_word' id='word_1_23' title='bbox 539 1092 601 1156; x_wconf 92' lang='lat' dir='ltr'><strong>que</strong></span> <span class='ocrx_word' id='word_1_24' title='bbox 632 1071 794 1137; x_wconf 80' lang='lat' dir='ltr'><strong>sodalitati</strong></span> <span class='ocrx_word' id='word_1_25' title='bbox 825 1082 918 1136; x_wconf 88' lang='lat' dir='ltr'><strong>notae</strong></span> <span class='ocrx_word' id='word_1_26' title='bbox 949 1094 1017 1138; x_wconf 85' lang='lat' dir='ltr'><strong>esse</strong></span> <span class='ocrx_word' id='word_1_27' title='bbox 1048 1077 1228 1158; x_wconf 90' lang='lat' dir='ltr'><strong>potuerint,</strong></span> <span class='ocrx_word' id='word_1_28' title='bbox 1253 1094 1330 1158; x_wconf 90' lang='lat' dir='ltr'><strong>quas</strong></span> <span class='ocrx_word' id='word_1_29' title='bbox 1355 1075 1411 1139; x_wconf 89' lang='lat' dir='ltr'><strong>ubi</strong></span> <span class='ocrx_word' id='word_1_30' title='bbox 1434 1073 1732 1139; x_wconf 73' lang='lat' dir='ltr'><strong>commemorandae</strong></span> 
     </span>
     <span class='ocr_line' id='line_1_5' title="bbox 541 1177 1732 1266; baseline 0.004 -27"><span class='ocrx_word' id='word_1_31' title='bbox 541 1177 739 1253; x_wconf 85' lang='lat' dir='ltr'><strong>ridebantur,</strong></span> <span class='ocrx_word' id='word_1_32' title='bbox 764 1186 875 1262; x_wconf 80' lang='lat' dir='ltr'><strong>utpote</strong></span> <span class='ocrx_word' id='word_1_33' title='bbox 900 1180 929 1241; x_wconf 72' lang='grc' dir='ltr'><strong>ἓν</strong></span> <span class='ocrx_word' id='word_1_34' title='bbox 952 1179 1059 1242; x_wconf 65' lang='grc' dir='ltr'><strong>εἰδέων</strong></span> <span class='ocrx_word' id='word_1_35' title='bbox 1083 1180 1178 1244; x_wconf 85' lang='lat' dir='ltr'><strong>verba</strong></span> <span class='ocrx_word' id='word_1_36' title='bbox 1196 1180 1330 1257; x_wconf 86' lang='lat' dir='ltr'><strong>faciens,</strong></span> <span class='ocrx_word' id='word_1_37' title='bbox 1351 1182 1485 1266; x_wconf 88' lang='lat' dir='ltr'><strong>stringit</strong></span> <span class='ocrx_word' id='word_1_38' title='bbox 1504 1185 1653 1257; x_wconf 92' lang='lat' dir='ltr'><strong>tantum,</strong></span> <span class='ocrx_word' id='word_1_39' title='bbox 1673 1201 1732 1244; x_wconf 93' lang='lat' dir='ltr'><strong>non</strong></span> 
     </span>
     <span class='ocr_line' id='line_1_6' title="bbox 539 1284 1734 1371; baseline 0 -22"><span class='ocrx_word' id='word_1_40' title='bbox 539 1288 679 1370; x_wconf 81' lang='lat' dir='ltr'><strong>exponit.</strong></span> <span class='ocrx_word' id='word_1_41' title='bbox 713 1285 797 1349; x_wconf 91' lang='lat' dir='ltr'><strong>Hinc</strong></span> <span class='ocrx_word' id='word_1_42' title='bbox 827 1288 975 1369; x_wconf 83' lang='lat' dir='ltr'><strong>inprimis</strong></span> <span class='ocrx_word' id='word_1_43' title='bbox 1006 1285 1176 1369; x_wconf 88' lang='lat' dir='ltr'><strong>repetenda</strong></span> <span class='ocrx_word' id='word_1_44' title='bbox 1205 1284 1262 1350; x_wconf 91' lang='lat' dir='ltr'><strong>illa</strong></span> <span class='ocrx_word' id='word_1_45' title='bbox 1292 1287 1486 1363; x_wconf 81' lang='lat' dir='ltr'><strong>obscuritas,</strong></span> <span class='ocrx_word' id='word_1_46' title='bbox 1511 1286 1550 1351; x_wconf 94' lang='lat' dir='ltr'><strong>de</strong></span> <span class='ocrx_word' id='word_1_47' title='bbox 1575 1307 1642 1371; x_wconf 91' lang='lat' dir='ltr'><strong>qua</strong></span> <span class='ocrx_word' id='word_1_48' title='bbox 1664 1306 1734 1370; x_wconf 78' lang='lat' dir='ltr'><strong>qne</strong></span> 
     </span>
     <span class='ocr_line' id='line_1_7' title="bbox 538 1389 1733 1475; baseline 0.002 -23"><span class='ocrx_word' id='word_1_49' title='bbox 538 1396 655 1454; x_wconf 90' lang='lat' dir='ltr'><strong>rnntur</strong></span> <span class='ocrx_word' id='word_1_50' title='bbox 685 1393 900 1473; x_wconf 84' lang='lat' dir='ltr'><strong>posteriorum</strong></span> <span class='ocrx_word' id='word_1_51' title='bbox 931 1397 1116 1474; x_wconf 90' lang='lat' dir='ltr'><strong>temporum</strong></span> <span class='ocrx_word' id='word_1_52' title='bbox 1147 1389 1281 1456; x_wconf 88' lang='lat' dir='ltr'><strong>lectores</strong></span> <span class='ocrx_word' id='word_1_53' title='bbox 1313 1399 1345 1455; x_wconf 88' lang='lat' dir='ltr'><strong>et</strong></span> <span class='ocrx_word' id='word_1_54' title='bbox 1378 1394 1572 1475; x_wconf 88' lang='lat' dir='ltr'><strong>interpretes</strong></span> <span class='ocrx_word' id='word_1_55' title='bbox 1606 1398 1733 1455; x_wconf 85' lang='lat' dir='ltr'><strong>tantum</strong></span> 
     </span>
     <span class='ocr_line' id='line_1_8' title="bbox 539 1495 1736 1582; baseline 0 -24"><span class='ocrx_word' id='word_1_56' title='bbox 539 1517 601 1559; x_wconf 91' lang='lat' dir='ltr'><strong>non</strong></span> <span class='ocrx_word' id='word_1_57' title='bbox 626 1516 746 1560; x_wconf 90' lang='lat' dir='ltr'><strong>omnes.</strong></span> <span class='ocrx_word' id='word_1_58' title='bbox 768 1495 877 1581; x_wconf 90' lang='lat' dir='ltr'><strong>Neque</strong></span> <span class='ocrx_word' id='word_1_59' title='bbox 898 1503 1005 1560; x_wconf 89' lang='lat' dir='ltr'><strong>tamen</strong></span> <span class='ocrx_word' id='word_1_60' title='bbox 1027 1496 1148 1560; x_wconf 82' lang='lat' dir='ltr'><strong>Blaesio</strong></span> <span class='ocrx_word' id='word_1_61' title='bbox 1167 1517 1297 1582; x_wconf 90' lang='lat' dir='ltr'><strong>prorsus</strong></span> <span class='ocrx_word' id='word_1_62' title='bbox 1317 1498 1545 1573; x_wconf 80' lang='lat' dir='ltr'><strong>concesserim,</strong></span> <span class='ocrx_word' id='word_1_63' title='bbox 1567 1499 1736 1582; x_wconf 88' lang='lat' dir='ltr'><strong>scriptiun-</strong></span> 
     </span>
     <span class='ocr_line' id='line_1_9' title="bbox 539 1600 1737 1686; baseline -0.002 -20"><span class='ocrx_word' id='word_1_64' title='bbox 539 1601 645 1666; x_wconf 90' lang='lat' dir='ltr'><strong>culam</strong></span> <span class='ocrx_word' id='word_1_65' title='bbox 669 1603 765 1686; x_wconf 87' lang='lat' dir='ltr'><strong>pretii</strong></span> <span class='ocrx_word' id='word_1_66' title='bbox 789 1608 857 1666; x_wconf 91' lang='lat' dir='ltr'><strong>tam</strong></span> <span class='ocrx_word' id='word_1_67' title='bbox 881 1600 956 1665; x_wconf 86' lang='lat' dir='ltr'><strong>vilis</strong></span> <span class='ocrx_word' id='word_1_68' title='bbox 980 1623 1048 1665; x_wconf 91' lang='lat' dir='ltr'><strong>esse</strong></span> <span class='ocrx_word' id='word_1_69' title='bbox 1071 1603 1294 1677; x_wconf 85' lang='lat' dir='ltr'><strong>contendenti,</strong></span> <span class='ocrx_word' id='word_1_70' title='bbox 1318 1607 1356 1666; x_wconf 89' lang='lat' dir='ltr'><strong>ut</strong></span> <span class='ocrx_word' id='word_1_71' title='bbox 1379 1604 1407 1665; x_wconf 91' lang='lat' dir='ltr'><strong>si</strong></span> <span class='ocrx_word' id='word_1_72' title='bbox 1430 1622 1447 1666; x_wconf 94' lang='lat' dir='ltr'><strong>e</strong></span> <span class='ocrx_word' id='word_1_73' title='bbox 1467 1600 1600 1666; x_wconf 79' lang='lat' dir='ltr'><strong>Graccis</strong></span> <span class='ocrx_word' id='word_1_74' title='bbox 1619 1600 1737 1665; x_wconf 88' lang='lat' dir='ltr'><strong>litteris</strong></span> 
     </span>
     <span class='ocr_line' id='line_1_10' title="bbox 539 1705 1736 1792; baseline 0 -23"><span class='ocrx_word' id='word_1_75' title='bbox 539 1728 670 1792; x_wconf 90' lang='lat' dir='ltr'><strong>prorsus</strong></span> <span class='ocrx_word' id='word_1_76' title='bbox 700 1709 883 1771; x_wconf 85' lang='lat' dir='ltr'><strong>evanuisset</strong></span> <span class='ocrx_word' id='word_1_77' title='bbox 906 1706 987 1771; x_wconf 89' lang='lat' dir='ltr'><strong>nihil</strong></span> <span class='ocrx_word' id='word_1_78' title='bbox 1010 1707 1201 1771; x_wconf 89' lang='lat' dir='ltr'><strong>haberemus</strong></span> <span class='ocrx_word' id='word_1_79' title='bbox 1224 1705 1309 1791; x_wconf 93' lang='lat' dir='ltr'><strong>qnod</strong></span> <span class='ocrx_word' id='word_1_80' title='bbox 1334 1727 1529 1792; x_wconf 82' lang='lat' dir='ltr'><strong>magnopere</strong></span> <span class='ocrx_word' id='word_1_81' title='bbox 1552 1705 1736 1772; x_wconf 89' lang='lat' dir='ltr'><strong>doleremus</strong></span> 
     </span>
     <span class='ocr_line' id='line_1_11' title="bbox 540 1811 1738 1898; baseline -0.001 -22"><span class='ocrx_word' id='word_1_82' title='bbox 540 1817 617 1882; x_wconf 74' lang='lat' dir='ltr'><strong>(citt.</strong></span> <span class='ocrx_word' id='word_1_83' title='bbox 658 1812 745 1876; x_wconf 81' lang='lat' dir='ltr'><strong>Ber.²</strong></span> <span class='ocrx_word' id='word_1_84' title='bbox 775 1812 789 1877; x_wconf 96' lang='lat' dir='ltr'>I</span> <span class='ocrx_word' id='word_1_85' title='bbox 820 1835 851 1898; x_wconf 90' lang='lat' dir='ltr'><strong>p.</strong></span> <span class='ocrx_word' id='word_1_86' title='bbox 884 1811 963 1884; x_wconf 87' lang='grc'>644)</span> <span class='ocrx_word' id='word_1_87' title='bbox 989 1811 1020 1887; x_wconf 88' lang='lat'><strong>¹).</strong></span> <span class='ocrx_word' id='word_1_88' title='bbox 1058 1811 1165 1876; x_wconf 92' lang='lat' dir='ltr'><strong>Immo</strong></span> <span class='ocrx_word' id='word_1_89' title='bbox 1199 1833 1274 1876; x_wconf 93' lang='lat' dir='ltr'><strong>cum</strong></span> <span class='ocrx_word' id='word_1_90' title='bbox 1310 1833 1360 1876; x_wconf 89' lang='lat' dir='ltr'><strong>res</strong></span> <span class='ocrx_word' id='word_1_91' title='bbox 1395 1812 1587 1877; x_wconf 86' lang='lat' dir='ltr'><strong>domesticas</strong></span> <span class='ocrx_word' id='word_1_92' title='bbox 1626 1820 1738 1898; x_wconf 87' lang='lat' dir='ltr'><strong>tangat</strong></span> 
     </span>
     <span class='ocr_line' id='line_1_12' title="bbox 541 1916 1735 2003; baseline -0.001 -21"><span class='ocrx_word' id='word_1_93' title='bbox 541 1921 690 2003; x_wconf 86' lang='lat' dir='ltr'><strong>quamvis</strong></span> <span class='ocrx_word' id='word_1_94' title='bbox 719 1923 848 1981; x_wconf 90' lang='lat' dir='ltr'><strong>tenuem</strong></span> <span class='ocrx_word' id='word_1_95' title='bbox 871 1917 981 1982; x_wconf 89' lang='lat' dir='ltr'><strong>eodem</strong></span> <span class='ocrx_word' id='word_1_96' title='bbox 1004 1916 1072 1982; x_wconf 91' lang='lat' dir='ltr'><strong>loco</strong></span> <span class='ocrx_word' id='word_1_97' title='bbox 1096 1916 1275 1982; x_wconf 87' lang='lat' dir='ltr'><strong>habendam</strong></span> <span class='ocrx_word' id='word_1_98' title='bbox 1299 1920 1451 1982; x_wconf 83' lang='lat' dir='ltr'><strong>existimo</strong></span> <span class='ocrx_word' id='word_1_99' title='bbox 1475 1939 1540 2003; x_wconf 91' lang='lat' dir='ltr'><strong>qno</strong></span> <span class='ocrx_word' id='word_1_100' title='bbox 1564 1916 1735 2002; x_wconf 89' lang='lat' dir='ltr'><strong>epistolas,</strong></span> 
     </span>
     <span class='ocr_line' id='line_1_13' title="bbox 540 2022 1737 2108; baseline -0.002 -20"><span class='ocrx_word' id='word_1_101' title='bbox 540 2045 600 2089; x_wconf 90' lang='lat' dir='ltr'><strong>non</strong></span> <span class='ocrx_word' id='word_1_102' title='bbox 633 2023 720 2088; x_wconf 87' lang='lat' dir='ltr'><strong>fictas</strong></span> <span class='ocrx_word' id='word_1_103' title='bbox 749 2023 823 2087; x_wconf 91' lang='lat' dir='ltr'><strong>illas</strong></span> <span class='ocrx_word' id='word_1_104' title='bbox 854 2022 907 2088; x_wconf 87' lang='lat' dir='ltr'><strong>vel</strong></span> <span class='ocrx_word' id='word_1_105' title='bbox 938 2023 977 2088; x_wconf 91' lang='lat' dir='ltr'><strong>ad</strong></span> <span class='ocrx_word' id='word_1_106' title='bbox 1000 2026 1196 2108; x_wconf 88' lang='lat' dir='ltr'><strong>gravitatem</strong></span> <span class='ocrx_word' id='word_1_107' title='bbox 1221 2026 1429 2108; x_wconf 89' lang='lat' dir='ltr'><strong>compositas,</strong></span> <span class='ocrx_word' id='word_1_108' title='bbox 1455 2022 1567 2107; x_wconf 84' lang='lat' dir='ltr'><strong>quales</strong></span> <span class='ocrx_word' id='word_1_109' title='bbox 1591 2023 1737 2088; x_wconf 84' lang='lat' dir='ltr'><strong>Platonis</strong></span> 
     </span>
     <span class='ocr_line' id='line_1_14' title="bbox 539 2128 1737 2205; baseline -0.003 -10"><span class='ocrx_word' id='word_1_110' title='bbox 539 2139 571 2195; x_wconf 88' lang='lat' dir='ltr'><strong>et</strong></span> <span class='ocrx_word' id='word_1_111' title='bbox 603 2137 767 2195; x_wconf 88' lang='lat' dir='ltr'><strong>oratorum</strong></span> <span class='ocrx_word' id='word_1_112' title='bbox 798 2128 1077 2205; x_wconf 86' lang='lat' dir='ltr'><strong>circumferuntur,</strong></span> <span class='ocrx_word' id='word_1_113' title='bbox 1109 2129 1164 2193; x_wconf 91' lang='lat' dir='ltr'><strong>sed</strong></span> <span class='ocrx_word' id='word_1_114' title='bbox 1196 2151 1287 2194; x_wconf 84' lang='lat' dir='ltr'><strong>veras</strong></span> <span class='ocrx_word' id='word_1_115' title='bbox 1318 2139 1350 2193; x_wconf 93' lang='lat' dir='ltr'><strong>et</strong></span> <span class='ocrx_word' id='word_1_116' title='bbox 1373 2129 1413 2194; x_wconf 90' lang='lat' dir='ltr'><strong>ad</strong></span> <span class='ocrx_word' id='word_1_117' title='bbox 1435 2129 1614 2194; x_wconf 83' lang='lat' dir='ltr'><strong>familiares</strong></span> <span class='ocrx_word' id='word_1_118' title='bbox 1638 2129 1737 2194; x_wconf 87' lang='lat' dir='ltr'><strong>datas.</strong></span> 
     </span>
     <span class='ocr_line' id='line_1_15' title="bbox 538 2234 1739 2320; baseline 0 -21"><span class='ocrx_word' id='word_1_119' title='bbox 538 2236 625 2313; x_wconf 79' lang='lat' dir='ltr'><strong>Inest</strong></span> <span class='ocrx_word' id='word_1_120' title='bbox 649 2243 827 2320; x_wconf 88' lang='lat' dir='ltr'><strong>praeterea,</strong></span> <span class='ocrx_word' id='word_1_121' title='bbox 854 2241 890 2298; x_wconf 92' lang='lat' dir='ltr'><strong>ut</strong></span> <span class='ocrx_word' id='word_1_122' title='bbox 913 2234 1136 2300; x_wconf 89' lang='lat' dir='ltr'><strong>Buermannus</strong></span> <span class='ocrx_word' id='word_1_123' title='bbox 1156 2238 1277 2319; x_wconf 91' lang='lat' dir='ltr'><strong>optime</strong></span> <span class='ocrx_word' id='word_1_124' title='bbox 1297 2238 1464 2320; x_wconf 82' lang='lat' dir='ltr'><strong>exposuit,</strong></span> <span class='ocrx_word' id='word_1_125' title='bbox 1485 2236 1623 2308; x_wconf 68' lang='grc' dir='ltr'><strong>ἦθοποιΐι</strong></span> <span class='ocrx_word' id='word_1_126' title='bbox 1646 2255 1739 2319; x_wconf 83' lang='lat' dir='ltr'><strong>quae</strong></span> 
     </span>
     <span class='ocr_line' id='line_1_16' title="bbox 540 2340 1738 2427; baseline -0.001 -21"><span class='ocrx_word' id='word_1_127' title='bbox 540 2344 632 2418; x_wconf 89' lang='lat' dir='ltr'><strong>dam,</strong></span> <span class='ocrx_word' id='word_1_128' title='bbox 666 2364 726 2407; x_wconf 93' lang='lat' dir='ltr'><strong>non</strong></span> <span class='ocrx_word' id='word_1_129' title='bbox 758 2344 952 2425; x_wconf 88' lang='lat' dir='ltr'><strong>ascriptore</strong></span> <span class='ocrx_word' id='word_1_130' title='bbox 976 2344 1119 2425; x_wconf 89' lang='lat' dir='ltr'><strong>quaesita</strong></span> <span class='ocrx_word' id='word_1_131' title='bbox 1143 2341 1290 2426; x_wconf 91' lang='lat' dir='ltr'><strong>quidem,</strong></span> <span class='ocrx_word' id='word_1_132' title='bbox 1316 2342 1370 2405; x_wconf 90' lang='lat' dir='ltr'><strong>sed</strong></span> <span class='ocrx_word' id='word_1_133' title='bbox 1395 2362 1432 2405; x_wconf 89' lang='lat' dir='ltr'><strong>eo</strong></span> <span class='ocrx_word' id='word_1_134' title='bbox 1456 2344 1527 2426; x_wconf 84' lang='lat' dir='ltr'><strong>ipso</strong></span> <span class='ocrx_word' id='word_1_135' title='bbox 1553 2340 1606 2406; x_wconf 83' lang='lat' dir='ltr'><strong>vel</strong></span> <span class='ocrx_word' id='word_1_136' title='bbox 1632 2343 1738 2427; x_wconf 86' lang='lat' dir='ltr'><strong>magis</strong></span> 
     </span>
     <span class='ocr_line' id='line_1_17' title="bbox 539 2445 1738 2532; baseline -0.003 -19"><span class='ocrx_word' id='word_1_137' title='bbox 539 2449 658 2514; x_wconf 82' lang='lat' dir='ltr'><strong>efficax.</strong></span> <span class='ocrx_word' id='word_1_138' title='bbox 683 2447 837 2512; x_wconf 86' lang='lat' dir='ltr'><strong>Videmus</strong></span> <span class='ocrx_word' id='word_1_139' title='bbox 860 2468 956 2531; x_wconf 90' lang='lat' dir='ltr'><strong>quam</strong></span> <span class='ocrx_word' id='word_1_140' title='bbox 980 2468 1095 2512; x_wconf 85' lang='lat' dir='ltr'><strong>verum</strong></span> <span class='ocrx_word' id='word_1_141' title='bbox 1115 2449 1157 2510; x_wconf 89' lang='lat' dir='ltr'><strong>sit</strong></span> <span class='ocrx_word' id='word_1_142' title='bbox 1178 2447 1261 2531; x_wconf 93' lang='lat' dir='ltr'><strong>qnod</strong></span> <span class='ocrx_word' id='word_1_143' title='bbox 1280 2449 1427 2511; x_wconf 89' lang='lat' dir='ltr'><strong>inimicos</strong></span> <span class='ocrx_word' id='word_1_144' title='bbox 1448 2446 1486 2512; x_wconf 88' lang='lat' dir='ltr'><strong>de</strong></span> <span class='ocrx_word' id='word_1_145' title='bbox 1506 2468 1539 2511; x_wconf 89' lang='lat' dir='ltr'><strong>se</strong></span> <span class='ocrx_word' id='word_1_146' title='bbox 1559 2450 1593 2510; x_wconf 93' lang='lat' dir='ltr'><strong>in</strong></span> <span class='ocrx_word' id='word_1_147' title='bbox 1614 2445 1738 2532; x_wconf 80' lang='lat' dir='ltr'><strong>vulgus</strong></span> 
     </span>
     <span class='ocr_line' id='line_1_18' title="bbox 539 2551 1737 2641; baseline -0.004 -22"><span class='ocrx_word' id='word_1_148' title='bbox 539 2575 690 2641; x_wconf 86' lang='lat' dir='ltr'><strong>spargere</strong></span> <span class='ocrx_word' id='word_1_149' title='bbox 721 2555 883 2638; x_wconf 85' lang='lat' dir='ltr'><strong>queritur:</strong></span> <span class='ocrx_word' id='word_1_150' title='bbox 915 2554 974 2634; x_wconf 74' lang='grc' dir='ltr'><strong>βίᾳ</strong></span> <span class='ocrx_word' id='word_1_151' title='bbox 1007 2554 1078 2629; x_wconf 82' lang='grc' dir='ltr'>ὑμῖν</span> <span class='ocrx_word' id='word_1_152' title='bbox 1110 2578 1150 2626; x_wconf 76' lang='grc' dir='ltr'><strong>με</strong></span> <span class='ocrx_word' id='word_1_153' title='bbox 1176 2552 1306 2628; x_wconf 75' lang='grc' dir='ltr'><strong>ξυνεῖναι</strong></span> <span class='ocrx_word' id='word_1_154' title='bbox 1340 2553 1389 2616; x_wconf 75' lang='grc' dir='ltr'><strong>καὶ</strong></span> <span class='ocrx_word' id='word_1_155' title='bbox 1423 2554 1647 2629; x_wconf 66' lang='grc' dir='ltr'><strong>διαλέγεσθαι,</strong></span> <span class='ocrx_word' id='word_1_156' title='bbox 1685 2551 1737 2615; x_wconf 78' lang='lat' dir='ltr'><strong>aral</strong></span> 
     </span>
     <span class='ocr_line' id='line_1_19' title="bbox 540 2654 1738 2742; baseline 0 -20"><span class='ocrx_word' id='word_1_157' title='bbox 540 2662 644 2723; x_wconf 72' lang='lat' dir='ltr'><strong>araim</strong></span> <span class='ocrx_word' id='word_1_158' title='bbox 667 2665 820 2725; x_wconf 73' lang='grc' dir='ltr'><em>ποιοῦντες</em></span> <span class='ocrx_word' id='word_1_159' title='bbox 842 2661 895 2723; x_wconf 74' lang='grc' dir='ltr'><strong>οὐκ</strong></span> <span class='ocrx_word' id='word_1_160' title='bbox 914 2657 997 2736; x_wconf 69' lang='grc' dir='ltr'><strong><em>ἔχειν</em></strong></span> <span class='ocrx_word' id='word_1_161' title='bbox 1020 2654 1099 2729; x_wconf 74' lang='grc' dir='ltr'><strong>ὅπως</strong></span> <span class='ocrx_word' id='word_1_162' title='bbox 1122 2659 1338 2733; x_wconf 70' lang='grc' dir='ltr'><strong>ἀπαλλαγῆτέ</strong></span> <span class='ocrx_word' id='word_1_163' title='bbox 1351 2681 1420 2732; x_wconf 82' lang='grc' dir='ltr'><strong><em>μου.</em></strong></span> <span class='ocrx_word' id='word_1_164' title='bbox 1441 2658 1577 2723; x_wconf 80' lang='lat' dir='ltr'><strong>Factum</strong></span> <span class='ocrx_word' id='word_1_165' title='bbox 1590 2665 1641 2723; x_wconf 87' lang='lat' dir='ltr'><strong>est</strong></span> <span class='ocrx_word' id='word_1_166' title='bbox 1654 2656 1738 2742; x_wconf 87' lang='lat' dir='ltr'><strong>quod</strong></span> 
     </span>
     <span class='ocr_line' id='line_1_20' title="bbox 537 2764 1739 2850; baseline -0.003 -19"><span class='ocrx_word' id='word_1_167' title='bbox 537 2788 621 2832; x_wconf 91' lang='lat' dir='ltr'><strong>nunc</strong></span> <span class='ocrx_word' id='word_1_168' title='bbox 652 2786 778 2850; x_wconf 89' lang='lat' dir='ltr'><strong>quoque</strong></span> <span class='ocrx_word' id='word_1_169' title='bbox 809 2764 981 2829; x_wconf 86' lang='lat' dir='ltr'><strong>identidem</strong></span> <span class='ocrx_word' id='word_1_170' title='bbox 1016 2764 1084 2829; x_wconf 88' lang='lat' dir='ltr'><strong>fieri</strong></span> <span class='ocrx_word' id='word_1_171' title='bbox 1116 2764 1264 2829; x_wconf 86' lang='lat' dir='ltr'><strong>videmus</strong></span> <span class='ocrx_word' id='word_1_172' title='bbox 1289 2801 1331 2811; x_wconf 91' lang='lat'>—</span> <span class='ocrx_word' id='word_1_173' title='bbox 1355 2764 1432 2829; x_wconf 90' lang='lat' dir='ltr'><strong>adeo</strong></span> <span class='ocrx_word' id='word_1_174' title='bbox 1455 2772 1571 2829; x_wconf 90' lang='lat' dir='ltr'><strong>natura</strong></span> <span class='ocrx_word' id='word_1_175' title='bbox 1594 2764 1739 2829; x_wconf 85' lang='lat' dir='ltr'><strong>humana</strong></span> 
     </span>
     <span class='ocr_line' id='line_1_21' title="bbox 537 2868 1738 2957; baseline -0.004 -19"><span class='ocrx_word' id='word_1_176' title='bbox 537 2875 656 2957; x_wconf 91' lang='lat' dir='ltr'><strong>ubique</strong></span> <span class='ocrx_word' id='word_1_177' title='bbox 676 2878 785 2935; x_wconf 89' lang='lat' dir='ltr'><strong>manet</strong></span> <span class='ocrx_word' id='word_1_178' title='bbox 804 2871 911 2935; x_wconf 90' lang='lat' dir='ltr'><strong>eadem</strong></span> <span class='ocrx_word' id='word_1_179' title='bbox 932 2891 985 2935; x_wconf 92' lang='lat'><strong>—:</strong></span> <span class='ocrx_word' id='word_1_180' title='bbox 1005 2874 1182 2935; x_wconf 85' lang='lat' dir='ltr'><strong>insinuarit</strong></span> <span class='ocrx_word' id='word_1_181' title='bbox 1202 2892 1234 2935; x_wconf 86' lang='lat' dir='ltr'><strong>se</strong></span> <span class='ocrx_word' id='word_1_182' title='bbox 1253 2871 1348 2935; x_wconf 94' lang='lat' dir='ltr'><strong>homo</strong></span> <span class='ocrx_word' id='word_1_183' title='bbox 1368 2874 1401 2934; x_wconf 88' lang='lat' dir='ltr'><strong>in</strong></span> <span class='ocrx_word' id='word_1_184' title='bbox 1414 2869 1620 2935; x_wconf 89' lang='lat' dir='ltr'><strong>sodalitatem</strong></span> <span class='ocrx_word' id='word_1_185' title='bbox 1635 2868 1738 2934; x_wconf 90' lang='lat' dir='ltr'><strong>bomi-</strong></span> 
     </span>
     <span class='ocr_line' id='line_1_22' title="bbox 537 2976 1738 3062; baseline -0.003 -18"><span class='ocrx_word' id='word_1_186' title='bbox 537 3002 616 3044; x_wconf 88' lang='lat' dir='ltr'><strong>num</strong></span> <span class='ocrx_word' id='word_1_187' title='bbox 635 2978 729 3043; x_wconf 90' lang='lat' dir='ltr'><strong>aliter</strong></span> <span class='ocrx_word' id='word_1_188' title='bbox 748 2985 963 3055; x_wconf 87' lang='lat' dir='ltr'><strong>moratorum,</strong></span> <span class='ocrx_word' id='word_1_189' title='bbox 987 2980 1138 3062; x_wconf 90' lang='lat' dir='ltr'><strong>quicum</strong></span> <span class='ocrx_word' id='word_1_190' title='bbox 1163 2999 1238 3042; x_wconf 91' lang='lat' dir='ltr'><strong>oum</strong></span> <span class='ocrx_word' id='word_1_191' title='bbox 1263 2978 1344 3041; x_wconf 85' lang='lat' dir='ltr'><strong>ferre</strong></span> <span class='ocrx_word' id='word_1_192' title='bbox 1368 2998 1430 3042; x_wconf 92' lang='lat' dir='ltr'><strong>non</strong></span> <span class='ocrx_word' id='word_1_193' title='bbox 1455 2997 1549 3061; x_wconf 89' lang='lat' dir='ltr'><strong>posse</strong></span> <span class='ocrx_word' id='word_1_194' title='bbox 1569 2976 1738 3062; x_wconf 78' lang='lat' dir='ltr'><strong>intellege</strong></span> 
     </span>
     <span class='ocr_line' id='line_1_23' title="bbox 538 3081 1737 3168; baseline -0.004 -18"><span class='ocrx_word' id='word_1_195' title='bbox 538 3096 608 3151; x_wconf 89' lang='lat' dir='ltr'><strong>rent</strong></span> <span class='ocrx_word' id='word_1_196' title='bbox 627 3085 682 3148; x_wconf 93' lang='lat' dir='ltr'><strong>diu</strong></span> <span class='ocrx_word' id='word_1_197' title='bbox 703 3083 822 3147; x_wconf 87' lang='lat' dir='ltr'><strong>frustra</strong></span> <span class='ocrx_word' id='word_1_198' title='bbox 842 3105 969 3147; x_wconf 90' lang='lat' dir='ltr'><strong>ornnem</strong></span> <span class='ocrx_word' id='word_1_199' title='bbox 989 3081 1129 3168; x_wconf 88' lang='lat' dir='ltr'><strong>lapidem</strong></span> <span class='ocrx_word' id='word_1_200' title='bbox 1151 3093 1323 3148; x_wconf 89' lang='lat' dir='ltr'><strong>moverunt</strong></span> <span class='ocrx_word' id='word_1_201' title='bbox 1341 3089 1377 3146; x_wconf 94' lang='lat' dir='ltr'><strong>ut</strong></span> <span class='ocrx_word' id='word_1_202' title='bbox 1390 3081 1737 3148; x_wconf 82' lang='lat' dir='ltr'><strong>contumeliisrictum</strong></span> 
     </span>
     <span class='ocr_line' id='line_1_24' title="bbox 538 3188 1739 3275; baseline -0.002 -19"><span class='ocrx_word' id='word_1_203' title='bbox 538 3213 555 3256; x_wconf 88' lang='lat' dir='ltr'><strong>a</strong></span> <span class='ocrx_word' id='word_1_204' title='bbox 585 3212 619 3256; x_wconf 89' lang='lat' dir='ltr'><strong>sc</strong></span> <span class='ocrx_word' id='word_1_205' title='bbox 650 3191 832 3275; x_wconf 78' lang='lat' dir='ltr'><strong>abigerent,</strong></span> <span class='ocrx_word' id='word_1_206' title='bbox 865 3188 963 3253; x_wconf 89' lang='lat' dir='ltr'><strong>donec</strong></span> <span class='ocrx_word' id='word_1_207' title='bbox 994 3188 1123 3252; x_wconf 89' lang='lat' dir='ltr'><strong>tandem</strong></span> <span class='ocrx_word' id='word_1_208' title='bbox 1155 3191 1223 3273; x_wconf 91' lang='lat' dir='ltr'><strong>ipse</strong></span> <span class='ocrx_word' id='word_1_209' title='bbox 1250 3209 1466 3273; x_wconf 89' lang='lat' dir='ltr'><strong>magnacum</strong></span> <span class='ocrx_word' id='word_1_210' title='bbox 1491 3191 1658 3275; x_wconf 87' lang='lat' dir='ltr'><strong>gravitate</strong></span> <span class='ocrx_word' id='word_1_211' title='bbox 1682 3210 1739 3273; x_wconf 90' lang='lat' dir='ltr'><strong>per</strong></span> 
     </span>
     <span class='ocr_line' id='line_1_25' title="bbox 537 3293 1138 3380; baseline -0.007 -19"><span class='ocrx_word' id='word_1_212' title='bbox 537 3297 618 3361; x_wconf 90' lang='lat' dir='ltr'><strong>hanc</strong></span> <span class='ocrx_word' id='word_1_213' title='bbox 642 3298 849 3380; x_wconf 88' lang='lat' dir='ltr'><strong>scriptionem</strong></span> <span class='ocrx_word' id='word_1_214' title='bbox 873 3297 912 3357; x_wconf 91' lang='lat' dir='ltr'><strong>iis</strong></span> <span class='ocrx_word' id='word_1_215' title='bbox 937 3293 1138 3359; x_wconf 87' lang='lat' dir='ltr'><strong>valediceret.</strong></span> 
     </span>
    </p>

    <p class='ocr_par' dir='ltr' id='par_1_3' title="bbox 538 3400 1738 3695">
     <span class='ocr_line' id='line_1_26' title="bbox 582 3400 1737 3485; baseline 0 -21"><span class='ocrx_word' id='word_1_216' title='bbox 582 3402 713 3466; x_wconf 87' lang='lat' dir='ltr'><strong>Praeter</strong></span> <span class='ocrx_word' id='word_1_217' title='bbox 748 3400 833 3465; x_wconf 89' lang='lat' dir='ltr'><strong>locos</strong></span> <span class='ocrx_word' id='word_1_218' title='bbox 868 3401 932 3463; x_wconf 90' lang='lat' dir='ltr'><strong>iam</strong></span> <span class='ocrx_word' id='word_1_219' title='bbox 964 3405 1115 3463; x_wconf 90' lang='lat' dir='ltr'><strong>tractatos</strong></span> <span class='ocrx_word' id='word_1_220' title='bbox 1147 3420 1263 3482; x_wconf 88' lang='lat' dir='ltr'><strong>pancos</strong></span> <span class='ocrx_word' id='word_1_221' title='bbox 1294 3421 1378 3464; x_wconf 92' lang='lat' dir='ltr'><strong>nunc</strong></span> <span class='ocrx_word' id='word_1_222' title='bbox 1410 3403 1591 3485; x_wconf 89' lang='lat' dir='ltr'><strong>attingam,</strong></span> <span class='ocrx_word' id='word_1_223' title='bbox 1625 3400 1737 3466; x_wconf 91' lang='lat' dir='ltr'><strong>eadem</strong></span> 
     </span>
     <span class='ocr_line' id='line_1_27' title="bbox 538 3502 1737 3591; baseline 0.002 -24"><span class='ocrx_word' id='word_1_224' title='bbox 538 3505 699 3591; x_wconf 88' lang='lat' dir='ltr'><strong>praefatus</strong></span> <span class='ocrx_word' id='word_1_225' title='bbox 725 3511 820 3588; x_wconf 88' lang='lat' dir='ltr'><strong>atque</strong></span> <span class='ocrx_word' id='word_1_226' title='bbox 846 3503 964 3569; x_wconf 88' lang='lat' dir='ltr'><strong>Bahius</strong></span> <span class='ocrx_word' id='word_1_227' title='bbox 984 3502 1081 3568; x_wconf 90' lang='lat' dir='ltr'><strong>olim:</strong></span> <span class='ocrx_word' id='word_1_228' title='bbox 1105 3509 1256 3579; x_wconf 89' lang='lat' dir='ltr'><strong>„tantum</strong></span> <span class='ocrx_word' id='word_1_229' title='bbox 1276 3512 1361 3569; x_wconf 90' lang='lat' dir='ltr'><strong>certe</strong></span> <span class='ocrx_word' id='word_1_230' title='bbox 1381 3504 1535 3580; x_wconf 84' lang='lat' dir='ltr'><strong>fecimus,</strong></span> <span class='ocrx_word' id='word_1_231' title='bbox 1557 3504 1643 3589; x_wconf 90' lang='lat' dir='ltr'><strong>qnod</strong></span> <span class='ocrx_word' id='word_1_232' title='bbox 1663 3504 1737 3583; x_wconf 94' lang='lat' dir='ltr'><strong>alii,</strong></span> 
     </span>
     <span class='ocr_line' id='line_1_28' title="bbox 538 3608 1738 3695; baseline -0.001 -19"><span class='ocrx_word' id='word_1_233' title='bbox 538 3623 575 3676; x_wconf 89' lang='lat' dir='ltr'><strong>ut</strong></span> <span class='ocrx_word' id='word_1_234' title='bbox 607 3618 708 3675; x_wconf 88' lang='lat' dir='ltr'><strong>marte</strong></span> <span class='ocrx_word' id='word_1_235' title='bbox 740 3617 845 3674; x_wconf 87' lang='lat' dir='ltr'><strong>nostro</strong></span> <span class='ocrx_word' id='word_1_236' title='bbox 876 3608 1059 3674; x_wconf 91' lang='lat' dir='ltr'><strong>luderemus</strong></span> <span class='ocrx_word' id='word_1_237' title='bbox 1082 3611 1115 3672; x_wconf 89' lang='lat' dir='ltr'><strong>in</strong></span> <span class='ocrx_word' id='word_1_238' title='bbox 1138 3611 1244 3674; x_wconf 85' lang='lat' dir='ltr'><strong>verbis</strong></span> <span class='ocrx_word' id='word_1_239' title='bbox 1268 3609 1500 3695; x_wconf 91' lang='lat' dir='ltr'><strong>propemodum</strong></span> <span class='ocrx_word' id='word_1_240' title='bbox 1524 3611 1738 3695; x_wconf 87' lang='lat' dir='ltr'><strong>desperatis.’&#39;</strong></span> 
     </span>
    </p>
   </div>
   <div class='ocr_carea' id='block_1_3' title="bbox 538 3713 1736 3905">
    <p class='ocr_par' dir='ltr' id='par_1_4' title="bbox 538 3713 1736 3905">
     <span class='ocr_line' id='line_1_29' title="bbox 538 3713 1061 3800; baseline 0 -21"><span class='ocrx_word' id='word_1_241' title='bbox 538 3717 661 3796; x_wconf 81' lang='lat' dir='ltr'><strong>(Sedoll.</strong></span> <span class='ocrx_word' id='word_1_242' title='bbox 686 3717 834 3799; x_wconf 70' lang='lat' dir='ltr'><strong>Hypomn.</strong></span> <span class='ocrx_word' id='word_1_243' title='bbox 858 3714 889 3778; x_wconf 91' lang='grc' dir='ltr'><strong>ΙΙ</strong></span> <span class='ocrx_word' id='word_1_244' title='bbox 913 3737 943 3800; x_wconf 90' lang='lat' dir='ltr'><strong>p.</strong></span> <span class='ocrx_word' id='word_1_245' title='bbox 970 3713 1061 3794; x_wconf 78' lang='lat'><strong>237.)</strong></span> 
     </span>
     <span class='ocr_line' id='line_1_30' title="bbox 585 3821 1736 3905; baseline 0.001 -20"><span class='ocrx_word' id='word_1_246' title='bbox 585 3821 637 3887; x_wconf 89' lang='lat' dir='ltr'><strong>Or.</strong></span> <span class='ocrx_word' id='word_1_247' title='bbox 663 3821 738 3885; x_wconf 88' lang='lat' dir='ltr'>VIII</span> <span class='ocrx_word' id='word_1_248' title='bbox 760 3821 829 3905; x_wconf 77' lang='lat' dir='ltr'><strong>§lz</strong></span> <span class='ocrx_word' id='word_1_249' title='bbox 863 3823 961 3883; x_wconf 75' lang='grc' dir='ltr'><strong><em>καίτοι</em></strong></span> <span class='ocrx_word' id='word_1_250' title='bbox 994 3822 1099 3899; x_wconf 77' lang='grc' dir='ltr'><strong>πολλῷ</strong></span> <span class='ocrx_word' id='word_1_251' title='bbox 1131 3822 1245 3883; x_wconf 74' lang='grc' dir='ltr'><strong><em>πλείων</em></strong></span> <span class='ocrx_word' id='word_1_252' title='bbox 1276 3822 1340 3884; x_wconf 71' lang='grc' dir='ltr'><strong>ἐστὶ</strong></span> <span class='ocrx_word' id='word_1_253' title='bbox 1373 3821 1488 3895; x_wconf 69' lang='lat' dir='ltr'><strong>crocet</strong></span> <span class='ocrx_word' id='word_1_254' title='bbox 1521 3823 1618 3900; x_wconf 78' lang='grc' dir='ltr'><strong>πρὸς</strong></span> <span class='ocrx_word' id='word_1_255' title='bbox 1643 3822 1736 3894; x_wconf 77' lang='grc' dir='ltr'><strong>τοὺς</strong></span> 
     </span>
    </p>
   </div>
   <div class='ocr_carea' id='block_1_4' title="bbox 549 4018 743 4027">
    <p class='ocr_par' dir='ltr' id='par_1_5' title="bbox 549 4018 743 4027">
     <span class='ocr_line' id='line_1_31' title="bbox 549 4018 743 4027; baseline -0.015 0"><span class='ocrx_word' id='word_1_256' title='bbox 549 4018 743 4027; x_wconf 78' lang='lat'><strong>———</strong></span> 
     </span>
    </p>
   </div>
   <div class='ocr_carea' id='block_1_5' title="bbox 527 4135 1741 4859">
    <p class='ocr_par' dir='ltr' id='par_1_6' title="bbox 527 4135 1741 4859">
     <span class='ocr_line' id='line_1_32' title="bbox 574 4135 1740 4205; baseline 0.002 -15"><span class='ocrx_word' id='word_1_257' title='bbox 574 4143 598 4203; x_wconf 93' lang='lat' dir='ltr'><strong>l)</strong></span> <span class='ocrx_word' id='word_1_258' title='bbox 624 4141 705 4190; x_wconf 82' lang='lat' dir='ltr'><strong>Animi</strong></span> <span class='ocrx_word' id='word_1_259' title='bbox 721 4154 791 4188; x_wconf 83' lang='lat' dir='ltr'><strong>cause</strong></span> <span class='ocrx_word' id='word_1_260' title='bbox 814 4136 957 4186; x_wconf 81' lang='lat' dir='ltr'><strong>transscribo</strong></span> <span class='ocrx_word' id='word_1_261' title='bbox 979 4135 1058 4185; x_wconf 85' lang='lat' dir='ltr'><strong>Jebbii</strong></span> <span class='ocrx_word' id='word_1_262' title='bbox 1081 4136 1210 4193; x_wconf 88' lang='lat' dir='ltr'><strong>iudicium,</strong></span> <span class='ocrx_word' id='word_1_263' title='bbox 1231 4139 1293 4201; x_wconf 87' lang='lat' dir='ltr'><strong>qnod</strong></span> <span class='ocrx_word' id='word_1_264' title='bbox 1316 4147 1380 4186; x_wconf 79' lang='lat' dir='ltr'><strong>certe</strong></span> <span class='ocrx_word' id='word_1_265' title='bbox 1397 4154 1444 4187; x_wconf 87' lang='lat' dir='ltr'><strong>non</strong></span> <span class='ocrx_word' id='word_1_266' title='bbox 1463 4140 1487 4189; x_wconf 91' lang='lat' dir='ltr'><strong>in</strong></span> <span class='ocrx_word' id='word_1_267' title='bbox 1506 4140 1624 4189; x_wconf 80' lang='lat' dir='ltr'><strong>leniorem</strong></span> <span class='ocrx_word' id='word_1_268' title='bbox 1643 4146 1740 4205; x_wconf 76' lang='lat' dir='ltr'><strong>partem</strong></span> 
     </span>
     <span class='ocr_line' id='line_1_33' title="bbox 536 4218 1741 4289; baseline 0 -16"><span class='ocrx_word' id='word_1_269' title='bbox 536 4229 625 4289; x_wconf 76' lang='lat' dir='ltr'><strong>peccat.</strong></span> <span class='ocrx_word' id='word_1_270' title='bbox 652 4223 689 4271; x_wconf 83' lang='lat' dir='ltr'><strong>.1t</strong></span> <span class='ocrx_word' id='word_1_271' title='bbox 709 4223 729 4271; x_wconf 81' lang='lat' dir='ltr'><strong>ia</strong></span> <span class='ocrx_word' id='word_1_272' title='bbox 746 4219 849 4283; x_wconf 83' lang='lat' dir='ltr'><strong>scarcely</strong></span> <span class='ocrx_word' id='word_1_273' title='bbox 864 4219 941 4267; x_wconf 75' lang='lat' dir='ltr'><strong>worth</strong></span> <span class='ocrx_word' id='word_1_274' title='bbox 960 4218 1029 4266; x_wconf 75' lang='lat' dir='ltr'><strong>ubila</strong></span> <span class='ocrx_word' id='word_1_275' title='bbox 1048 4222 1073 4266; x_wconf 85' lang='lat' dir='ltr'><strong>to</strong></span> <span class='ocrx_word' id='word_1_276' title='bbox 1092 4219 1187 4281; x_wconf 85' lang='lat' dir='ltr'><strong>inquire</strong></span> <span class='ocrx_word' id='word_1_277' title='bbox 1204 4219 1256 4267; x_wconf 75' lang='lat' dir='ltr'><strong>how</strong></span> <span class='ocrx_word' id='word_1_278' title='bbox 1275 4220 1324 4268; x_wconf 74' lang='lat' dir='ltr'><strong>this</strong></span> <span class='ocrx_word' id='word_1_279' title='bbox 1341 4221 1460 4285; x_wconf 68' lang='lat' dir='ltr'><strong>curioselp</strong></span> <span class='ocrx_word' id='word_1_280' title='bbox 1478 4222 1568 4271; x_wconf 78' lang='lat' dir='ltr'><strong>abmd</strong></span> <span class='ocrx_word' id='word_1_281' title='bbox 1582 4224 1741 4287; x_wconf 63' lang='lat' dir='ltr'><strong>compositiq-</strong></span> 
     </span>
     <span class='ocr_line' id='line_1_34' title="bbox 536 4299 1741 4367; baseline -0.001 -12"><span class='ocrx_word' id='word_1_282' title='bbox 536 4309 588 4355; x_wconf 86' lang='lat' dir='ltr'><strong>flrat</strong></span> <span class='ocrx_word' id='word_1_283' title='bbox 606 4321 671 4354; x_wconf 89' lang='lat' dir='ltr'><strong>camc</strong></span> <span class='ocrx_word' id='word_1_284' title='bbox 688 4319 776 4367; x_wconf 84' lang='lat' dir='ltr'><strong>among</strong></span> <span class='ocrx_word' id='word_1_285' title='bbox 793 4302 835 4350; x_wconf 86' lang='lat' dir='ltr'><strong>tbe</strong></span> <span class='ocrx_word' id='word_1_286' title='bbox 850 4301 927 4348; x_wconf 74' lang='lat' dir='ltr'><strong>werla</strong></span> <span class='ocrx_word' id='word_1_287' title='bbox 944 4300 970 4347; x_wconf 84' lang='lat' dir='ltr'><strong>oi</strong></span> <span class='ocrx_word' id='word_1_288' title='bbox 985 4299 1074 4362; x_wconf 81' lang='lat' dir='ltr'><strong>Lysiae.</strong></span> <span class='ocrx_word' id='word_1_289' title='bbox 1093 4303 1126 4347; x_wconf 82' lang='lat' dir='ltr'><strong>Aa</strong></span> <span class='ocrx_word' id='word_1_290' title='bbox 1143 4301 1163 4347; x_wconf 81' lang='lat' dir='ltr'><strong>it</strong></span> <span class='ocrx_word' id='word_1_291' title='bbox 1182 4300 1202 4348; x_wconf 86' lang='lat' dir='ltr'><strong>is</strong></span> <span class='ocrx_word' id='word_1_292' title='bbox 1220 4306 1257 4349; x_wconf 81' lang='lat' dir='ltr'><strong>too</strong></span> <span class='ocrx_word' id='word_1_293' title='bbox 1275 4303 1405 4365; x_wconf 73' lang='lat' dir='ltr'><strong>anisomly</strong></span> <span class='ocrx_word' id='word_1_294' title='bbox 1423 4304 1510 4365; x_wconf 77' lang='lat' dir='ltr'><strong>drcary</strong></span> <span class='ocrx_word' id='word_1_295' title='bbox 1528 4314 1553 4352; x_wconf 86' lang='lat' dir='ltr'><strong>to</strong></span> <span class='ocrx_word' id='word_1_296' title='bbox 1571 4302 1600 4352; x_wconf 81' lang='lat' dir='ltr'><strong>be</strong></span> <span class='ocrx_word' id='word_1_297' title='bbox 1615 4305 1741 4355; x_wconf 72' lang='lat' dir='ltr'><strong>mistaten</strong></span> 
     </span>
     <span class='ocr_line' id='line_1_35' title="bbox 535 4381 1741 4450; baseline 0.002 -15"><span class='ocrx_word' id='word_1_298' title='bbox 535 4388 574 4436; x_wconf 81' lang='lat' dir='ltr'><strong>sor</strong></span> <span class='ocrx_word' id='word_1_299' title='bbox 592 4404 604 4434; x_wconf 88' lang='lat' dir='ltr'><strong>a</strong></span> <span class='ocrx_word' id='word_1_300' title='bbox 620 4386 691 4448; x_wconf 81' lang='lat' dir='ltr'><strong>johe,</strong></span> <span class='ocrx_word' id='word_1_301' title='bbox 708 4390 749 4433; x_wconf 83' lang='lat' dir='ltr'><strong>not</strong></span> <span class='ocrx_word' id='word_1_302' title='bbox 767 4400 821 4433; x_wconf 79' lang='lat' dir='ltr'><strong>evea</strong></span> <span class='ocrx_word' id='word_1_303' title='bbox 839 4400 854 4431; x_wconf 88' lang='lat' dir='ltr'><strong>a</strong></span> <span class='ocrx_word' id='word_1_304' title='bbox 868 4381 1052 4445; x_wconf 67' lang='lat' dir='ltr'><strong>grammarian&#39;r</strong></span> <span class='ocrx_word' id='word_1_305' title='bbox 1069 4383 1203 4443; x_wconf 80' lang='lat' dir='ltr'><strong>conception</strong></span> <span class='ocrx_word' id='word_1_306' title='bbox 1221 4385 1253 4443; x_wconf 81' lang='lat' dir='ltr'><strong>of</strong></span> <span class='ocrx_word' id='word_1_307' title='bbox 1264 4384 1302 4431; x_wconf 79' lang='lat' dir='ltr'><strong>hia</strong></span> <span class='ocrx_word' id='word_1_308' title='bbox 1318 4386 1418 4447; x_wconf 77' lang='lat' dir='ltr'><strong>rportire</strong></span> <span class='ocrx_word' id='word_1_309' title='bbox 1435 4388 1497 4448; x_wconf 74' lang='lat' dir='ltr'><strong>style</strong></span> <span class='ocrx_word' id='word_1_310' title='bbox 1514 4402 1561 4434; x_wconf 74' lang='lat' dir='ltr'><strong>cun</strong></span> <span class='ocrx_word' id='word_1_311' title='bbox 1578 4389 1678 4450; x_wconf 70' lang='lat' dir='ltr'><strong>explain</strong></span> <span class='ocrx_word' id='word_1_312' title='bbox 1696 4390 1741 4438; x_wconf 67' lang='lat' dir='ltr'><strong>the</strong></span> 
     </span>
     <span class='ocr_line' id='line_1_36' title="bbox 535 4463 1740 4532; baseline 0.002 -15"><span class='ocrx_word' id='word_1_313' title='bbox 535 4469 685 4531; x_wconf 71' lang='lat' dir='ltr'><strong>imperativa.</strong></span> <span class='ocrx_word' id='word_1_314' title='bbox 703 4468 753 4515; x_wconf 78' lang='lat' dir='ltr'><strong>&#39;l&#39;he</strong></span> <span class='ocrx_word' id='word_1_315' title='bbox 771 4481 855 4530; x_wconf 74' lang='lat' dir='ltr'><strong>[resson</strong></span> <span class='ocrx_word' id='word_1_316' title='bbox 874 4464 927 4511; x_wconf 74' lang='lat' dir='ltr'><strong>who</strong></span> <span class='ocrx_word' id='word_1_317' title='bbox 943 4463 1011 4511; x_wconf 89' lang='lat' dir='ltr'><strong>could</strong></span> <span class='ocrx_word' id='word_1_318' title='bbox 1029 4464 1085 4511; x_wconf 83' lang='lat' dir='ltr'><strong>thus</strong></span> <span class='ocrx_word' id='word_1_319' title='bbox 1103 4464 1158 4511; x_wconf 84' lang='lat' dir='ltr'><strong>take</strong></span> <span class='ocrx_word' id='word_1_320' title='bbox 1176 4464 1242 4513; x_wconf 83' lang='lat' dir='ltr'><strong>leave</strong></span> <span class='ocrx_word' id='word_1_321' title='bbox 1258 4466 1284 4513; x_wconf 82' lang='lat' dir='ltr'><strong>of</strong></span> <span class='ocrx_word' id='word_1_322' title='bbox 1300 4466 1336 4514; x_wconf 86' lang='lat' dir='ltr'><strong>his</strong></span> <span class='ocrx_word' id='word_1_323' title='bbox 1355 4467 1445 4515; x_wconf 80' lang='lat' dir='ltr'><strong>irlanda</strong></span> <span class='ocrx_word' id='word_1_324' title='bbox 1463 4468 1484 4515; x_wconf 84' lang='lat' dir='ltr'><strong>is</strong></span> <span class='ocrx_word' id='word_1_325' title='bbox 1500 4468 1620 4532; x_wconf 78' lang='lat' dir='ltr'><strong>certainly</strong></span> <span class='ocrx_word' id='word_1_326' title='bbox 1635 4469 1699 4518; x_wconf 78' lang='lat' dir='ltr'><strong>hard</strong></span> <span class='ocrx_word' id='word_1_327' title='bbox 1714 4475 1740 4520; x_wconf 88' lang='lat' dir='ltr'><strong>to</strong></span> 
     </span>
     <span class='ocr_line' id='line_1_37' title="bbox 535 4544 1740 4613; baseline 0.002 -15"><span class='ocrx_word' id='word_1_328' title='bbox 535 4550 652 4613; x_wconf 85' lang='lat' dir='ltr'><strong>imagine;</strong></span> <span class='ocrx_word' id='word_1_329' title='bbox 668 4548 710 4597; x_wconf 82' lang='lat' dir='ltr'><strong>bnt</strong></span> <span class='ocrx_word' id='word_1_330' title='bbox 727 4550 746 4597; x_wconf 88' lang='lat' dir='ltr'><strong>it</strong></span> <span class='ocrx_word' id='word_1_331' title='bbox 764 4549 783 4596; x_wconf 86' lang='lat' dir='ltr'><strong>is</strong></span> <span class='ocrx_word' id='word_1_332' title='bbox 801 4547 903 4611; x_wconf 80' lang='lat' dir='ltr'><strong>perhaps</strong></span> <span class='ocrx_word' id='word_1_333' title='bbox 920 4544 1014 4608; x_wconf 79' lang='lat' dir='ltr'><strong>equally</strong></span> <span class='ocrx_word' id='word_1_334' title='bbox 1033 4545 1134 4593; x_wconf 85' lang='lat' dir='ltr'><strong>difficolt</strong></span> <span class='ocrx_word' id='word_1_335' title='bbox 1145 4573 1212 4582; x_wconf 90' lang='lat'><strong>--</strong></span> <span class='ocrx_word' id='word_1_336' title='bbox 1225 4551 1249 4593; x_wconf 92' lang='lat' dir='ltr'><strong>to</strong></span> <span class='ocrx_word' id='word_1_337' title='bbox 1265 4548 1333 4610; x_wconf 82' lang='lat' dir='ltr'><strong>fancy</strong></span> <span class='ocrx_word' id='word_1_338' title='bbox 1351 4564 1397 4611; x_wconf 80' lang='lat' dir='ltr'><strong>any</strong></span> <span class='ocrx_word' id='word_1_339' title='bbox 1415 4564 1460 4597; x_wconf 84' lang='lat' dir='ltr'><strong>one</strong></span> <span class='ocrx_word' id='word_1_340' title='bbox 1477 4550 1563 4613; x_wconf 68' lang='lat' dir='ltr'><strong>taking</strong></span> <span class='ocrx_word' id='word_1_341' title='bbox 1580 4551 1639 4600; x_wconf 71' lang='lat' dir='ltr'><strong>rech</strong></span> <span class='ocrx_word' id='word_1_342' title='bbox 1654 4568 1671 4600; x_wconf 79' lang='lat' dir='ltr'><em>a</em></span> <span class='ocrx_word' id='word_1_343' title='bbox 1685 4553 1740 4601; x_wconf 69' lang='lat' dir='ltr'><strong>aab·</strong></span> 
     </span>
     <span class='ocr_line' id='line_1_38' title="bbox 527 4624 1741 4694; baseline 0.002 -14"><span class='ocrx_word' id='word_1_344' title='bbox 527 4631 581 4694; x_wconf 73' lang='lat' dir='ltr'><strong>jcct</strong></span> <span class='ocrx_word' id='word_1_345' title='bbox 603 4633 643 4691; x_wconf 79' lang='lat' dir='ltr'><strong>sor</strong></span> <span class='ocrx_word' id='word_1_346' title='bbox 659 4649 691 4678; x_wconf 78' lang='lat' dir='ltr'><strong>an</strong></span> <span class='ocrx_word' id='word_1_347' title='bbox 708 4626 825 4678; x_wconf 76' lang='lat' dir='ltr'><strong>exerciee&#39;&#39;</strong></span> <span class='ocrx_word' id='word_1_348' title='bbox 842 4627 884 4689; x_wconf 78' lang='lat' dir='ltr'><strong>(a.</strong></span> <span class='ocrx_word' id='word_1_349' title='bbox 904 4626 931 4674; x_wconf 88' lang='lat' dir='ltr'><strong>C.</strong></span> <span class='ocrx_word' id='word_1_350' title='bbox 951 4624 1019 4683; x_wconf 86' lang='lat' dir='ltr'><strong>Jcbb,</strong></span> <span class='ocrx_word' id='word_1_351' title='bbox 1033 4625 1076 4675; x_wconf 76' lang='lat' dir='ltr'><strong>the</strong></span> <span class='ocrx_word' id='word_1_352' title='bbox 1091 4626 1162 4674; x_wconf 71' lang='lat' dir='ltr'><strong>Atrio</strong></span> <span class='ocrx_word' id='word_1_353' title='bbox 1182 4628 1284 4675; x_wconf 76' lang='lat' dir='ltr'><strong>Oratore</strong></span> <span class='ocrx_word' id='word_1_354' title='bbox 1302 4628 1314 4676; x_wconf 94' lang='lat' dir='ltr'>I</span> <span class='ocrx_word' id='word_1_355' title='bbox 1333 4645 1356 4692; x_wconf 85' lang='lat' dir='ltr'><strong>p.</strong></span> <span class='ocrx_word' id='word_1_356' title='bbox 1374 4630 1440 4690; x_wconf 85' lang='lat'>801.)</span> <span class='ocrx_word' id='word_1_357' title='bbox 1459 4630 1537 4678; x_wconf 82' lang='lat' dir='ltr'><strong>Paene</strong></span> <span class='ocrx_word' id='word_1_358' title='bbox 1554 4632 1639 4681; x_wconf 80' lang='lat' dir='ltr'><strong>credas</strong></span> <span class='ocrx_word' id='word_1_359' title='bbox 1656 4633 1741 4684; x_wconf 78' lang='lat' dir='ltr'><strong>vitum</strong></span> 
     </span>
     <span class='ocr_line' id='line_1_39' title="bbox 532 4706 1739 4776; baseline 0.004 -15"><span class='ocrx_word' id='word_1_360' title='bbox 532 4713 691 4761; x_wconf 81' lang='lat' dir='ltr'><strong>clarissimum</strong></span> <span class='ocrx_word' id='word_1_361' title='bbox 718 4710 756 4758; x_wconf 89' lang='lat' dir='ltr'><strong>hic</strong></span> <span class='ocrx_word' id='word_1_362' title='bbox 782 4726 796 4757; x_wconf 86' lang='grc' dir='ltr'>ι</span> <span class='ocrx_word' id='word_1_363' title='bbox 821 4712 915 4756; x_wconf 82' lang='lat' dir='ltr'><strong>nostrae</strong></span> <span class='ocrx_word' id='word_1_364' title='bbox 937 4706 1052 4756; x_wconf 86' lang='lat' dir='ltr'><strong>orationls</strong></span> <span class='ocrx_word' id='word_1_365' title='bbox 1075 4708 1191 4772; x_wconf 87' lang='lat' dir='ltr'><strong>scriptore</strong></span> <span class='ocrx_word' id='word_1_366' title='bbox 1214 4714 1313 4773; x_wconf 80' lang='lat' dir='ltr'><strong>argutae</strong></span> <span class='ocrx_word' id='word_1_367' title='bbox 1337 4715 1409 4776; x_wconf 85' lang='lat' dir='ltr'><strong>atque</strong></span> <span class='ocrx_word' id='word_1_368' title='bbox 1433 4712 1556 4762; x_wconf 75' lang='lat' dir='ltr'><strong>affectatae</strong></span> <span class='ocrx_word' id='word_1_369' title='bbox 1580 4712 1739 4767; x_wconf 68' lang='lat' dir='ltr'><strong>obscuritath</strong></span> 
     </span>
     <span class='ocr_line' id='line_1_40' title="bbox 533 4792 793 4859; baseline -0.015 -16"><span class='ocrx_word' id='word_1_370' title='bbox 533 4796 628 4859; x_wconf 81' lang='lat' dir='ltr'><strong>petiisse</strong></span> <span class='ocrx_word' id='word_1_371' title='bbox 647 4792 793 4857; x_wconf 81' lang='lat' dir='ltr'><strong>exemplum.</strong></span> 
     </span>
    </p>
   </div>
   <div class='ocr_carea' id='block_1_6' title="bbox 0 0 2268 5940">
    <p class='ocr_par' dir='ltr' id='par_1_7' title="bbox 0 0 2268 5940">
     <span class='ocr_line' id='line_1_41' title="bbox 0 0 2268 5940; baseline 0 0"><span class='ocrx_word' id='word_1_372' title='bbox 0 0 2268 5940; x_wconf 95' lang='lat' dir='ltr'><strong> </strong></span> 
     </span>
    </p>
   </div>
  </div>
 </body>
</html>
