4525 5950
532 634 598 699 268
1002 653 1252 702 rannemirus.

575 816 628 881 Vs.
648 816 724 881 695.
746 817 874 881 ιὶετίν.
895 817 1085 903 Recipienda
1104 818 1210 882 fuerat
1230 816 1566 904 librornmsoriptura
1590 819 1737 896 αἰετίν,

531 944 628 1007 quam
660 923 798 987 formam
830 930 903 988 ante
933 945 960 988 a.
995 923 1061 988 300
1095 945 1122 988 a.
1147 921 1182 989 O.
1214 927 1306 988 unios
1338 927 1518 1010 genuinam
1546 930 1739 990 constanter

530 1027 717 1093 obtulerunt
739 1028 829 1093 tituli
852 1031 942 1093 attiei
965 1029 1044 1108 (vid.
1070 1028 1298 1094 Meisterhans³
1318 1030 1358 1094 31
1381 1031 1420 1094 Ν.
1443 1029 1528 1108 16Ο;
1553 1029 1615 1094 33.
1632 1031 1681 1108 5),
1703 1036 1735 1095 et

531 1154 622 1219 saepe
645 1133 767 1198 oodiees
792 1136 1026 1219 Aristophanei.

576 1350 629 1416 Vs.
650 1350 726 1417 699.
748 1348 846 1427 ὅστις,
867 1348 887 1414 ὦ
909 1350 1041 1429 δύστην’,
1062 1353 1206 1431 οὶτιίχίου
1225 1357 1323 1417 τοῖσι
1346 1355 1514 1425 καὶτοῖς
1536 1355 1737 1432 γείτοσιν

530 1460 553 1523 i.
578 1479 606 1522 o.
631 1456 738 1529 ἄλλοις
762 1481 797 1521 τε
821 1461 899 1521 τοῖσι
924 1458 976 1522 καὶ
1001 1458 1036 1532 δη
1061 1459 1113 1522 καί
1139 1465 1203 1529 τοῖς
1227 1459 1374 1535 γείτοσιν.

578 1676 631 1742 Vs.
657 1676 733 1743 734.
758 1675 841 1741 Mul.
865 1676 889 1743 I.
916 1680 990 1740 ἀλλ’
1016 1678 1051 1740 ἐῶ
1076 1675 1234 1741 ’τολέσίαι
1260 1677 1358 1757 τᾶρι’;

1140 1781 1217 1869 Lys.
1244 1783 1276 1855 ἣν
1302 1783 1409 1846 τούτου
1434 1783 1496 1863 etp.

576 1889 614 1954 In
637 1909 787 1974 responso
811 1887 849 1953 de
872 1909 961 1953 more
984 1887 1114 1952 malim:
1140 1888 1174 1962 ἢν
1199 1890 1305 1953 τούτου
1331 1896 1418 1966 (γε)
1443 1889 1507 1970 δίη.

532 1993 695 2059 Particula
714 1995 845 2059 fortasse
865 1993 996 2079 expulsa
1014 1999 1062 2057 est
1081 2014 1099 2058 a
1117 1997 1340 2079 grammaticis
1357 1995 1477 2060 formae
1499 1995 1552 2077 δέη
1569 2001 1735 2083 syninesin

532 2100 763 2185 ignorantibus.

578 2301 630 2366 Vs.
653 2299 729 2368 761.
754 2301 1104 2384 κικκαβαζουσῶν.
1126 2302 1356 2368 Leeuweninm
1376 2302 1466 2369 edere
1488 2304 1643 2372 voluisse
1662 2328 1733 2371 curn

532 2409 677 2475 Dobraeo
708 2408 959 2489 κικκαβαζουσῶν
991 2415 1123 2494 apparet
1154 2430 1192 2473 ex
1216 2408 1422 2475 adnotatione
1447 2412 1582 2489 critica,
1611 2412 1669 2478 sed
1693 2414 1733 2478 fe

532 2513 682 2580 salierunt
704 2518 814 2582 virum
836 2514 1093 2580 oculatissimum
1117 2515 1323 2601 typographi.

579 2732 633 2798 Vs.
658 2732 734 2798 851.
759 2733 835 2819 Lys.
860 2732 933 2810 ἰδού,
958 2731 1080 2796 καλέσο
1105 2734 1161 2809 ’γὼ
1187 2733 1336 2811 Μυρρίνην
1359 2756 1414 2796 σοι.
1441 2732 1478 2796 σὺ
1503 2733 1534 2796 δὲ
1558 2736 1612 2806 τίς
1638 2734 1692 2814 εὗ;

759 2836 829 2904 Oin.
859 2841 955 2917 οὶνηρ
980 2840 1111 2915 ἐκείνης,
1137 2838 1279 2912 Πεονι3ης
1306 2839 1461 2911 Κινησίας.

534 2944 828 3032 Obtemperandnm
851 2945 955 3011 fuerat
979 2943 1142 3010 Meinekio
1166 2946 1341 3031 corrigenti
1366 2945 1462 3024 ιίνηρ
1486 2946 1628 3027 ἐκείνης,
1654 2949 1736 3036 qnod

533 3055 632 3117 etiam
656 3051 794 3138 Blaydes
817 3032 945 3136 recepit.

582 3259 632 3324 Vs.
657 3259 733 3325 940.
759 3258 812 3324 εἴθ’
836 3261 1032 3341 ἐκχυθείη
1057 3262 1091 3325 τὸ
1116 3260 1218 3341 μύρον,
1243 3257 1263 3324 ὦ
1289 3266 1349 3326 Ζεῦ
1372 3262 1519 3328 δέσποτα.

532 3365 699 3431 Effioaeins
723 3363 865 3432 Oinesiae
889 3386 997 3430 morae
1020 3366 1200 3431 remedium
1224 3367 1321 3444 foret,
1346 3371 1373 3432 si
1396 3370 1613 3435 scriberetur:

758 3473 811 3536 stt·
836 3471 1012 3552 ἐξεχύθη
1040 3483 1124 3550 (σοι
1149 3471 1201 3538 vel
1224 3477 1326 3550 τοῖν)
1351 3474 1384 3536 τὸ
1409 3476 1511 3553 μύρον,
1538 3479 1610 3542 κτέ.

577 3690 629 3755 Vs.
654 3689 729 3755 942.
756 3693 814 3770 οὐχ
839 3690 892 3766 ἡδὺ
917 3690 951 3754 τὸ
977 3691 1068 3768 μύρον
1092 3692 1140 3765 μοὶ
1165 3691 1216 3753 τὸν
1239 3691 1385 3755 'Ardeae
1409 3692 1555 3769 τουτογί,

760 3799 784 3860 εί
809 3797 853 3871 μη
876 3796 1084 3872 διατριπτικόν
1108 3819 1149 3873 γε
1173 3799 1245 3860 κούκ
1268 3796 1331 3877 ὄζον
1356 3800 1479 3872 γάμων.

531 3902 582 3967 Ex
612 3903 662 3966 his
692 3903 769 3966 adeo
800 3902 955 3988 gravibus
985 3899 1130 3968 Oinesiae
1155 3901 1293 3986 querelis
1316 3910 1448 3988 apparet
1471 3903 1673 3989 Myrrhinen
1699 3907 1735 3971 da

533 4008 692 4073 industria
722 4029 785 4072 non
816 4029 929 4072 verum
954 4016 1175 4093 unguentum,
1199 4007 1283 4093 quod
1306 4010 1340 4071 in
1363 4029 1433 4073 aree
1456 4008 1542 4072 haud
1569 4011 1668 4076 facile
1693 4015 1736 4076 in·

534 4116 673 4179 venisset
697 4120 734 4178 nt
757 4114 902 4190 arbitror,
928 4116 958 4178 ei
982 4114 1183 4198 praebuisse,
1207 4113 1262 4178 sed
1285 4116 1391 4179 neseio
1415 4112 1492 4198 quid
1515 4134 1622 4199 grave
1649 4117 1733 4183 olen-

536 4222 577 4284 tis
600 4219 744 4303 liquoris.

579 4420 632 4486 Vs.
658 4420 734 4486 980.
760 4423 807 4483 τῖο
828 4425 885 4485 τοῖν
906 4424 1043 4484 ’Λσανοῖν
1066 4421 1187 4486 ἐστινοὶ
1212 4445 1259 4497 γε
1268 4423 1369 4501 ρονχί
1376 4447 1407 4487 οι.
1433 4422 1564 4488 Praeter
1586 4428 1731 4506 γερωχία

532 4553 571 4579 =
595 4525 708 4604 γερωία
739 4534 770 4591 et
801 4528 979 4608 ρυχοίχετοι
1004 4551 1043 4576 =
1067 4524 1236 4606 ῥυῖίχετος,
1269 4526 1307 4591 de
1338 4528 1455 4612 quibus
1479 4526 1613 4613 legatur
1637 4532 1732 4597 docta

532 4631 663 4697 editoris
687 4633 867 4709 adnotatio,
892 4633 1024 4697 fortasse
1048 4633 1161 4698 eodem
1180 4636 1318 4718 pertinet
1337 4632 1445 4718 glossa
1464 4632 1626 4718 Hesychii
1653 4639 1732 4700 aad

532 4760 701 4817 χερμος·
730 4746 773 4815 γῆ
805 4739 909 4802 νεωστί
941 4738 1149 4817 ιίργοισμένη,
1175 4736 1245 4803 coll.
1271 4739 1419 4819 χέρμα·
1446 4741 1586 4816 τοίηρια,
1612 4747 1652 4806 ut
1678 4744 1730 4808 ha·
