4525 5950
968 709 1110 760 rncrrus.
1563 691 1625 760 371

439 907 441 910 ⁴
485 881 577 957 Non,
612 886 649 945 ut
683 882 804 966 opinor,
843 883 909 943 tam
938 880 1107 963 imperitos
1138 880 1370 963 antiquitatum
1398 876 1533 942 lectores
1564 879 1626 943 sibi

440 986 537 1052 fiuxit
560 984 690 1051 Tacitus
714 993 751 1050 ut
775 983 867 1061 XIII,
895 982 957 1048 43:

489 1092 705 1178 „Repertique
736 1096 935 1161 accusatores
968 1090 1108 1177 direptos
1140 1091 1258 1167 socios,
1289 1111 1364 1155 cum
1395 1088 1531 1155 Suillius
1561 1110 1632 1175 pro·

440 1202 584 1266 vinciam
608 1201 717 1265 Asiam
740 1202 874 1285 regeret,
898 1218 934 1262 ac
958 1196 1143 1282 peculatum
1165 1196 1374 1262 detuleruut”

489 1306 529 1372 ad
545 1306 715 1389 peculatum
734 1305 925 1370 adscriberet
945 1301 1115 1389 „publicae
1132 1304 1318 1389 pecuniae”,
1338 1323 1418 1389 quae
1437 1303 1533 1369 verba
1545 1324 1629 1369 nuno

442 1415 478 1477 in
501 1419 593 1477 textu
618 1412 782 1499 leguntur.

490 1520 538 1584 llx
569 1519 680 1585 eodem
709 1538 826 1606 genere
849 1519 1087 1583 annotationem
1110 1518 1294 1582 invenimus
1317 1514 1407 1594 XIII,
1433 1516 1486 1582 51.
1511 1517 1633 1604 Agitur

441 1626 482 1691 de
502 1626 635 1691 Neronis
654 1625 811 1702 consiliis,
829 1625 946 1711 quibus
965 1627 1052 1689 cives
1070 1626 1318 1710 peregrinosque
1330 1623 1480 1688 oneribus
1492 1622 1631 1691 levavit:

490 1731 700 1817 „Temperata
722 1730 807 1816 apud
826 1733 1055 1796 transmarinas
1073 1732 1255 1816 provincias
1275 1731 1429 1796 frumenti
1449 1731 1617 1797 subvectio
1622 1753 1631 1811 ;

442 1844 477 1904 et
506 1860 547 1903 ne
578 1839 724 1904 censibus
755 1840 993 1925 negotiatorum
1016 1858 1115 1903 naves
1138 1837 1373 1903 ascriberentur
1397 1838 1634 1924 [tributumque

442 1965 501 2031 pro
525 1942 592 2009 iIIIs
615 1943 801 2029 penderent]
825 1943 1073 2008 constitutum.”

490 2050 592 2116 Verba
621 2048 744 2116 inclusa
775 2071 835 2115 non
866 2048 972 2115 solum
1002 2049 1096 2136 plane
1122 2055 1199 2115 sunt
1222 2070 1436 2135 supervacua,
1461 2049 1633 2116 admodum

440 2160 532 2224 enim
562 2160 729 2243 perspicua
760 2162 835 2221 sunt
865 2174 953 2241 quae·
977 2159 1104 2242 scripsit
1134 2155 1281 2233 Tacitus,
1313 2177 1415 2243 neque
1438 2159 1633 2243 exquisitam

442 2264 642 2330 locutionem
673 2262 836 2330 vocabulis
867 2261 1067 2348 pervulgatis
1098 2268 1324 2348 corrumpunt,
1357 2262 1410 2328 sed
1441 2268 1543 2329 totam
1566 2284 1635 2331 scn-

442 2374 565 2437 tentiao
588 2375 784 2435 structuram
807 2367 1025 2454 pessumdant.

493 2479 531 2542 A.
555 2474 640 2554 XIV,
666 2476 698 2541 8.
730 2474 827 2541 Salva
857 2477 923 2540 iam
954 2474 994 2539 ad
1017 2473 1130 2540 villam
1155 2496 1246 2540 suam
1269 2475 1449 2561 Agrippina
1470 2478 1633 2560 pervenit,

441 2582 498 2647 sed
528 2583 626 2648 simul
656 2582 771 2647 adsunt
800 2583 955 2646 Anicetus
985 2580 1186 2667 militesque,
1212 2583 1267 2666 qni
1291 2582 1347 2646 ubi
1370 2584 1405 2648 vi
1427 2584 1630 2668 irruperunt,

444 2690 626 2775 Agrippina

491 2796 643 2882 ,respicit
661 2796 833 2859 Anicetum
853 2791 1037 2858 Trierarcho
1057 2791 1229 2858 Herculeio
1242 2798 1275 2858 et
1287 2791 1432 2871 Obarito,
1450 2796 1634 2860 centurione

440 2903 624 2980 classiario,
655 2904 862 2968 comitatum:
894 2920 946 2979 ac,
977 2901 1005 2963 si
1035 2899 1074 2964 ad
1107 2898 1279 2965 visendum
1310 2902 1468 2979 venisset,
1498 2899 1634 2965 refotam

439 3011 624 3087 nuntiaret,
648 3012 695 3073 siu
721 3009 843 3073 facinus
865 3013 1068 3092 patraturus,
1093 3005 1175 3071 nihil
1197 3027 1230 3072 se
1254 3005 1292 3071 de
1315 3005 1382 3071 filio
1406 3006 1564 3072 credere.''

488 3114 654 3181 Praeclare
684 3116 735 3179 hic
766 3115 873 3179 omnia
903 3119 978 3177 sunt
1009 3114 1174 3177 enuntiata
1205 3118 1316 3198 estque
1340 3133 1444 3178 sermo
1467 3120 1500 3178 ιι
1523 3112 1634 3179 Tacito
1745 3124 1749 3133 '

442 3223 656 3309 dignissimus
684 3227 717 3287 et
746 3219 882 3286 muliere
904 3221 1075 3306 primaria:
1100 3240 1162 3284 non
1185 3218 1259 3284 vult
1283 3218 1386 3284 diram
1409 3240 1478 3285 rem
1501 3241 1559 3286 suo
1582 3241 1635 3307 ap-

440 3328 563 3415 pellare
595 3331 742 3405 nomine,
773 3347 850 3414 ergo
881 3324 1059 3391 verecunde
1091 3345 1160 3390 eam
1194 3325 1298 3391 verbis
1323 3325 1426 3403 „nihil
1450 3347 1483 3391 se
1507 3326 1545 3393 de
1567 3326 1633 3393 lilio

443 3433 592 3500 crederc’'
625 3433 793 3521 significat.
827 3433 869 3497 At
899 3429 1030 3496 inutilia
1059 3429 1171 3497 Tacito
1194 3431 1227 3496 et
1250 3431 1421 3497 consilium
1445 3432 1478 3497 ιι
1500 3453 1551 3498 ιιι
1574 3454 1632 3499 sua

442 3542 591 3619 irrorant3
623 3539 777 3605 translata
806 3541 892 3604 enim
923 3540 957 3603 in
989 3543 1114 3603 testum
1139 3541 1341 3604 annotatione
1363 3538 1556 3625 magistelli,
1581 3562 1632 3604 ru·

441 3650 565 3724 sticana
595 3668 680 3712 nunc
710 3643 917 3733 simplicitate
949 3644 1034 3710 dicta
1057 3650 1132 3709 sunt
1154 3648 1272 3711 omnia.
1296 3644 1358 3710 Sed
1382 3666 1439 3710 nos
1462 3645 1549 3711 istud
1572 3670 1630 3711 non

440 3754 619 3835 imperatam
642 3752 864 3835 parricidium,
898 3750 983 3835 quod
1014 3771 1098 3816 nunc
1128 3750 1323 3837 elegantiam
1353 3752 1527 3818 verborum
1551 3753 1633 3817 nihil

440 3882 475 3923 ae
494 3860 532 3922 de
541 3860 615 3942 filio
634 3860 769 3936 medere,
790 3858 905 3943 quibus
924 3856 1091 3935 adhaeret,
1113 3857 1315 3942 pessumdat,
1341 3861 1463 3924 auctori
1486 3879 1544 3924 suo
1567 3859 1634 3925 red-

443 3967 564 4032 dimus.

490 4075 528 4139 A.
560 4070 648 4151 XIV,
672 4068 726 4137 27.
759 4069 929 4149 ,Veterani
958 4068 1135 4136 Tarentum
1165 4077 1198 4136 et
1228 4072 1364 4136 Antium
1395 4072 1548 4159 adscripti
1570 4094 1633 4138 non

440 4186 554 4245 tamen
587 4179 817 4263 infrequentiae
852 4176 998 4243 locorum
1031 4177 1217 4254 subvenere,
1252 4176 1384 4262 dilapsis
1418 4177 1566 4262 pluribus
1599 4182 1633 4244 in

439 4286 640 4373 provincias,
680 4287 715 4349 in
749 4285 865 4369 quibus
896 4283 1055 4370 stipendia
1086 4283 1310 4369 expleverant3
1341 4303 1443 4367 neque
1472 4286 1632 4370 coniugiis

439 4391 652 4478 suscipiendis
671 4412 772 4477 neque
791 4389 912 4456 alendis
930 4389 1039 4456 liberis
1052 4394 1136 4456 sueti
1149 4390 1240 4455 orbas
1252 4381 1364 4456 dumos
1376 4389 1631 4476 relinquebant.”

490 4499 604 4564 Risum
627 4504 736 4563 movet
758 4497 842 4583 quod
865 4499 898 4561 in
921 4496 1027 4563 codice
1050 4502 1124 4581 post
1147 4497 1232 4561 orbor
1250 4496 1388 4583 legitur:
1408 4497 1474 4561 ciac
1486 4499 1629 4581 posteris,

436 4612 608 4689 tamquam
630 4607 658 4669 si
681 4624 823 4690 uuquam
846 4604 1016 4689 quisquam
1040 4608 1182 4687 posteros
1206 4624 1279 4668 suos
1303 4605 1478 4689 conspiciat
1503 4604 1630 4671 domive
1812 4694 1814 4701 Ι

493 4714 499 4727 ·
611 4708 618 4758 l

436 4710 645 4894 rellllqullll,
669 4814 722 4881 35.
753 4815 929 4892 Boudicca,
961 4813 1127 4881 Icenorum
1158 4819 1287 4903 regina,
1312 4822 1345 4882 et
1368 4815 1430 4882 alia
1454 4816 1541 4902 apud
1564 4817 1634 4884 Bri·
