4525 5950
705 696 708 701 -
770 677 812 724 na
835 673 979 722 moeson
1003 677 1086 724 eruo
1109 677 1281 724 romanu.
1557 659 1621 725 107

436 842 674 918 circumdabat,
706 840 864 927 intelligit
894 864 924 907 ν.
950 842 978 906 d.
1002 844 1035 922 ¹).
1067 843 1158 923 Quod
1188 847 1233 909 sic
1264 843 1396 928 probare
1427 850 1560 908 conatur
1590 849 1628 908 ut

434 952 571 1014 coniciet
602 969 679 1014 voce
709 948 804 1028 θθθνξ
833 970 851 1013 a
881 952 1036 1034 principio
1067 949 1285 1036 significatum
1319 970 1387 1014 esse
1417 949 1627 1035 quodcunque

434 1059 611 1141 pertineret
642 1055 681 1119 ad
711 1058 850 1140 corporis
882 1055 1086 1141 praesidium.
1118 1055 1180 1121 Sed
1211 1065 1249 1120 ut
1280 1057 1341 1120 hoc
1372 1059 1418 1120 ita
1449 1059 1508 1132 sit,
1541 1056 1624 1142 quod

433 1185 520 1227 nuuc
544 1183 604 1226 non
629 1182 761 1246 quaero,
786 1164 898 1246 utique
919 1165 1092 1247 requiritur
1112 1168 1150 1226 ut
1170 1184 1245 1227 voce
1264 1161 1407 1248 generali
1427 1163 1625 1227 abstineatur

433 1272 500 1333 nisi
532 1290 625 1334 omne
655 1267 808 1345 dubium,
841 1268 917 1354 quid
948 1271 1113 1353 speciatim
1146 1277 1306 1353 spectetur
1333 1269 1424 1333 absit.
1449 1267 1539 1347 Quod
1562 1290 1626 1333 non

435 1398 499 1440 usu
533 1378 621 1440 venit
652 1373 745 1452 Ε99,
772 1374 846 1450 100,
883 1373 955 1439 189.
988 1374 1156 1440 Praeterea
1185 1397 1261 1440 vero
1292 1379 1399 1460 inepte
1423 1374 1540 1440 dicitur
1564 1378 1627 1439 icto

436 1485 572 1547 humero
604 1489 733 1546 scutum
765 1482 904 1565 percuti,
935 1480 1076 1566 legimus
1107 1488 1217 1549 antem
1248 1502 1295 1547 ve.
1321 1480 1364 1546 98
1385 1503 1430 1566 sq.
1463 1481 1515 1545 sel
1540 1481 1629 1556 ’βάλ’

435 1589 627 1653 ἐπαΐσσοντα
654 1590 756 1665 τυχὼν
778 1588 859 1650 κοινοὶ
882 1586 977 1664 δεξιὸν
997 1584 1075 1662 ὦμον
1095 1586 1220 1665 θώρηκος
1240 1588 1370 1663 γύαλον.
1395 1587 1502 1652 Aliam
1520 1594 1629 1652 autem

434 1698 525 1759 vocis
560 1691 651 1768 θώρηξ
685 1696 981 1778 interpretationem
1017 1698 1239 1780 cognoscimus
1274 1715 1312 1759 ex
1348 1694 1517 1759 Eustathio
1539 1692 1565 1772 ²)
1596 1701 1629 1758 et

436 1799 610 1885 Apollonio
623 1797 658 1879 ³).
692 1799 737 1863 Hi
761 1802 847 1865 enim
871 1806 1030 1864 testentur
1054 1801 1151 1864 fuisse
1176 1803 1231 1885 qui
1255 1803 1384 1864 nomine
1407 1804 1558 1876 στρεπτὸς
1582 1826 1632 1881 χν-

435 1909 496 1968 eds
520 1927 567 1971 rs.
595 1905 658 1970 113
684 1904 817 1969 loricam
840 1914 957 1970 sertam
982 1910 1085 1971 notari
1109 1904 1248 1983 vellent,
1274 1905 1377 1991 qualis
1400 1905 1501 1992 vulgo
1525 1905 1631 1991 appel-

436 2013 524 2077 latur
556 2011 649 2089 θώρνὲ
681 2012 824 2088 κροκωτόν
854 2015 923 2076 sive
954 2011 1151 2081 θλοσνδοσθς.
1185 2011 1273 2076 Inter
1304 2033 1400 2098 qnos,
1432 2011 1527 2076 modo
1551 2011 1627 2077 fides

434 2119 593 2183 habeatur
612 2117 791 2203 Apollonio,
815 2117 878 2182 fuit
901 2119 1105 2183 Aristarchus
1118 2116 1155 2195 ⁴).
1176 2119 1299 2198 Quibus
1318 2117 1408 2184 facile
1426 2117 1628 2205 intellegitur

434 2233 603 2311 propterea
635 2245 706 2289 eam
737 2223 893 2308 placuisse
924 2227 1238 2310 interpretationem,
1272 2247 1334 2311 qua
1358 2225 1516 2290 efficerent
1538 2225 1625 2290 idem

435 2329 544 2395 valere
564 2331 679 2403 θώρννοο
701 2339 725 2393 E
749 2328 1064 2407 99,100,189,282
1084 2338 1116 2395 et·
1137 2332 1286 2408 στρεπτὸν
1306 2337 1423 2410 χιτῶνα
1444 2327 1562 2412 1⁸:213,
1582 2334 1628 2397 ita

434 2437 628 2522 explicaturi
658 2436 818 2521 quomodo
849 2436 943 2514 θώρηξ
973 2459 1074 2522 neque
1105 2441 1256 2524 sanguini
1278 2437 1508 2522 impedimento
1532 2437 1630 2502 fuerit

437 2543 628 2627 erumpendi
659 2544 710 2607 διὰ
740 2552 900 2618 στρεπτοῖο
930 2551 1076 2621 χιτῶνος,
1111 2565 1213 2629 neque
1246 2543 1393 2608 Diomedi
1425 2543 1627 2630 abstergendi

436 2652 615 2735 sauguinis.
636 2649 747 2734 Neque
769 2655 876 2714 tamen
895 2657 1093 2734 opportunus
1113 2652 1160 2714 eis
1178 2658 1226 2714 est
1245 2648 1333 2714 solus
1352 2649 1436 2735 apud
1449 2649 1628 2714 Homerum

435 2756 528 2821 locus
550 2778 612 2841 quo
636 2755 718 2820 redit
741 2756 890 2830 στρεπτὸς
911 2758 1017 2836 χιτών,
1039 2778 1140 2841 neque
1161 2778 1236 2821 cum
1256 2757 1395 2822 olefacit
1416 2757 1628 2823 Aristarchus.

435 2865 522 2928 Nam
555 2862 654 2939 031,
686 2863 742 2926 nbi
772 2861 915 2926 Achilles
946 2863 1116 2927 iuvenibus
1147 2862 1292 2928 Troianis
1315 2866 1349 2927 in
1372 2862 1504 2927 flumine
1528 2866 1630 2947 captis

435 2991 554 3036 manus
578 2978 649 3055 post
672 2977 801 3054 tergum
827 2971 968 3035 vinxisse
992 2977 1140 3035 narratur
1161 2968 1240 3035 loris
1259 2969 1329 3042 τοὺς
1349 2969 1434 3034 αὐτοὶ
1456 2969 1626 3048 ’φορέεσκον

436 3080 488 3141 ἐστὶ
523 3084 698 3151 στρεπτοῖσι
731 3084 860 3155 χιτῶσι,
894 3076 971 3161 quid
1001 3075 1068 3141 loru
1100 3078 1162 3142 sibi
1193 3076 1295 3141 velint
1325 3076 1364 3141 ad
1388 3075 1502 3141 loricas
1525 3084 1625 3142 sertas

435 3205 533 3249 nemo
556 3182 654 3247 videt.
686 3180 747 3247 Sed
773 3186 898 3247 tunicae
921 3183 1141 3268 cingebantur,
1166 3183 1251 3268 quod
1275 3191 1405 3269 apparet
1428 3182 1545 3261 r470,
1570 3184 1626 3248 ubi

433 3295 708 3356 commemoratur
731 3289 843 3359 νθλντος
867 3292 889 3353 i.
907 3310 934 3354 e.
960 3291 1085 3353 tunicae
1109 3291 1209 3366 sinus,
1233 3292 1289 3374 qui
1311 3292 1493 3375 ceteroquin
1518 3289 1627 3354 nullus

433 3417 505 3462 esse
529 3402 654 3480 poterat
668 3396 704 3475 5ρ.
737 3395 848 3478 Neque
871 3393 960 3459 aliud
983 3394 1157 3480 quidquam
1183 3397 1245 3459 nisi
1269 3396 1307 3460 de
1331 3394 1494 3460 Diomedis
1519 3399 1629 3461 tunica

435 3505 596 3588 cogitavit
615 3501 834 3581 Aristarchus;
855 3522 930 3565 nam
949 3500 1047 3566 schol.
1069 3505 1097 3566 A
1118 3502 1157 3567 ad
1177 3501 1269 3581 cal,
1289 3501 1420 3567 laudato
1441 3509 1548 3567 nostro
1560 3502 1629 3567 loco

443 3664 640 3674 ’.η-...-

474 3736 502 3797 1)
525 3736 592 3799 Quse
615 3732 711 3781 Reichel
735 3732 760 3780 in
783 3731 863 3796 priore
885 3732 922 3780 sui
940 3731 1019 3796 operis
1036 3732 1140 3781 editione
1158 3731 1270 3782 disseruit
1286 3736 1319 3798 (p.
1337 3733 1631 3794 remoraminaque

435 3831 603 3880 nonnusquam
622 3831 677 3863 soce
695 3813 769 3877 θώρηξ
787 3818 880 3862 scutum
898 3813 1035 3878 significari,
1052 3815 1133 3863 omisit
1151 3814 1176 3863 in
1193 3814 1269 3863 alters
1291 3818 1371 3878 (qnam
1389 3815 1484 3863 curavit
1503 3814 1630 3879 Heberdey

434 3918 459 3949 ν.
478 3901 519 3961 d),
539 3900 616 3947 locum
634 3914 734 3947 vacuum
752 3896 850 3960 reliquit
866 3901 944 3945 morte
961 3912 1101 3961 oppressus,
1119 3898 1148 3945 de
1165 3896 1251 3945 ceteris
1268 3913 1326 3960 qnae
1340 3896 1412 3945 attuli
1427 3898 1630 3962 interpretationi·

435 3986 482 4033 bus
500 3982 550 4031 eius
567 3982 620 4029 side
637 3980 766 4029 editionem
782 3978 882 4027 alteram
900 3995 938 4043 pp.
957 3980 997 4037 el,
1017 3980 1057 4027 93.
1076 4006 1108 4015 -
1126 3979 1206 4027 Etiam
1224 3977 1340 4028 Villolson
1358 3995 1378 4027 s.
1390 3980 1412 4027 d.
1431 3979 1456 4026 in
1474 3978 1530 4027 edit.
1549 3979 1629 4044 Apoll.

435 4068 484 4116 lex.
506 4064 578 4112 Hom.
596 4079 619 4127 p.
637 4062 685 4115 207
703 4062 877 4125 interpretatur
894 4065 1014 4110 scntnm
1033 4060 1110 4109 nescio
1127 4076 1157 4109 an
1175 4061 1280 4120 incuria,
1300 4062 1438 4125 ceteroquin
1456 4062 1519 4111 enim
1534 4078 1628 4128 semper

437 4146 516 4211 θώρηξ
533 4146 554 4194 ei
572 4150 608 4194 est
623 4146 709 4193 thorax
727 4148 822 4192 senens.

473 4231 502 4289 9)
519 4229 548 4277 ln
567 4228 661 4277 Comm.
680 4228 709 4276 sd
726 4227 798 4276 llisd.

475 4312 550 4373 u)1n
568 4310 642 4359 lexico
662 4310 734 4358 Hom.
753 4326 775 4374 p.
795 4307 851 4359 799.

471 4396 502 4458 4)
520 4394 611 4442 Revera
634 4392 667 4441 ibi
689 4391 748 4441 dicit
772 4391 939 4441 Aristarchum
963 4391 1108 4441 intellexisse
1131 4388 1268 4440 λστοθνντθν
1285 4392 1301 4440 i.
1318 4408 1338 4441 e.
1358 4392 1457 4441 loricam
1473 4396 1630 4456 rqussatasa

436 4478 485 4528 Sed
509 4492 537 4524 ex
559 4476 593 4524 eis
613 4491 673 4539 qnae
695 4473 773 4523 addit:
799 4471 840 4522 dds
857 4474 933 4528 (τὸ)
950 4473 995 4530 τὴν
1017 4472 1112 4530 πλοκὴν
1135 4479 1184 4521 τῶν
1207 4478 1302 4534 κρονθθ
1309 4492 1320 4521 ν
1347 4472 1550 4535 θνσστρσμμθνην
1567 4470 1628 4522 slucu

436 4565 539 4627 apparet
556 4559 594 4621 agi
611 4559 641 4607 de
656 4562 728 4607 οονθο.
748 4557 802 4623 lpse
819 4558 876 4607 haec
893 4558 1050 4622 discrepantis
1067 4556 1190 4622 Apollonii
1209 4558 1277 4605 fldem
1296 4557 1426 4606 imminuit.

475 4646 502 4701 b)
519 4641 598 4690 lltism
621 4656 661 4688 ses
683 4640 800 4703 quoddam
818 4643 941 4705 repertum
958 4641 1022 4688 inter
1041 4645 1195 4688 monumenta
1213 4640 1343 4703 Mycenaea
1359 4638 1453 4689 exhibet
1474 4639 1578 4687 militum
1596 4642 1633 4687 tu·

439 4725 503 4775 nicia
527 4722 637 4771 brevibus
655 4722 796 4771 vestitorum
814 4722 942 4785 imagines,
959 4722 983 4770 in
1002 4722 1087 4785 qulbus
1104 4726 1128 4769 et
1146 4720 1241 4770 balteus
1259 4726 1283 4770 et
1300 4722 1394 4770 tunicae
1410 4722 1476 4771 sinus
1493 4721 1633 4786 conspicuus

438 4812 486 4861 est.
502 4807 539 4859 Ol.
558 4805 721 4875 Fortuingler
735 4805 783 4857 oud
796 4804 903 4856 Is'lscbke
919 4804 989 4870 Myk.
1002 4805 1054 4855 Vss.
1070 4804 1146 4864 XLII,
1161 4804 1250 4864 XLIII,
1266 4804 1432 4855 Schuchlrerdt
1443 4802 1501 4855 Abu.
1512 4805 1635 4864 800001.
