4525 5950
532 691 599 757 260
655 742 661 757 .
1023 711 1065 757 nn
1089 710 1233 759 333333.

530 873 724 962 33133311).
757 875 876 947 ’Λήδης
908 874 1074 954 ἀμείλιχος
1099 873 1144 950 ἡδ’
1170 873 1395 954 3113133333ςῖ)
1418 875 1464 939 ibi
1488 874 1639 939 audiebat
1663 873 1727 938 Ad·

531 988 652 1059 metue;
678 981 787 1045 Brimo
812 981 892 1046 forte
917 981 1074 1054 Ἀδμήτου
1098 982 1175 1060 Κόρη
1191 978 1226 1061 ³).

576 1086 741 1152 Habemus
764 1089 797 1150 in
820 1084 933 1152 nucleo
954 1107 1017 1150 non
1038 1086 1132 1150 modo
1153 1085 1325 1151 Alcestidis
1344 1084 1488 1151 fabulam
1507 1085 1726 1171 euripideam,

531 1191 585 1257 sed
615 1192 649 1255 id
680 1213 806 1277 quoque
837 1195 1068 1277 perspicimus:
1091 1213 1149 1277 par
1171 1191 1251 1257 illud
1276 1191 1427 1269 deorum,
1453 1191 1563 1257 Brimo
1586 1198 1620 1256 et
1643 1191 1728 1256 Mer·

531 1299 675 1375 curium,
697 1305 805 1376 Φεραῖς
829 1299 859 1361 ἐν
878 1299 1067 1375 πολυρρηνοις
1082 1335 1124 1345 —-
1138 1298 1194 1362 ubi
1215 1299 1371 1384 regnabat
1390 1319 1447 1362 rex
1472 1297 1628 1372 Ἐὔμηλος
1644 1294 1670 1376 ¹)
1685 1333 1728 1345 -

531 1404 744 1481 honoratum,
775 1425 885 1469 revera
908 1425 975 1469 esee
999 1405 1050 1467 τὸν
1076 1405 1235 1484 Κριοφόρον
1261 1402 1324 1467 θεόν
1349 1410 1381 1469 31
1400 1408 1550 1482 Ἄρτεμιν
1574 1403 1727 1482 κερασφό-

531 1533 587 1588 ρον,
620 1509 672 1575 vel
695 1512 802 1594 potius
826 1508 930 1575 Deum
955 1507 1169 1596 Cornigerum
1195 1517 1227 1574 et
1250 1509 1351 1575 Deam
1376 1507 1571 1587 (lumniam,
1593 1512 1726 1574 numina

531 1617 635 1701 131133
665 1614 808 1695 Κάρνεια.
840 1616 908 1695 Qua
939 1623 1048 1681 autem
1072 1619 1276 1681 veneratione
1300 1619 1434 1680 numina
1456 1614 1514 1680 illa
1538 1616 1727 1680 fruebantur

531 1724 616 1786 inter
639 1735 780 1807 pastores
804 1721 1103 1807 Peloponnesiacos,
1128 1722 1239 1787 eadem
1263 1725 1297 1785 in
1321 1720 1728 1786 Γ1133331133111313133133

533 1827 727 1892 aPheraeis
741 1825 777 1904 ⁵).

577 1930 661 1998 Cum
694 1954 770 1997 vero
793 1938 943 2018 appareat
967 1931 1108 1997 Alcestin
1134 1933 1173 1996 ab
1198 1933 1292 1997 heroe
1317 1932 1456 2017 quodam
1481 1931 1617 2009 Θανάτῳ
1642 1953 1728 2016 3333

533 2044 599 2103 133
626 2044 659 2103 31
686 2038 798 2102 Brimo
826 2059 844 2103 3
871 2038 1024 2103 daemone
1052 2060 1090 2102 ex
1118 2038 1228 2102 inferis
1255 2039 1287 2101 13
1307 2036 1416 2102 13333
1438 2037 1605 2103 reductam
1628 2059 1727 2103 3333

532 2144 727 2229 eandemque
751 2165 818 2209 esse
842 2144 951 2221 deam,
977 2165 1078 2230 33333
1101 2165 1119 2209 3
1143 2144 1235 2208 Luna
1258 2144 1315 2208 dea
1339 2143 1516 2222 diversam,
1542 2143 1668 2210 clarum
1692 2144 1728 2209 fit

532 2253 785 2316 3333131331333
805 2250 947 2315 Alcestin
968 2272 1042 2315 cum
1067 2248 1196 2317 Oarneis
1220 2271 1287 2314 3333
1310 2253 1530 2328 3331333133,
1555 2249 1727 2316 Alcestidis

531 2355 641 2420 laudes
665 2353 863 2422 (larneorum
887 2358 985 2422 fuisse
1008 2361 1133 2442 333133
1159 2376 1290 2421 sacram.

577 2462 734 2527 Admetus
766 2469 892 2539 33133,
921 2465 1031 2547 quiin
1056 2461 1174 2548 mytho
1199 2463 1421 2546 antiquissimo
1444 2464 1536 2527 13313
1560 2462 1672 2528 Brimo
1695 2470 1726 2528 31

533 2567 733 2633 Mercurium
757 2576 862 2654 partes
885 2569 1000 2654 333131
1023 2571 1134 2654 331331
1159 2570 1332 2645 momenti,
1354 2571 1473 2653 331333
1493 2568 1532 2633 31
1552 2567 1725 2655 Euripide,

535 2680 572 2739 ut
603 2677 650 2739 113
680 2676 803 2761 dicam,
834 2678 934 2739 creari
966 2674 1094 2752 debuit,
1119 2678 1153 2739 13
1178 2672 1307 2740 0333313
1331 2677 1422 2738 33311
1446 2680 1511 2760 133
1537 2674 1727 2740 daemonem

535 2801 631 2866 quam
651 2801 759 2866 33333
780 2772 946 2864 factusque
967 2789 1015 2845 331
1034 2782 1187 2857 sacerdos,
1210 2781 1361 2858 ὑπηρέτης
1378 2786 1435 2843 τῶν
1448 2782 1528 2846 θεῶν.
1542 2779 1726 2846 1113333133

534 2886 673 2972 33313313
706 2907 783 2950 3333
816 2894 863 2950 331
895 2892 979 2951 33313
1008 2884 1143 2960 deuncos
1174 2884 1248 2962 ille,
1280 2888 1373 2969 cuius
1397 2886 1578 2951 divinitatis
1603 2908 1729 2952 33333

531 2999 599 3057 erat
618 3013 727 3069 nemo,
748 2995 840 3058 cuius
860 2995 1028 3077 3313313113
1048 2996 1155 3079 333133
1174 2994 1204 3055 ἐν
1225 2993 1385 3071 saporatas
1406 2992 1500 3058 modo
1511 2996 1728 3060 meminerant

532 3096 697 3164 13313331

576 3204 724 3290 Euripidi
746 3210 853 3269 33133
873 3204 1049 3269 Admetum
1070 3202 1241 3269 Alcestidis
1259 3204 1399 3268 maritum
1419 3207 1538 3269 creanti
1559 3204 1643 3270 male
1664 3226 1727 3270 ces-

531 3314 610 3375 sisse
630 3331 714 3388 rem,
735 3307 977 3396 331333331111
997 3310 1060 3375 Sed
1079 3312 1134 3395 qui
1155 3313 1288 3396 propius
1306 3310 1553 3375 consideraverit
1571 3311 1729 3397 mythum

531 3415 615 3480 unde
645 3420 791 3502 provenit
822 3415 1017 3492 131313,13,
1043 3420 1163 3501 331333,
1188 3416 1400 3481 3333313133
1424 3417 1581 3493 Admeto,
1607 3416 1724 3481 iniero·

481 3581 483 3585 .
533 3543 606 3586 rum
631 3542 705 3606 rege
729 3520 813 3585 nulli
837 3544 898 3586 non
922 3525 1046 3600 inviso,
1071 3525 1105 3586 13
1129 3521 1259 3586 Β31333
1282 3528 1390 3586 autem
1415 3529 1447 3587 31
1466 3521 1622 3587 Mercurii
1641 3543 1731 3589 333-

530 3627 620 3691 ribus
652 3625 764 3704 aaran
797 3626 1045 3705 molestissime,
1078 3649 1141 3692 non
1173 3626 1264 3692 facile
1298 3630 1441 3712 potuisse
1472 3627 1540 3690 fieri
1571 3631 1729 3692 3331133

532 3738 693 3797 amantem
718 3737 812 3817 atque
836 3742 992 3799 333133.

566 3975 590 4035 l)
606 3973 701 4023 Callian.
719 3974 748 4021 13.
768 3973 823 4025 117.
844 3973 914 4038 Prop.
932 3973 966 4032 ll,
985 3975 1008 4032 2,
1030 3976 1067 4023 ll.
1084 3973 1133 4023 Cic.
1156 3977 1183 4024 D.
1201 3974 1231 4024 D.
1252 3976 1282 4024 N.
1302 3974 1340 4023 lII
1358 3976 1398 4027 22.
1417 3976 1516 4040 Grnppe
1535 3976 1565 4024 G.
1585 3976 1622 4024 M.
1642 3976 1699 4024 118.

566 4056 591 4116 2)
610 4055 681 4104 llam.
704 4056 714 4103 l
736 4057 790 4105 118.
1008 4059 1033 4117 3)
1052 4056 1155 4120 1133331.
1173 4056 1190 4104 i.
1200 4073 1223 4107 r.
1441 4059 1467 4116 4)
1487 4057 1560 4105 Hom.
1579 4053 1662 4106 1798.

567 4141 591 4195 o)
609 4137 701 4185 Usener
718 4139 793 4200 (1133.
813 4136 889 4186 Rhea.
907 4136 960 4186 Vol.
980 4141 1011 4187 53
1028 4155 1051 4202 p.
1070 4138 1211 4195 319-3611,
1230 4138 1301 4199 etit:
1322 4141 1385 4187 ,133
1400 4139 1442 4188 der
1460 4138 1729 4199 111333311333333311)

532 4220 575 4268 wie
592 4220 641 4268 ind.
658 4220 773 4276 1333333,
790 4221 831 4267 das
848 4221 881 4268 13
896 4220 1003 4282 11133313
1017 4220 1104 4267 313331
1111 4223 1136 4280 (1)
1153 4220 1654 4284 3331333133113333133113133133131,
1670 4222 1730 4281 soll)

532 4301 613 4365 331331
643 4302 737 4350 Karnos
761 4301 888 4365 3133131131
911 4302 961 4350 sein
981 4316 1020 4350 um
1038 4301 1107 4350 einen
1125 4302 1166 4350 das
1185 4302 1729 4366 6313311333311311313133333133631133

532 4383 698 4432 1333131333”.
727 4411 755 4419 -
785 4384 891 4446 1333333
916 4385 992 4432 fateor
1015 4399 1052 4432 me
1076 4384 1156 4432 virum
1179 4384 1314 4448 33333133,
1337 4385 1375 4433 eni
1398 4384 1476 4434 multa
1501 4383 1613 4434 debemus
1630 4399 1727 4442 omnes,

533 4467 596 4515 hisce
622 4467 647 4516 13
673 4467 824 4529 etymologiis
846 4467 911 4530 sequi
936 4482 1010 4528 33333
1031 4482 1098 4530 33333
1122 4481 1199 4530 neque
1222 4466 1290 4516 33113.
1316 4470 1387 4526 Mor,
1407 4468 1501 4533 opinor,
1517 4484 1570 4517 333
1590 4468 1729 4516 8133131333

532 4547 638 4597 cantabit
655 4548 718 4613 ipse:
737 4545 781 4596 313
797 4546 856 4596 ’ἐστ’
873 4545 968 4608 ’ἔτυμος
985 4549 1061 4609 λόγος
1079 4541 1164 4605 adreci
1184 4551 1238 4614 Qus
1255 4549 1375 4614 palinodia
1392 4550 1497 4615 priorem
1512 4549 1637 4599 oculorum
1652 4549 1728 4599 aciem

533 4628 691 4694 recuperabit.

1026 4776 1221 4784 ———--
