<?xml version="1.0" encoding="UTF-8"?>
<!DOCTYPE html PUBLIC "-//W3C//DTD XHTML 1.0 Transitional//EN"
    "http://www.w3.org/TR/xhtml1/DTD/xhtml1-transitional.dtd">
<html xmlns="http://www.w3.org/1999/xhtml" xml:lang="en" lang="en">
 <head>
  <title>
</title>
<meta http-equiv="Content-Type" content="text/html;charset=utf-8" />
  <meta name='ocr-system' content='tesseract 3.04.00' />
  <meta name='ocr-capabilities' content='ocr_page ocr_carea ocr_par ocr_line ocrx_word'/>
</head>
<body>
  <div class='ocr_page' id='page_1' title='image "./mnemosyne07verdgoog_0396.png"; bbox 0 0 4525 5950; ppageno 0'>
   <div class='ocr_carea' id='block_1_1' title="bbox 651 709 1316 777">
    <p class='ocr_par' dir='ltr' id='par_1_1' title="bbox 651 709 1316 777">
     <span class='ocr_line' id='line_1_1' title="bbox 651 709 1316 777; baseline -0.005 0"><span class='ocrx_word' id='word_1_1' title='bbox 651 709 716 777; x_wconf 75' lang='lat' dir='ltr'>aba</span> <span class='ocrx_word' id='word_1_2' title='bbox 1174 729 1316 777; x_wconf 78' lang='lat' dir='ltr'>ramnus.</span> 
     </span>
    </p>
   </div>
   <div class='ocr_carea' id='block_1_2' title="bbox 576 893 1840 4910">
    <p class='ocr_par' dir='ltr' id='par_1_2' title="bbox 647 893 1836 1065">
     <span class='ocr_line' id='line_1_2' title="bbox 649 893 1836 978; baseline 0.001 -19"><span class='ocrx_word' id='word_1_3' title='bbox 649 896 773 959; x_wconf 83' lang='lat' dir='ltr'>uncinis</span> <span class='ocrx_word' id='word_1_4' title='bbox 796 900 845 958; x_wconf 87' lang='lat' dir='ltr'>eat</span> <span class='ocrx_word' id='word_1_5' title='bbox 866 893 1046 970; x_wconf 84' lang='lat' dir='ltr'>inclusum,</span> <span class='ocrx_word' id='word_1_6' title='bbox 1071 893 1186 978; x_wconf 85' lang='lat' dir='ltr'>quibus</span> <span class='ocrx_word' id='word_1_7' title='bbox 1210 898 1317 958; x_wconf 89' lang='lat' dir='ltr'>tamen</span> <span class='ocrx_word' id='word_1_8' title='bbox 1340 931 1382 941; x_wconf 93' lang='lat'><em>-</em></span> <span class='ocrx_word' id='word_1_9' title='bbox 1407 899 1443 957; x_wconf 90' lang='lat' dir='ltr'>nt</span> <span class='ocrx_word' id='word_1_10' title='bbox 1465 914 1549 958; x_wconf 91' lang='lat' dir='ltr'>nuno</span> <span class='ocrx_word' id='word_1_11' title='bbox 1572 900 1650 959; x_wconf 87' lang='lat' dir='ltr'>eunt</span> <span class='ocrx_word' id='word_1_12' title='bbox 1673 915 1783 960; x_wconf 85' lang='lat' dir='ltr'>morea</span> <span class='ocrx_word' id='word_1_13' title='bbox 1796 934 1836 945; x_wconf 93' lang='lat'><em>-</em></span> 
     </span>
     <span class='ocr_line' id='line_1_3' title="bbox 647 998 1099 1065; baseline -0.002 -1"><span class='ocrx_word' id='word_1_14' title='bbox 647 999 779 1065; x_wconf 76' lang='lat' dir='ltr'>fortasse</span> <span class='ocrx_word' id='word_1_15' title='bbox 802 1020 878 1063; x_wconf 86' lang='lat' dir='ltr'>mox</span> <span class='ocrx_word' id='word_1_16' title='bbox 901 998 1099 1064; x_wconf 82' lang='lat' dir='ltr'><strong>liberabitur.</strong></span> 
     </span>
    </p>

    <p class='ocr_par' dir='ltr' id='par_1_3' title="bbox 692 1103 1726 1190">
     <span class='ocr_line' id='line_1_4' title="bbox 692 1103 1726 1190; baseline 0.001 -20"><span class='ocrx_word' id='word_1_17' title='bbox 692 1105 735 1170; x_wconf 88' lang='lat' dir='ltr'>H.</span> <span class='ocrx_word' id='word_1_18' title='bbox 760 1104 801 1181; x_wconf 93' lang='lat' dir='ltr'>II,</span> <span class='ocrx_word' id='word_1_19' title='bbox 826 1103 878 1169; x_wconf 88' lang='grc'>63.</span> <span class='ocrx_word' id='word_1_20' title='bbox 903 1103 1067 1170; x_wconf 80' lang='lat' dir='ltr'>Dolabella</span> <span class='ocrx_word' id='word_1_21' title='bbox 1092 1126 1155 1190; x_wconf 91' lang='lat' dir='ltr'>quo</span> <span class='ocrx_word' id='word_1_22' title='bbox 1178 1107 1312 1170; x_wconf 91' lang='lat' dir='ltr'>crimine</span> <span class='ocrx_word' id='word_1_23' title='bbox 1335 1106 1467 1190; x_wconf 88' lang='lat' dir='ltr'>perierit</span> <span class='ocrx_word' id='word_1_24' title='bbox 1490 1109 1535 1171; x_wconf 84' lang='lat' dir='ltr'>aio</span> <span class='ocrx_word' id='word_1_25' title='bbox 1559 1113 1726 1172; x_wconf 81' lang='lat' dir='ltr'><strong>narratur:</strong></span> 
     </span>
    </p>

    <p class='ocr_par' dir='ltr' id='par_1_4' title="bbox 646 1210 1840 1510">
     <span class='ocr_line' id='line_1_5' title="bbox 693 1210 1840 1290; baseline 0.001 -13"><span class='ocrx_word' id='word_1_26' title='bbox 693 1211 880 1290; x_wconf 90' lang='lat' dir='ltr'>„Dolabella</span> <span class='ocrx_word' id='word_1_27' title='bbox 899 1211 1009 1276; x_wconf 88' lang='lat' dir='ltr'>audita</span> <span class='ocrx_word' id='word_1_28' title='bbox 1028 1220 1130 1276; x_wconf 89' lang='lat' dir='ltr'>morte</span> <span class='ocrx_word' id='word_1_29' title='bbox 1152 1210 1286 1276; x_wconf 83' lang='lat' dir='ltr'>Othonis</span> <span class='ocrx_word' id='word_1_30' title='bbox 1306 1212 1418 1277; x_wconf 93' lang='lat' dir='ltr'>urbem</span> <span class='ocrx_word' id='word_1_31' title='bbox 1437 1214 1614 1277; x_wconf 77' lang='lat' dir='ltr'><strong>introierat.</strong></span> <span class='ocrx_word' id='word_1_32' title='bbox 1638 1211 1675 1276; x_wconf 95' lang='lat' dir='ltr'>Id</span> <span class='ocrx_word' id='word_1_33' title='bbox 1698 1215 1729 1278; x_wconf 91' lang='lat' dir='ltr'>ei</span> <span class='ocrx_word' id='word_1_34' title='bbox 1748 1212 1840 1278; x_wconf 92' lang='lat' dir='ltr'>Plan-</span> 
     </span>
     <span class='ocr_line' id='line_1_6' title="bbox 647 1317 1840 1405; baseline -0.001 -20"><span class='ocrx_word' id='word_1_35' title='bbox 647 1323 716 1385; x_wconf 85' lang='lat' dir='ltr'>cius</span> <span class='ocrx_word' id='word_1_36' title='bbox 740 1318 844 1385; x_wconf 81' lang='lat' dir='ltr'><strong>Varus</strong></span> <span class='ocrx_word' id='word_1_37' title='bbox 867 1326 1015 1404; x_wconf 91' lang='lat' dir='ltr'>praetura</span> <span class='ocrx_word' id='word_1_38' title='bbox 1034 1318 1179 1395; x_wconf 83' lang='lat' dir='ltr'>functus,</span> <span class='ocrx_word' id='word_1_39' title='bbox 1200 1339 1238 1383; x_wconf 86' lang='lat' dir='ltr'>ex</span> <span class='ocrx_word' id='word_1_40' title='bbox 1257 1320 1382 1382; x_wconf 81' lang='lat' dir='ltr'>intimis</span> <span class='ocrx_word' id='word_1_41' title='bbox 1401 1317 1585 1384; x_wconf 84' lang='lat' dir='ltr'>Dolabellae</span> <span class='ocrx_word' id='word_1_42' title='bbox 1605 1321 1734 1396; x_wconf 84' lang='lat' dir='ltr'>amicis,</span> <span class='ocrx_word' id='word_1_43' title='bbox 1756 1320 1840 1405; x_wconf 92' lang='lat' dir='ltr'>apud</span> 
     </span>
     <span class='ocr_line' id='line_1_7' title="bbox 646 1424 1519 1510; baseline -0.001 -20"><span class='ocrx_word' id='word_1_44' title='bbox 646 1425 795 1491; x_wconf 82' lang='lat' dir='ltr'>Flavium</span> <span class='ocrx_word' id='word_1_45' title='bbox 818 1424 992 1501; x_wconf 80' lang='lat' dir='ltr'>Sabinum,</span> <span class='ocrx_word' id='word_1_46' title='bbox 1018 1425 1215 1510; x_wconf 86' lang='lat' dir='ltr'>praefectum</span> <span class='ocrx_word' id='word_1_47' title='bbox 1240 1425 1345 1502; x_wconf 86' lang='lat' dir='ltr'>urbis,</span> <span class='ocrx_word' id='word_1_48' title='bbox 1370 1424 1519 1489; x_wconf 89' lang='lat' dir='ltr'>obiecit.&#39;’</span> 
     </span>
    </p>

    <p class='ocr_par' dir='ltr' id='par_1_5' title="bbox 644 1530 1839 2448">
     <span class='ocr_line' id='line_1_8' title="bbox 692 1530 1838 1617; baseline -0.002 -19"><span class='ocrx_word' id='word_1_49' title='bbox 692 1533 796 1598; x_wconf 78' lang='lat' dir='ltr'>Sicine</span> <span class='ocrx_word' id='word_1_50' title='bbox 827 1531 1095 1597; x_wconf 79' lang='lat' dir='ltr'>latinitati·vim</span> <span class='ocrx_word' id='word_1_51' title='bbox 1119 1530 1216 1596; x_wconf 88' lang='lat' dir='ltr'>faciat</span> <span class='ocrx_word' id='word_1_52' title='bbox 1239 1533 1427 1617; x_wconf 89' lang='lat' dir='ltr'>quiequam,</span> <span class='ocrx_word' id='word_1_53' title='bbox 1454 1538 1490 1595; x_wconf 91' lang='lat' dir='ltr'>ut</span> <span class='ocrx_word' id='word_1_54' title='bbox 1513 1552 1588 1596; x_wconf 92' lang='lat' dir='ltr'>cum</span> <span class='ocrx_word' id='word_1_55' title='bbox 1612 1530 1717 1597; x_wconf 90' lang='lat' dir='ltr'>dicere</span> <span class='ocrx_word' id='word_1_56' title='bbox 1742 1531 1838 1597; x_wconf 88' lang='lat' dir='ltr'>velit:</span> 
     </span>
     <span class='ocr_line' id='line_1_9' title="bbox 648 1637 1839 1716; baseline 0.002 -14"><span class='ocrx_word' id='word_1_57' title='bbox 648 1639 846 1716; x_wconf 76' lang='lat' dir='ltr'>„Dolabellae</span> <span class='ocrx_word' id='word_1_58' title='bbox 869 1637 987 1713; x_wconf 83' lang='lat' dir='ltr'>Varus,</span> <span class='ocrx_word' id='word_1_59' title='bbox 1013 1659 1051 1702; x_wconf 83' lang='lat' dir='ltr'>en</span> <span class='ocrx_word' id='word_1_60' title='bbox 1075 1639 1201 1702; x_wconf 82' lang='lat' dir='ltr'>intimis</span> <span class='ocrx_word' id='word_1_61' title='bbox 1226 1637 1291 1701; x_wconf 78' lang='lat' dir='ltr'>eiua</span> <span class='ocrx_word' id='word_1_62' title='bbox 1314 1640 1443 1713; x_wconf 85' lang='lat' dir='ltr'>amicis,</span> <span class='ocrx_word' id='word_1_63' title='bbox 1469 1637 1584 1702; x_wconf 90' lang='lat' dir='ltr'>obiecit</span> <span class='ocrx_word' id='word_1_64' title='bbox 1610 1637 1705 1715; x_wconf 88' lang='lat'><strong>...,&#39;’</strong></span> <span class='ocrx_word' id='word_1_65' title='bbox 1732 1638 1790 1704; x_wconf 81' lang='lat' dir='ltr'>aed</span> <span class='ocrx_word' id='word_1_66' title='bbox 1809 1659 1839 1703; x_wconf 83' lang='lat' dir='ltr'>sc</span> 
     </span>
     <span class='ocr_line' id='line_1_10' title="bbox 646 1741 1838 1830; baseline -0.003 -19"><span class='ocrx_word' id='word_1_67' title='bbox 646 1767 762 1811; x_wconf 91' lang='lat' dir='ltr'>nomen</span> <span class='ocrx_word' id='word_1_68' title='bbox 791 1743 873 1809; x_wconf 91' lang='lat' dir='ltr'>illud</span> <span class='ocrx_word' id='word_1_69' title='bbox 904 1744 999 1830; x_wconf 90' lang='lat' dir='ltr'>paulo</span> <span class='ocrx_word' id='word_1_70' title='bbox 1032 1752 1104 1810; x_wconf 89' lang='lat' dir='ltr'>ante</span> <span class='ocrx_word' id='word_1_71' title='bbox 1137 1764 1253 1828; x_wconf 92' lang='lat' dir='ltr'>ponere</span> <span class='ocrx_word' id='word_1_72' title='bbox 1286 1743 1477 1820; x_wconf 85' lang='lat' dir='ltr'>recordetur,</span> <span class='ocrx_word' id='word_1_73' title='bbox 1502 1764 1558 1828; x_wconf 90' lang='lat' dir='ltr'>pro</span> <span class='ocrx_word' id='word_1_74' title='bbox 1580 1741 1638 1809; x_wconf 93' lang='lat' dir='ltr'>illo</span> <span class='ocrx_word' id='word_1_75' title='bbox 1661 1765 1838 1828; x_wconf 91' lang='lat' dir='ltr'>pronomen</span> 
     </span>
     <span class='ocr_line' id='line_1_11' title="bbox 646 1848 1839 1937; baseline 0 -21"><span class='ocrx_word' id='word_1_76' title='bbox 646 1854 674 1916; x_wconf 85' lang='lat' dir='ltr'>el</span> <span class='ocrx_word' id='word_1_77' title='bbox 704 1859 819 1937; x_wconf 87' lang='lat' dir='ltr'>ponat,</span> <span class='ocrx_word' id='word_1_78' title='bbox 852 1858 922 1915; x_wconf 89' lang='lat' dir='ltr'>tum</span> <span class='ocrx_word' id='word_1_79' title='bbox 955 1852 1057 1916; x_wconf 86' lang='lat' dir='ltr'>tribua</span> <span class='ocrx_word' id='word_1_80' title='bbox 1087 1848 1252 1915; x_wconf 84' lang='lat' dir='ltr'>vocabulis</span> <span class='ocrx_word' id='word_1_81' title='bbox 1275 1852 1450 1915; x_wconf 80' lang='lat' dir='ltr'>interiectis</span> <span class='ocrx_word' id='word_1_82' title='bbox 1472 1852 1542 1934; x_wconf 83' lang='lat' dir='ltr'>ipso</span> <span class='ocrx_word' id='word_1_83' title='bbox 1565 1853 1685 1914; x_wconf 89' lang='lat' dir='ltr'>iterum</span> <span class='ocrx_word' id='word_1_84' title='bbox 1708 1854 1839 1916; x_wconf 87' lang='lat' dir='ltr'>nominc</span> 
     </span>
     <span class='ocr_line' id='line_1_12' title="bbox 645 1955 1836 2045; baseline -0.002 -23"><span class='ocrx_word' id='word_1_85' title='bbox 645 1960 772 2045; x_wconf 89' lang='lat' dir='ltr'>proprio</span> <span class='ocrx_word' id='word_1_86' title='bbox 796 1964 907 2022; x_wconf 92' lang='lat' dir='ltr'>utatur</span> <span class='ocrx_word' id='word_1_87' title='bbox 930 1958 971 2035; x_wconf 82' lang='lat' dir='ltr'>(el</span> <span class='ocrx_word' id='word_1_88' title='bbox 994 1955 1113 2032; x_wconf 85' lang='lat' dir='ltr'>Varue,</span> <span class='ocrx_word' id='word_1_89' title='bbox 1140 1978 1178 2022; x_wconf 83' lang='lat' dir='ltr'>er</span> <span class='ocrx_word' id='word_1_90' title='bbox 1201 1959 1325 2021; x_wconf 83' lang='lat' dir='ltr'>intimis</span> <span class='ocrx_word' id='word_1_91' title='bbox 1347 1956 1525 2020; x_wconf 77' lang='lat' dir='ltr'>Dolabellae</span> <span class='ocrx_word' id='word_1_92' title='bbox 1547 1960 1659 2021; x_wconf 81' lang='lat' dir='ltr'>amicis</span> <span class='ocrx_word' id='word_1_93' title='bbox 1684 1955 1836 2038; x_wconf 84' lang='lat' dir='ltr'>obiecit)l</span> 
     </span>
     <span class='ocr_line' id='line_1_13' title="bbox 646 2061 1838 2150; baseline -0.003 -19"><span class='ocrx_word' id='word_1_94' title='bbox 646 2063 739 2131; x_wconf 84' lang='lat' dir='ltr'>Certe</span> <span class='ocrx_word' id='word_1_95' title='bbox 759 2085 820 2128; x_wconf 93' lang='lat' dir='ltr'>non</span> <span class='ocrx_word' id='word_1_96' title='bbox 844 2063 920 2128; x_wconf 90' lang='lat' dir='ltr'>fecit</span> <span class='ocrx_word' id='word_1_97' title='bbox 939 2061 1083 2140; x_wconf 79' lang='lat' dir='ltr'>Tacitus,</span> <span class='ocrx_word' id='word_1_98' title='bbox 1109 2062 1180 2139; x_wconf 85' lang='lat' dir='ltr'>sed,</span> <span class='ocrx_word' id='word_1_99' title='bbox 1205 2063 1287 2148; x_wconf 93' lang='lat' dir='ltr'>quod</span> <span class='ocrx_word' id='word_1_100' title='bbox 1312 2062 1469 2150; x_wconf 80' lang='lat' dir='ltr'>elegantia</span> <span class='ocrx_word' id='word_1_101' title='bbox 1493 2070 1540 2127; x_wconf 86' lang='lat' dir='ltr'>eet</span> <span class='ocrx_word' id='word_1_102' title='bbox 1563 2065 1748 2147; x_wconf 80' lang='lat' dir='ltr'>scriptoria,</span> <span class='ocrx_word' id='word_1_103' title='bbox 1774 2072 1838 2128; x_wconf 79' lang='lat' dir='ltr'>tan</span> 
     </span>
     <span class='ocr_line' id='line_1_14' title="bbox 644 2168 1837 2254; baseline -0.001 -18"><span class='ocrx_word' id='word_1_104' title='bbox 644 2169 813 2236; x_wconf 89' lang='lat' dir='ltr'>tummodo</span> <span class='ocrx_word' id='word_1_105' title='bbox 833 2192 869 2232; x_wconf 79' lang='lat' dir='ltr'>ea</span> <span class='ocrx_word' id='word_1_106' title='bbox 887 2169 1003 2232; x_wconf 80' lang='lat' dir='ltr'>intlmia</span> <span class='ocrx_word' id='word_1_107' title='bbox 1022 2170 1126 2232; x_wconf 74' lang='lat' dir='ltr'>amicir</span> <span class='ocrx_word' id='word_1_108' title='bbox 1145 2172 1288 2254; x_wconf 80' lang='lat' dir='ltr'>scripsit,</span> <span class='ocrx_word' id='word_1_109' title='bbox 1309 2172 1445 2234; x_wconf 91' lang='lat' dir='ltr'>minime</span> <span class='ocrx_word' id='word_1_110' title='bbox 1464 2168 1612 2234; x_wconf 87' lang='lat' dir='ltr'>dnbitane</span> <span class='ocrx_word' id='word_1_111' title='bbox 1633 2172 1711 2254; x_wconf 92' lang='lat' dir='ltr'>quin</span> <span class='ocrx_word' id='word_1_112' title='bbox 1725 2173 1837 2235; x_wconf 81' lang='lat' dir='ltr'>statim</span> 
     </span>
     <span class='ocr_line' id='line_1_15' title="bbox 645 2275 1838 2363; baseline 0.001 -22"><span class='ocrx_word' id='word_1_113' title='bbox 645 2280 779 2363; x_wconf 86' lang='lat' dir='ltr'>quiaque</span> <span class='ocrx_word' id='word_1_114' title='bbox 813 2275 1037 2341; x_wconf 81' lang='lat' dir='ltr'>intellecturus</span> <span class='ocrx_word' id='word_1_115' title='bbox 1069 2281 1151 2341; x_wconf 85' lang='lat' dir='ltr'>caeet</span> <span class='ocrx_word' id='word_1_116' title='bbox 1181 2297 1198 2340; x_wconf 94' lang='lat' dir='ltr'>e</span> <span class='ocrx_word' id='word_1_117' title='bbox 1228 2275 1406 2339; x_wconf 84' lang='lat' dir='ltr'>Dolabellae</span> <span class='ocrx_word' id='word_1_118' title='bbox 1436 2277 1561 2339; x_wconf 81' lang='lat' dir='ltr'>intimis</span> <span class='ocrx_word' id='word_1_119' title='bbox 1592 2278 1705 2340; x_wconf 85' lang='lat' dir='ltr'>amicia</span> <span class='ocrx_word' id='word_1_120' title='bbox 1739 2277 1838 2342; x_wconf 85' lang='lat' dir='ltr'>fuiaae</span> 
     </span>
     <span class='ocr_line' id='line_1_16' title="bbox 647 2382 779 2448; baseline 0 -3"><span class='ocrx_word' id='word_1_121' title='bbox 647 2382 779 2448; x_wconf 86' lang='lat' dir='ltr'>Varum.</span> 
     </span>
    </p>

    <p class='ocr_par' dir='ltr' id='par_1_6' title="bbox 644 2487 1837 2790">
     <span class='ocr_line' id='line_1_17' title="bbox 691 2487 1834 2574; baseline 0.002 -21"><span class='ocrx_word' id='word_1_122' title='bbox 691 2488 732 2554; x_wconf 90' lang='lat' dir='ltr'>H.</span> <span class='ocrx_word' id='word_1_123' title='bbox 757 2487 798 2566; x_wconf 92' lang='lat' dir='ltr'>II,</span> <span class='ocrx_word' id='word_1_124' title='bbox 826 2487 883 2554; x_wconf 87' lang='lat'>78:</span> <span class='ocrx_word' id='word_1_125' title='bbox 917 2488 1155 2565; x_wconf 84' lang='lat' dir='ltr'>„Recureabant</span> <span class='ocrx_word' id='word_1_126' title='bbox 1185 2491 1293 2554; x_wconf 87' lang='lat' dir='ltr'>animo</span> <span class='ocrx_word' id='word_1_127' title='bbox 1323 2487 1534 2574; x_wconf 81' lang='lat' dir='ltr'>(Vespasiani)</span> <span class='ocrx_word' id='word_1_128' title='bbox 1566 2495 1675 2554; x_wconf 84' lang='lat' dir='ltr'>vetera</span> <span class='ocrx_word' id='word_1_129' title='bbox 1706 2493 1834 2557; x_wconf 90' lang='lat' dir='ltr'>omina:</span> 
     </span>
     <span class='ocr_line' id='line_1_18' title="bbox 646 2594 1837 2683; baseline 0.001 -22"><span class='ocrx_word' id='word_1_130' title='bbox 646 2617 815 2682; x_wconf 81' lang='lat' dir='ltr'>cupressus</span> <span class='ocrx_word' id='word_1_131' title='bbox 846 2595 965 2678; x_wconf 90' lang='lat' dir='ltr'>[arbor]</span> <span class='ocrx_word' id='word_1_132' title='bbox 995 2598 1027 2659; x_wconf 90' lang='lat' dir='ltr'>in</span> <span class='ocrx_word' id='word_1_133' title='bbox 1060 2597 1147 2681; x_wconf 82' lang='lat' dir='ltr'>agria</span> <span class='ocrx_word' id='word_1_134' title='bbox 1177 2597 1264 2671; x_wconf 87' lang='lat' dir='ltr'>ciue,</span> <span class='ocrx_word' id='word_1_135' title='bbox 1295 2597 1466 2679; x_wconf 80' lang='lat' dir='ltr'>conspicua</span> <span class='ocrx_word' id='word_1_136' title='bbox 1489 2594 1679 2672; x_wconf 90' lang='lat' dir='ltr'>altitudine,</span> <span class='ocrx_word' id='word_1_137' title='bbox 1703 2605 1837 2683; x_wconf 81' lang='lat' dir='ltr'>repente</span> 
     </span>
     <span class='ocr_line' id='line_1_19' title="bbox 644 2701 976 2790; baseline -0.009 -21"><span class='ocrx_word' id='word_1_138' title='bbox 644 2702 822 2790; x_wconf 82' lang='lat' dir='ltr'>prociderat</span> <span class='ocrx_word' id='word_1_139' title='bbox 845 2724 873 2767; x_wconf 94' lang='lat' dir='ltr'>e.</span> <span class='ocrx_word' id='word_1_140' title='bbox 886 2724 915 2787; x_wconf 92' lang='lat' dir='ltr'>q.</span> <span class='ocrx_word' id='word_1_141' title='bbox 929 2701 976 2766; x_wconf 88' lang='lat' dir='ltr'>e.&#39;’</span> 
     </span>
    </p>

    <p class='ocr_par' dir='ltr' id='par_1_7' title="bbox 642 2807 1836 3110">
     <span class='ocr_line' id='line_1_20' title="bbox 690 2807 1836 2893; baseline 0.002 -20"><span class='ocrx_word' id='word_1_142' title='bbox 690 2809 926 2874; x_wconf 87' lang='lat' dir='ltr'>Balbutientem</span> <span class='ocrx_word' id='word_1_143' title='bbox 951 2807 1040 2872; x_wconf 88' lang='lat' dir='ltr'>nobie</span> <span class='ocrx_word' id='word_1_144' title='bbox 1063 2807 1211 2872; x_wconf 81' lang='lat' dir='ltr'>&#39;l&#39;acitum</span> <span class='ocrx_word' id='word_1_145' title='bbox 1235 2808 1398 2884; x_wconf 82' lang='lat' dir='ltr'>exhibuit,</span> <span class='ocrx_word' id='word_1_146' title='bbox 1418 2810 1474 2893; x_wconf 93' lang='lat' dir='ltr'>qni</span> <span class='ocrx_word' id='word_1_147' title='bbox 1494 2810 1618 2892; x_wconf 81' lang='lat' dir='ltr'>primus</span> <span class='ocrx_word' id='word_1_148' title='bbox 1636 2808 1726 2873; x_wconf 86' lang='lat' dir='ltr'>ietud</span> <span class='ocrx_word' id='word_1_149' title='bbox 1750 2812 1836 2875; x_wconf 82' lang='lat' dir='ltr'>arbor</span> 
     </span>
     <span class='ocr_line' id='line_1_21' title="bbox 642 2912 1830 3001; baseline 0.002 -20"><span class='ocrx_word' id='word_1_150' title='bbox 642 2915 747 2981; x_wconf 79' lang='lat' dir='ltr'>uerbis</span> <span class='ocrx_word' id='word_1_151' title='bbox 778 2917 847 2981; x_wconf 89' lang='lat' dir='ltr'>eiua</span> <span class='ocrx_word' id='word_1_152' title='bbox 876 2913 1000 2980; x_wconf 90' lang='lat' dir='ltr'>adiecit.</span> <span class='ocrx_word' id='word_1_153' title='bbox 1034 2912 1096 2979; x_wconf 90' lang='lat' dir='ltr'>Hic</span> <span class='ocrx_word' id='word_1_154' title='bbox 1126 2935 1252 3001; x_wconf 91' lang='lat' dir='ltr'>quoque</span> <span class='ocrx_word' id='word_1_155' title='bbox 1284 2918 1406 3000; x_wconf 83' lang='lat' dir='ltr'>primus</span> <span class='ocrx_word' id='word_1_156' title='bbox 1436 2914 1624 2981; x_wconf 79' lang='lat' dir='ltr'>mortalium</span> <span class='ocrx_word' id='word_1_157' title='bbox 1657 2920 1830 2985; x_wconf 86' lang='lat' dir='ltr'>veritatem</span> 
     </span>
     <span class='ocr_line' id='line_1_22' title="bbox 646 3020 1118 3110; baseline -0.004 -23"><span class='ocrx_word' id='word_1_158' title='bbox 646 3025 779 3110; x_wconf 80' lang='lat' dir='ltr'>agnovit</span> <span class='ocrx_word' id='word_1_159' title='bbox 801 3020 992 3107; x_wconf 86' lang='lat' dir='ltr'>Leopoldiue</span> <span class='ocrx_word' id='word_1_160' title='bbox 1015 3042 1118 3086; x_wconf 85' lang='lat' dir='ltr'>meus.</span> 
     </span>
    </p>

    <p class='ocr_par' dir='ltr' id='par_1_8' title="bbox 640 3127 1836 3407">
     <span class='ocr_line' id='line_1_23' title="bbox 690 3127 1836 3214; baseline 0.005 -23"><span class='ocrx_word' id='word_1_161' title='bbox 690 3128 732 3192; x_wconf 90' lang='lat' dir='ltr'>H.</span> <span class='ocrx_word' id='word_1_162' title='bbox 764 3127 805 3205; x_wconf 90' lang='lat' dir='ltr'>II,</span> <span class='ocrx_word' id='word_1_163' title='bbox 832 3127 884 3193; x_wconf 85' lang='lat'>95.</span> <span class='ocrx_word' id='word_1_164' title='bbox 917 3127 961 3193; x_wconf 90' lang='lat' dir='ltr'>Ut</span> <span class='ocrx_word' id='word_1_165' title='bbox 992 3128 1151 3214; x_wconf 79' lang='lat' dir='ltr'>significet</span> <span class='ocrx_word' id='word_1_166' title='bbox 1181 3148 1279 3213; x_wconf 89' lang='lat' dir='ltr'>quam</span> <span class='ocrx_word' id='word_1_167' title='bbox 1310 3135 1436 3193; x_wconf 90' lang='lat' dir='ltr'>mature</span> <span class='ocrx_word' id='word_1_168' title='bbox 1460 3149 1581 3193; x_wconf 81' lang='lat' dir='ltr'>nouum</span> <span class='ocrx_word' id='word_1_169' title='bbox 1604 3127 1687 3193; x_wconf 90' lang='lat' dir='ltr'>illud</span> <span class='ocrx_word' id='word_1_170' title='bbox 1710 3128 1836 3197; x_wconf 86' lang='lat' dir='ltr'>Vitellii</span> 
     </span>
     <span class='ocr_line' id='line_1_24' title="bbox 640 3236 1836 3320; baseline 0.002 -20"><span class='ocrx_word' id='word_1_171' title='bbox 640 3238 814 3320; x_wconf 91' lang='lat' dir='ltr'>imperium</span> <span class='ocrx_word' id='word_1_172' title='bbox 848 3237 955 3300; x_wconf 90' lang='lat' dir='ltr'>omnia</span> <span class='ocrx_word' id='word_1_173' title='bbox 986 3237 1129 3320; x_wconf 86' lang='lat' dir='ltr'>priorum</span> <span class='ocrx_word' id='word_1_174' title='bbox 1162 3256 1337 3319; x_wconf 79' lang='lat' dir='ltr'>regnorum</span> <span class='ocrx_word' id='word_1_175' title='bbox 1367 3238 1448 3300; x_wconf 82' lang='lat' dir='ltr'>vitia</span> <span class='ocrx_word' id='word_1_176' title='bbox 1480 3237 1692 3313; x_wconf 78' lang='lat' dir='ltr'>contraxerit,</span> <span class='ocrx_word' id='word_1_177' title='bbox 1715 3246 1751 3301; x_wconf 90' lang='lat' dir='ltr'>et</span> <span class='ocrx_word' id='word_1_178' title='bbox 1775 3236 1836 3302; x_wconf 83' lang='lat' dir='ltr'>alia</span> 
     </span>
     <span class='ocr_line' id='line_1_25' title="bbox 642 3341 1609 3407; baseline -0.002 -1"><span class='ocrx_word' id='word_1_179' title='bbox 642 3342 741 3407; x_wconf 85' lang='lat' dir='ltr'>tradit</span> <span class='ocrx_word' id='word_1_180' title='bbox 764 3341 894 3407; x_wconf 82' lang='lat' dir='ltr'>&#39;Facitne</span> <span class='ocrx_word' id='word_1_181' title='bbox 919 3348 951 3406; x_wconf 90' lang='lat' dir='ltr'>et</span> <span class='ocrx_word' id='word_1_182' title='bbox 974 3341 1033 3406; x_wconf 91' lang='lat' dir='ltr'>hoc</span> <span class='ocrx_word' id='word_1_183' title='bbox 1057 3344 1241 3406; x_wconf 79' lang='lat' dir='ltr'>acutissima</span> <span class='ocrx_word' id='word_1_184' title='bbox 1265 3344 1412 3405; x_wconf 87' lang='lat' dir='ltr'>enuntiat</span> <span class='ocrx_word' id='word_1_185' title='bbox 1434 3341 1609 3406; x_wconf 83' lang='lat' dir='ltr'>brevitate:</span> 
     </span>
    </p>

    <p class='ocr_par' dir='ltr' id='par_1_9' title="bbox 641 3446 1834 3638">
     <span class='ocr_line' id='line_1_26' title="bbox 688 3446 1834 3533; baseline 0.002 -22"><span class='ocrx_word' id='word_1_186' title='bbox 688 3446 860 3526; x_wconf 89' lang='lat' dir='ltr'>„Nondum</span> <span class='ocrx_word' id='word_1_187' title='bbox 893 3454 1025 3533; x_wconf 80' lang='lat' dir='ltr'>quartus</span> <span class='ocrx_word' id='word_1_188' title='bbox 1056 3468 1074 3512; x_wconf 92' lang='lat' dir='ltr'>a</span> <span class='ocrx_word' id='word_1_189' title='bbox 1105 3449 1242 3512; x_wconf 82' lang='lat' dir='ltr'>victoria</span> <span class='ocrx_word' id='word_1_190' title='bbox 1272 3450 1392 3511; x_wconf 87' lang='lat' dir='ltr'>menaie</span> <span class='ocrx_word' id='word_1_191' title='bbox 1422 3458 1455 3512; x_wconf 90' lang='lat' dir='ltr'>et</span> <span class='ocrx_word' id='word_1_192' title='bbox 1485 3447 1638 3510; x_wconf 72' lang='lat' dir='ltr'>Asiaticus</span> <span class='ocrx_word' id='word_1_193' title='bbox 1669 3447 1834 3532; x_wconf 73' lang='lat' dir='ltr'>Polyclitea</span> 
     </span>
     <span class='ocr_line' id='line_1_27' title="bbox 641 3552 1526 3638; baseline 0 -21"><span class='ocrx_word' id='word_1_194' title='bbox 641 3554 800 3617; x_wconf 73' lang='lat' dir='ltr'>Patrobios</span> <span class='ocrx_word' id='word_1_195' title='bbox 823 3567 856 3618; x_wconf 87' lang='lat' dir='ltr'>et</span> <span class='ocrx_word' id='word_1_196' title='bbox 879 3559 989 3618; x_wconf 86' lang='lat' dir='ltr'>vetera</span> <span class='ocrx_word' id='word_1_197' title='bbox 1012 3552 1160 3618; x_wconf 89' lang='lat' dir='ltr'>odiorum</span> <span class='ocrx_word' id='word_1_198' title='bbox 1185 3556 1315 3618; x_wconf 91' lang='lat' dir='ltr'>uomina</span> <span class='ocrx_word' id='word_1_199' title='bbox 1337 3552 1526 3638; x_wconf 90' lang='lat' dir='ltr'>aequabat.&#39;&#39;</span> 
     </span>
    </p>

    <p class='ocr_par' dir='ltr' id='par_1_10' title="bbox 576 3658 1833 4064">
     <span class='ocr_line' id='line_1_28' title="bbox 688 3658 1833 3744; baseline 0.001 -21"><span class='ocrx_word' id='word_1_200' title='bbox 688 3660 771 3724; x_wconf 90' lang='lat' dir='ltr'>Bene</span> <span class='ocrx_word' id='word_1_201' title='bbox 807 3660 972 3724; x_wconf 80' lang='lat' dir='ltr'>nobiscum</span> <span class='ocrx_word' id='word_1_202' title='bbox 1007 3666 1116 3723; x_wconf 90' lang='lat' dir='ltr'>actum</span> <span class='ocrx_word' id='word_1_203' title='bbox 1152 3659 1310 3724; x_wconf 82' lang='lat' dir='ltr'>fateamur</span> <span class='ocrx_word' id='word_1_204' title='bbox 1345 3660 1428 3744; x_wconf 93' lang='lat' dir='ltr'>quod</span> <span class='ocrx_word' id='word_1_205' title='bbox 1464 3680 1526 3723; x_wconf 94' lang='lat' dir='ltr'>non</span> <span class='ocrx_word' id='word_1_206' title='bbox 1560 3661 1592 3722; x_wconf 87' lang='lat' dir='ltr'>in</span> <span class='ocrx_word' id='word_1_207' title='bbox 1627 3658 1737 3725; x_wconf 87' lang='lat' dir='ltr'>codice</span> <span class='ocrx_word' id='word_1_208' title='bbox 1775 3664 1833 3726; x_wconf 86' lang='lat' dir='ltr'>eit:</span> 
     </span>
     <span class='ocr_line' id='line_1_29' title="bbox 641 3763 1833 3850; baseline 0.001 -21"><span class='ocrx_word' id='word_1_209' title='bbox 641 3766 789 3843; x_wconf 77' lang='lat' dir='ltr'>„Vitellii</span> <span class='ocrx_word' id='word_1_210' title='bbox 810 3766 933 3829; x_wconf 80' lang='lat' dir='ltr'>libertae</span> <span class='ocrx_word' id='word_1_211' title='bbox 953 3765 1112 3830; x_wconf 80' lang='lat' dir='ltr'>Asiaticus</span> <span class='ocrx_word' id='word_1_212' title='bbox 1133 3763 1310 3850; x_wconf 79' lang='lat' dir='ltr'>Polyclitos</span> <span class='ocrx_word' id='word_1_213' title='bbox 1329 3765 1511 3841; x_wconf 90' lang='lat' dir='ltr'>Patrobios,</span> <span class='ocrx_word' id='word_1_214' title='bbox 1532 3764 1665 3827; x_wconf 80' lang='lat' dir='ltr'>Neronia</span> <span class='ocrx_word' id='word_1_215' title='bbox 1677 3765 1833 3833; x_wconf 75' lang='lat' dir='ltr'>liberloe.”</span> 
     </span>
     <span class='ocr_line' id='line_1_30' title="bbox 641 3870 1833 3958; baseline 0.001 -20"><span class='ocrx_word' id='word_1_216' title='bbox 641 3872 724 3938; x_wconf 89' lang='lat' dir='ltr'>Nam</span> <span class='ocrx_word' id='word_1_217' title='bbox 756 3893 838 3937; x_wconf 90' lang='lat' dir='ltr'>nunc</span> <span class='ocrx_word' id='word_1_218' title='bbox 869 3871 953 3958; x_wconf 92' lang='lat' dir='ltr'>qnod</span> <span class='ocrx_word' id='word_1_219' title='bbox 985 3870 1089 3937; x_wconf 81' lang='lat' dir='ltr'>solum</span> <span class='ocrx_word' id='word_1_220' title='bbox 1120 3875 1285 3937; x_wconf 87' lang='lat' dir='ltr'>annotavit</span> <span class='ocrx_word' id='word_1_221' title='bbox 1315 3870 1450 3936; x_wconf 82' lang='lat' dir='ltr'>sciolus:</span> <span class='ocrx_word' id='word_1_222' title='bbox 1482 3871 1602 3934; x_wconf 74' lang='lat' dir='ltr'>Vitellii</span> <span class='ocrx_word' id='word_1_223' title='bbox 1625 3871 1764 3950; x_wconf 77' lang='lat' dir='ltr'>libertae,</span> <span class='ocrx_word' id='word_1_224' title='bbox 1795 3872 1833 3939; x_wconf 93' lang='lat' dir='ltr'>ad</span> 
     </span>
     <span class='ocr_line' id='line_1_31' title="bbox 576 3977 1832 4064; baseline -0.002 -17"><span class='ocrx_word' id='word_1_225' title='bbox 576 4041 579 4047; x_wconf 91' lang='grc'><em>,</em></span> <span class='ocrx_word' id='word_1_226' title='bbox 640 3980 725 4044; x_wconf 84' lang='lat' dir='ltr'>liunc</span> <span class='ocrx_word' id='word_1_227' title='bbox 750 4000 848 4064; x_wconf 82' lang='lat' dir='ltr'>usqne</span> <span class='ocrx_word' id='word_1_228' title='bbox 872 3978 957 4043; x_wconf 88' lang='lat' dir='ltr'>diem</span> <span class='ocrx_word' id='word_1_229' title='bbox 981 3999 1109 4054; x_wconf 85' lang='lat' dir='ltr'>omnes,</span> <span class='ocrx_word' id='word_1_230' title='bbox 1135 3985 1293 4064; x_wconf 91' lang='lat' dir='ltr'>quotquot</span> <span class='ocrx_word' id='word_1_231' title='bbox 1316 3985 1406 4054; x_wconf 88' lang='lat' dir='ltr'>eunt,</span> <span class='ocrx_word' id='word_1_232' title='bbox 1431 3977 1586 4042; x_wconf 86' lang='lat' dir='ltr'>editiones</span> <span class='ocrx_word' id='word_1_233' title='bbox 1604 3978 1832 4045; x_wconf 85' lang='lat' dir='ltr'>commaculat.</span> 
     </span>
    </p>

    <p class='ocr_par' dir='ltr' id='par_1_11' title="bbox 642 4080 1832 4278">
     <span class='ocr_line' id='line_1_32' title="bbox 687 4080 1832 4168; baseline 0.001 -19"><span class='ocrx_word' id='word_1_234' title='bbox 687 4085 730 4149; x_wconf 89' lang='lat' dir='ltr'>H.</span> <span class='ocrx_word' id='word_1_235' title='bbox 752 4084 808 4161; x_wconf 90' lang='lat' dir='ltr'>Ill,</span> <span class='ocrx_word' id='word_1_236' title='bbox 832 4084 885 4149; x_wconf 79' lang='lat'>24.</span> <span class='ocrx_word' id='word_1_237' title='bbox 909 4083 947 4148; x_wconf 93' lang='lat' dir='ltr'>In</span> <span class='ocrx_word' id='word_1_238' title='bbox 971 4087 1151 4149; x_wconf 85' lang='lat' dir='ltr'>narratione</span> <span class='ocrx_word' id='word_1_239' title='bbox 1175 4084 1213 4149; x_wconf 89' lang='lat' dir='ltr'>de</span> <span class='ocrx_word' id='word_1_240' title='bbox 1237 4082 1357 4168; x_wconf 88' lang='lat' dir='ltr'>proelio</span> <span class='ocrx_word' id='word_1_241' title='bbox 1380 4083 1419 4148; x_wconf 94' lang='lat' dir='ltr'>ad</span> <span class='ocrx_word' id='word_1_242' title='bbox 1444 4080 1635 4149; x_wconf 78' lang='lat' dir='ltr'>Cremonam</span> <span class='ocrx_word' id='word_1_243' title='bbox 1659 4088 1832 4150; x_wconf 79' lang='lat' dir='ltr'>commisso</span> 
     </span>
     <span class='ocr_line' id='line_1_33' title="bbox 642 4189 1107 4278; baseline -0.006 -22"><span class='ocrx_word' id='word_1_244' title='bbox 642 4199 673 4256; x_wconf 90' lang='lat' dir='ltr'>et</span> <span class='ocrx_word' id='word_1_245' title='bbox 698 4190 761 4256; x_wconf 92' lang='lat' dir='ltr'>alia</span> <span class='ocrx_word' id='word_1_246' title='bbox 784 4189 937 4278; x_wconf 82' lang='lat' dir='ltr'>leguntur</span> <span class='ocrx_word' id='word_1_247' title='bbox 959 4197 992 4255; x_wconf 89' lang='lat' dir='ltr'>et</span> <span class='ocrx_word' id='word_1_248' title='bbox 1014 4190 1107 4255; x_wconf 91' lang='lat' dir='ltr'>haec:</span> 
     </span>
    </p>

    <p class='ocr_par' dir='ltr' id='par_1_12' title="bbox 640 4295 1833 4786">
     <span class='ocr_line' id='line_1_34' title="bbox 689 4295 1833 4386; baseline 0.001 -24"><span class='ocrx_word' id='word_1_249' title='bbox 689 4297 831 4373; x_wconf 89' lang='lat' dir='ltr'>„Neutro</span> <span class='ocrx_word' id='word_1_250' title='bbox 854 4295 1062 4361; x_wconf 82' lang='lat' dir='ltr'>inclinaverat</span> <span class='ocrx_word' id='word_1_251' title='bbox 1086 4296 1214 4361; x_wconf 87' lang='lat' dir='ltr'>fortuna</span> <span class='ocrx_word' id='word_1_252' title='bbox 1237 4295 1334 4361; x_wconf 91' lang='lat' dir='ltr'>donec</span> <span class='ocrx_word' id='word_1_253' title='bbox 1358 4295 1468 4361; x_wconf 89' lang='lat' dir='ltr'>adulta</span> <span class='ocrx_word' id='word_1_254' title='bbox 1489 4305 1581 4361; x_wconf 89' lang='lat' dir='ltr'>nocte</span> <span class='ocrx_word' id='word_1_255' title='bbox 1601 4295 1678 4361; x_wconf 91' lang='lat' dir='ltr'>luna</span> <span class='ocrx_word' id='word_1_256' title='bbox 1696 4318 1833 4386; x_wconf 78' lang='lat' dir='ltr'>surgens</span> 
     </span>
     <span class='ocr_line' id='line_1_35' title="bbox 641 4400 1832 4488; baseline -0.001 -19"><span class='ocrx_word' id='word_1_257' title='bbox 641 4402 818 4469; x_wconf 84' lang='lat' dir='ltr'>ostenderet</span> <span class='ocrx_word' id='word_1_258' title='bbox 840 4403 936 4467; x_wconf 83' lang='lat' dir='ltr'>saciea</span> <span class='ocrx_word' id='word_1_259' title='bbox 958 4400 1162 4486; x_wconf 86' lang='lat' dir='ltr'>falleretqne,</span> <span class='ocrx_word' id='word_1_260' title='bbox 1186 4402 1239 4466; x_wconf 87' lang='lat' dir='ltr'>aed</span> <span class='ocrx_word' id='word_1_261' title='bbox 1259 4400 1422 4467; x_wconf 80' lang='lat' dir='ltr'>Flavianis</span> <span class='ocrx_word' id='word_1_262' title='bbox 1441 4404 1569 4485; x_wconf 89' lang='lat' dir='ltr'>aequior</span> <span class='ocrx_word' id='word_1_263' title='bbox 1588 4422 1606 4465; x_wconf 90' lang='lat' dir='ltr'>a</span> <span class='ocrx_word' id='word_1_264' title='bbox 1627 4410 1736 4488; x_wconf 80' lang='lat' dir='ltr'>tergo;</span> <span class='ocrx_word' id='word_1_265' title='bbox 1760 4403 1832 4468; x_wconf 92' lang='lat' dir='ltr'>hinc</span> 
     </span>
     <span class='ocr_line' id='line_1_36' title="bbox 641 4504 1831 4593; baseline 0.001 -19"><span class='ocrx_word' id='word_1_266' title='bbox 641 4512 776 4574; x_wconf 82' lang='lat' dir='ltr'>maiores</span> <span class='ocrx_word' id='word_1_267' title='bbox 795 4529 948 4592; x_wconf 93' lang='lat' dir='ltr'>equorum</span> <span class='ocrx_word' id='word_1_268' title='bbox 969 4510 1176 4593; x_wconf 81' lang='lat' dir='ltr'>virorumque</span> <span class='ocrx_word' id='word_1_269' title='bbox 1196 4508 1344 4583; x_wconf 88' lang='lat' dir='ltr'>umbrae,</span> <span class='ocrx_word' id='word_1_270' title='bbox 1366 4514 1397 4572; x_wconf 92' lang='lat' dir='ltr'>et</span> <span class='ocrx_word' id='word_1_271' title='bbox 1417 4506 1495 4572; x_wconf 75' lang='lat' dir='ltr'>baleo</span> <span class='ocrx_word' id='word_1_272' title='bbox 1514 4509 1582 4571; x_wconf 86' lang='lat' dir='ltr'>ictu</span> <span class='ocrx_word' id='word_1_273' title='bbox 1602 4504 1666 4571; x_wconf 90' lang='lat' dir='ltr'>tela</span> <span class='ocrx_word' id='word_1_274' title='bbox 1685 4507 1831 4574; x_wconf 82' lang='lat' dir='ltr'>hostium</span> 
     </span>
     <span class='ocr_line' id='line_1_37' title="bbox 640 4610 1831 4680; baseline -0.001 -1"><span class='ocrx_word' id='word_1_275' title='bbox 640 4617 719 4680; x_wconf 88' lang='lat' dir='ltr'>citra</span> <span class='ocrx_word' id='word_1_276' title='bbox 749 4614 918 4679; x_wconf 89' lang='lat' dir='ltr'>cadebant:</span> <span class='ocrx_word' id='word_1_277' title='bbox 951 4610 1114 4677; x_wconf 88' lang='lat' dir='ltr'>Vitelliani</span> <span class='ocrx_word' id='word_1_278' title='bbox 1147 4614 1278 4678; x_wconf 87' lang='lat' dir='ltr'>adverso</span> <span class='ocrx_word' id='word_1_279' title='bbox 1302 4611 1427 4678; x_wconf 89' lang='lat' dir='ltr'>lumine</span> <span class='ocrx_word' id='word_1_280' title='bbox 1450 4612 1651 4678; x_wconf 76' lang='lat' dir='ltr'>conlucentes</span> <span class='ocrx_word' id='word_1_281' title='bbox 1674 4613 1772 4680; x_wconf 81' lang='lat' dir='ltr'>velut</span> <span class='ocrx_word' id='word_1_282' title='bbox 1794 4636 1831 4680; x_wconf 84' lang='lat' dir='ltr'>ex</span> 
     </span>
     <span class='ocr_line' id='line_1_38' title="bbox 641 4718 1409 4786; baseline -0.003 -1"><span class='ocrx_word' id='word_1_283' title='bbox 641 4719 765 4786; x_wconf 90' lang='lat' dir='ltr'>occulto</span> <span class='ocrx_word' id='word_1_284' title='bbox 788 4718 1001 4784; x_wconf 84' lang='lat' dir='ltr'>iaculantibus</span> <span class='ocrx_word' id='word_1_285' title='bbox 1024 4721 1145 4784; x_wconf 90' lang='lat' dir='ltr'>incauti</span> <span class='ocrx_word' id='word_1_286' title='bbox 1168 4719 1409 4783; x_wconf 84' lang='lat' dir='ltr'>offerebantur.”</span> 
     </span>
    </p>

    <p class='ocr_par' dir='ltr' id='par_1_13' title="bbox 686 4825 1831 4910">
     <span class='ocr_line' id='line_1_39' title="bbox 686 4825 1831 4910; baseline 0.002 -20"><span class='ocrx_word' id='word_1_287' title='bbox 686 4826 812 4901; x_wconf 90' lang='lat' dir='ltr'>Nonne,</span> <span class='ocrx_word' id='word_1_288' title='bbox 844 4846 918 4890; x_wconf 91' lang='lat' dir='ltr'>cum</span> <span class='ocrx_word' id='word_1_289' title='bbox 949 4827 1056 4890; x_wconf 87' lang='lat' dir='ltr'>omnia</span> <span class='ocrx_word' id='word_1_290' title='bbox 1086 4825 1138 4889; x_wconf 91' lang='lat' dir='ltr'>hic</span> <span class='ocrx_word' id='word_1_291' title='bbox 1169 4828 1234 4889; x_wconf 89' lang='lat' dir='ltr'>eint</span> <span class='ocrx_word' id='word_1_292' title='bbox 1264 4827 1554 4910; x_wconf 78' lang='lat' dir='ltr'>praestantissima,</span> <span class='ocrx_word' id='word_1_293' title='bbox 1586 4833 1693 4890; x_wconf 91' lang='lat' dir='ltr'>tamen</span> <span class='ocrx_word' id='word_1_294' title='bbox 1716 4830 1831 4892; x_wconf 78' lang='lat' dir='ltr'>ceteris</span> 
     </span>
    </p>
   </div>
   <div class='ocr_carea' id='block_1_3' title="bbox 0 0 2268 5947">
    <p class='ocr_par' dir='ltr' id='par_1_14' title="bbox 0 0 2268 5947">
     <span class='ocr_line' id='line_1_40' title="bbox 0 0 2268 5947; baseline 0 0"><span class='ocrx_word' id='word_1_295' title='bbox 0 0 2268 5947; x_wconf 95' lang='lat' dir='ltr'> </span> 
     </span>
    </p>
   </div>
  </div>
 </body>
</html>
