4525 5950
961 688 1118 737 6611116.
1573 670 1638 735 311

492 852 533 916 91
568 852 685 918 Donati
713 853 876 918 adnotatio
901 853 939 918 16
963 873 1081 930 „unam
1105 851 1401 918 6161666661616111”
1425 853 1458 916 16
1482 852 1531 932 (1)
1557 853 1640 918 1616-

437 965 534 1023 16161
563 959 667 1024 16666
700 979 715 1023 6
741 962 898 1045 magistro
921 961 954 1023 in
979 958 1044 1039 (3):
1068 957 1127 1023 Vel
1151 957 1294 1035 „unam”
1318 978 1375 1043 pro
1398 957 1569 1042 quandam.

437 1063 552 1129 Schol.
577 1063 625 1144 (3)
649 1085 746 1150 supra
769 1086 800 1150 p.
826 1063 892 1129 289
917 1065 958 1144 τῷ
983 1065 1012 1128 Α
1035 1064 1214 1149 adsignari.
1239 1060 1291 1144 ((1)

494 1229 558 1295 109
589 1230 712 1295 Reiecit
736 1233 826 1297 sein
850 1251 926 1297 eum
948 1230 1026 1296 flens
1049 1251 1147 1316 quam
1170 1227 1391 1296 familiariter!

492 1337 559 1422 (1):
584 1338 731 1402 Obicitur
754 1340 784 1404 61
808 1336 1005 1424 (Pamphilo)
1029 1337 1112 1423 quod
1137 1359 1155 1402 6
1178 1335 1329 1425 Glycerio
1352 1337 1561 1414 factumest,
1582 1343 1636 1401 ut:

441 1446 577 1528 „ecquis
608 1465 765 1528 umquam
797 1449 865 1508 tem
895 1443 1003 1531 palam
1035 1443 1072 1509 de
1103 1444 1233 1521 honore,
1266 1450 1333 1508 tem
1363 1443 1570 1510 vehementer
1599 1444 1638 1509 de

438 1548 549 1614 661616
584 1570 642 1613 666
672 1549 853 1627 contendit,
886 1571 983 1634 quam
1014 1548 1071 1614 ille
1103 1555 1199 1634 atque
1230 1548 1320 1614 111166
1350 1551 1465 1628 616161,
1498 1571 1537 1616 66
1561 1551 1638 1616 haec

438 1656 526 1720 mihi
550 1655 666 1721 1616116
690 1656 806 1723 16161”
831 1654 912 1737 (Cic.
936 1656 1002 1722 111.
1026 1659 1060 1720 16
1084 1654 1175 1723 (laec.
1201 1656 1269 1736 22).

489 1762 700 1846 Nequaquam
731 1762 790 1827 hoc
820 1761 992 1847 Pamphilo
1024 1763 1216 1827 obicitur
1239 1783 1257 1827 6
1280 1768 1388 1846 patre,
1413 1762 1547 1847 etquid
1572 1763 1638 1828 huc

439 1868 520 1932 facit
539 1867 724 1953 exemplum
737 1866 913 1946 Ciceronis,
927 1870 989 1933 11161
1000 1874 1038 1933 61
1049 1870 1201 1954 magistri
1212 1867 1389 1933 doctrinam
1403 1866 1561 1934 ostentet?
1584 1867 1638 1948 ((l)

492 2050 555 2114 115
588 2050 668 2116 Don.
701 2050 767 2131 (2):
800 2049 921 2128 „tulit”
952 2071 1009 2135 pro
1040 2049 1163 2116 attulit.
1222 2049 1311 2134 Mag.
1343 2048 1409 2129 (3):
1442 2049 1504 2114 Sed
1533 2049 1638 2116 1116116

440 2155 620 2242 significat,
646 2161 678 2222 et
701 2154 781 2222 alias
805 2154 1006 2241 pertulit,
1031 2159 1068 2219 ut
1091 2155 1164 2220 ille:
1190 2177 1276 2233 „non
1302 2154 1379 2219 tulit
1398 2155 1480 2219 banc
1498 2158 1637 2240 speciem

440 2263 563 2327 1611616
593 2268 700 2327 616616
731 2259 935 2327 0616611661”
967 2262 1060 2340 (Aen.
1085 2260 1116 2325 II
1141 2261 1231 2341 407),
1262 2260 1341 2325 elias
1372 2259 1574 2337 sustulit,
1600 2267 1638 2326 ut

440 2369 548 2434 idem:
575 2371 704 2446 „omnia
728 2367 917 2434 161166166”
942 2365 1023 2446 quel.
1045 2366 1076 2431 9.
1091 2366 1148 2446 51)
1199 2366 1356 2444 Doctum,
1376 2366 1431 2431 661
1451 2387 1637 2451 supervaca-

440 2496 541 2540 neum
564 2481 596 2539 et
618 2476 652 2537 in
675 2481 836 2559 postremo
859 2472 1005 2556 exemplo
1029 2474 1201 2551 vitiosum,
1231 2472 1316 2537 6616
1339 2470 1422 2537 61166
1445 2473 1548 2537 16666
1572 2493 1637 2538 ma·

439 2583 544 2666 gister
566 2581 750 2644 subiunxit:
770 2602 830 2662 pro
854 2578 1016 2663 „aoso-W,
1041 2599 1121 2664 quae
1145 2580 1242 2644 verba
1265 2581 1392 2644 notavit
1414 2581 1481 2643 iam
1501 2579 1551 2644 W.
1582 2578 1636 2660 (O)

490 2746 554 2812 129
584 2747 651 2828 (1):
682 2746 766 2812 Nota
796 2748 1002 2832 participium
1032 2766 1050 2810 6
1081 2748 1209 2831 passivo
1242 2745 1577 2823 „animadvertenda”,
1601 2746 1635 2810 id

439 2860 508 2918 est:
534 2853 719 2938 castiganda
742 2872 778 2917 66
803 2852 993 2918 vindicanda
1015 2857 1073 2917 661.

488 2957 567 3024 Vide
598 2979 679 3044 quae
709 2956 747 3023 16
776 2959 836 3024 hoc
859 2957 979 3024 scholio
1001 2959 1113 3043 scripsi
1137 2978 1233 3043 snpra
1256 2980 1287 3044 p.
1312 2955 1390 3022 295.
1414 2956 1565 3023 Dandum
1590 2959 1635 3022 11-

436 3066 535 3131 16161
565 3067 722 3151 magistro
753 3063 792 3129 D.
837 3064 928 3130 idem
956 3063 1042 3129 16161
1066 3064 1105 3130 16
1129 3063 1249 3129 scholio
1274 3063 1289 3128 l
1313 3063 1402 3128 210
1422 3068 1481 3145 (4),
1507 3064 1632 3151 dequo

435 3171 514 3238 1116
538 3192 635 3257 supra
658 3192 690 3255 p.
715 3169 793 3235 296.
819 3170 875 3251 (D)

485 3337 499 3401 Ι
527 3336 593 3402 28
630 3339 696 3414 „At
726 3358 812 3402 nunc
842 3337 958 3402 saciet”
991 3337 1057 3419 (1):
1088 3338 1122 3403 id
1146 3342 1194 3403 est
1218 3340 1383 3418 irascetur,
1408 3338 1630 3416 denuntiabit,

433 3446 598 3529 loquetur.
652 3443 783 3508 Rectius
807 3442 887 3508 Don.
911 3443 974 3524 (2):
999 3444 1256 3510 subaudiendum
1282 3445 1472 3521 „verbum'’.
1508 3444 1564 3525 (D)

486 3610 528 3676 18
565 3602 679 3690 „Nunc
710 3611 762 3676 hic
794 3610 861 3676 dies
891 3610 990 3677 aliam
1020 3614 1122 3677 vitam
1154 3612 1282 3678 affert'’:
1314 3612 1373 3677 hoc
1404 3617 1452 3677 est
1482 3620 1567 3678 66116
1599 3619 1632 3679 61

434 3739 547 3784 661616
571 3722 603 3784 61
625 3716 868 3783 inexorabiliter
889 3718 1067 3784 denuntiat.
1114 3718 1275 3783 Audimus
1298 3719 1445 3785 eundem.
1477 3718 1533 3798 (D)

485 3884 528 3948 21
553 3884 637 3949 Tum
662 3888 690 3949 61
712 3887 785 3969 quis
809 3887 1003 3971 magistrum
1024 3888 1108 3970 cepit
1128 3885 1168 3950 ad
1188 3906 1259 3951 eam
1279 3907 1347 3951 rem
1368 3888 1552 3971 improbum
1566 3887 1628 3966 (4):

435 3989 510 4069 „nd
541 4011 612 4055 eam
639 3990 729 4055 rem'’
753 3991 786 4056 id
810 3998 859 4056 661
882 4012 978 4077 super
1001 4012 1071 4056 earn
1096 4013 1182 4069 rem,
1207 3992 1267 4056 boc
1291 3999 1454 4078 estsuper
1478 4014 1628 4058 amorem.

432 4098 558 4162 Parum
583 4103 677 4162 16616.
715 4096 770 4177 (D)

481 4248 525 4312 25
557 4247 593 4313 Si
615 4269 740 4313 6666616
764 4248 858 4314 hodie
882 4252 1054 4335 quicquam
1157 4249 1299 4315 fallaciae
1323 4253 1429 4315 conari

481 4353 562 4419 Don.
596 4354 662 4431 (1):
697 4352 930 4432 Comminatio;
964 4361 996 4420 et
1027 4358 1071 4421 sic
1105 4359 1340 4442 pronuntiatur,
1373 4360 1467 4421 utin
1490 4358 1629 4445 singulis

433 4461 540 4525 verbis
572 4459 703 4524 ardeant
733 4462 850 4525 minae.
898 4460 964 4541 (2):
999 4461 1137 4539 „hodie”
1170 4462 1210 4527 ad
1241 4465 1540 4540 comminationem,
1565 4486 1628 4529 non

432 4566 473 4631 61
497 4573 627 4650 tempus
650 4564 840 4651 plerumque
863 4567 1012 4646 refertur,
1037 4575 1075 4633 ut
1093 4566 1274 4654 Vergilius:
1298 4590 1496 4655 „numquam
1517 4592 1627 4635 omnes

431 4671 529 4737 hodie
553 4674 730 4738 moriemur
751 4669 848 4739 inulti
873 4672 919 4755 (ll
943 4672 1033 4753 670).
1068 4684 1078 4753 (
1107 4684 1117 4752 )
1142 4675 1184 4738 Et
1208 4675 1273 4739 dier
1288 4698 1345 4758 pro
1365 4683 1449 4740 66616
1468 4677 1626 4760 arabitur,

434 4786 469 4843 61
490 4780 545 4842 hoc
566 4778 663 4862 166661
688 4804 864 4869 „numquam
888 4804 915 4847 6.
939 4783 968 4846 h.
993 4804 1030 4846 m.
1055 4780 1112 4851 i.”.
