4525 5950
649 624 669 688 6
1122 639 1362 688 nnuosrunnns.

644 813 744 883 Φασις
775 805 828 869 καί
861 806 895 870 τί
926 805 1032 882 μικρὸν
1064 811 1215 880 πταῖσμα
1247 802 1364 869 άπαντ*
1396 804 1598 885 ἀνεχαίτισε·
1635 804 1699 869 διά
1737 807 1838 881 μιᾶς

644 909 793 988 λίξεισς
830 911 881 974 καί
919 914 1026 974 πᾶσαν
1061 911 1134 985 ἡμῖν
1171 911 1224 983 σὺν
1261 909 1445 989 παραβολὴν
1480 909 1652 989 παρὲςνσε·
1691 911 1742 974 καί
1774 919 1837 979 τοῖς

645 1016 819 1079 ἀπειθοῦσιν
849 1014 954 1086 ίπποις
985 1015 1148 1092 παρέβαλε
1182 1014 1252 1086 τοὺς
1276 1014 1336 1097 βίρ
1360 1014 1589 1095 κατεχομένους
1614 1016 1665 1080 καί
1691 1016 1720 1077 ἕν
1745 1017 1837 1093 καιρῷ

645 1122 741 1186 πάλιν
765 1122 978 1199 άφιςαμίνους
1002 1122 1204 1202 συμμάχους.
1225 1122 1354 1206 ltaque,
1378 1125 1428 1186 uti
1447 1143 1597 1207 auguror,
1618 1125 1837 1207 inposterum

643 1227 682 1291 de
700 1225 947 1312 interpolatione
965 1248 1028 1292 non
1047 1227 1247 1292 dubitabitur
1267 1233 1299 1292 et
1318 1227 1564 1293 admirationem
1584 1234 1694 1292 movet
1709 1226 1836 1292 saeculo

643 1330 830 1408 undecimo,
867 1353 930 1416 quo
965 1331 1092 1397 saeculo
1126 1332 1342 1417 Doxopatrem
1376 1334 1495 1397 vixisse
1526 1335 1673 1408 invenio,
1706 1335 1740 1396 in
1772 1354 1837 1397 uno

643 1435 831 1521 pluribusve
850 1437 981 1501 fortasse
999 1437 1091 1502 libris
1110 1436 1218 1503 locum
1233 1439 1399 1523 integrum
1413 1436 1510 1502 fnisse
1522 1446 1697 1503 serratum.
1719 1437 1840 1504 Contra

645 1540 777 1628 Olynth.
808 1540 840 1606 11
870 1541 952 1627 020
980 1563 1011 1626 p.
1036 1540 1079 1607 23
1111 1545 1145 1606 in
1174 1544 1306 1627 optimis
1329 1541 1420 1607 libris
1445 1548 1529 1607 reete
1553 1542 1691 1628 legitur:
1717 1545 1750 1607 ai
1775 1546 1839 1621 γάρ

644 1644 807 1725 εὐπραξίαι
838 1645 932 1710 δειναί
964 1646 1143 1725 συγκρύψαι
1174 1648 1216 1711 πά
1247 1650 1365 1712 τοιαῦτ’
1392 1648 1504 1723 testea,
1535 1648 1591 1714 sed
1614 1652 1670 1734 qui
1693 1651 1839 1734 spuriam

644 1754 822 1817 orationem
853 1754 1032 1837 composuit
1063 1751 1104 1817 ad
1131 1752 1236 1837 Epist.
1268 1752 1353 1818 Phil.
1386 1753 1468 1838 013
1501 1777 1531 1839 p.
1559 1753 1623 1818 155
1656 1754 1838 1834 συγκρύψαι

643 1858 710 1923 καί
746 1856 973 1922 συσκιάσαι
1009 1860 1138 1943 seripsit
1172 1861 1316 1943 itemque
1350 1859 1436 1943 apud
1468 1858 1627 1924 Walzium
1659 1861 1675 1924 l
1706 1883 1738 1946 p.
1771 1859 1839 1924 200

644 1963 771 2040 Theon,
806 1965 862 2047 qui
897 1962 1055 2028 Hadriani
1090 1969 1234 2048 tempore
1268 1965 1413 2029 floruisse
1449 1966 1561 2044 fertur,
1597 1966 1712 2030 itidem
1743 1967 1842 2031 habet

644 2069 823 2148 συγκρύψαι
858 2068 910 2131 καί
948 2067 1123 2134 συσκιάσαι.
1161 2068 1223 2134 Sed
1254 2068 1349 2135 hodie
1380 2091 1475 2135 nemo
1505 2072 1570 2136 iam
1603 2071 1729 2136 dubitat
1760 2074 1841 2156 quin

642 2173 827 2240 istiusmodi
847 2173 1109 2258 interpolationes
1134 2177 1212 2239 satis
1237 2175 1355 2240 ineunt
1376 2181 1533 2241 vetustae.

689 2280 808 2345 Verum
833 2278 972 2345 Cobetus
996 2301 1032 2344 eo
1055 2278 1123 2345 loeo
1144 2300 1240 2365 quem
1260 2279 1344 2358 dixi,
1365 2280 1488 2346 addidit
1506 2280 1629 2367 aliquid
1648 2281 1732 2367 quod
1752 2285 1841 2367 equi-

648 2388 722 2452 dem
752 2384 869 2450 falsum
900 2405 968 2450 esse
998 2385 1144 2451 arbitror.
1179 2385 1271 2463 „Non
1300 2385 1381 2451 solet
1404 2386 1542 2464 orator”‚
1567 2390 1689 2473 inquit,
1715 2390 1841 2464 „otiose

648 2491 819 2567 ίσοδύναμα
844 2489 1025 2556 cumulare:
1050 2492 1230 2569 συγκρύψαι
1255 2492 1297 2557 σά
1320 2496 1437 2555 σοιαύσ·
1462 2493 1556 2565 darida
1582 2492 1771 2557 tantundem
1791 2499 1843 2557 est

647 2604 744 2683 atque
779 2597 958 2674 συγκρύψαι
995 2595 1046 2660 καί
1082 2597 1268 2661 συσκιάσαιι
1304 2600 1480 2662 sententiae
1509 2596 1599 2662 nulla
1629 2601 1678 2662 vis
1711 2597 1843 2662 additur

645 2723 748 2788 neque
779 2705 981 2767 numerosius
1012 2704 1057 2766 sio
1087 2703 1174 2768 eadit
1202 2705 1303 2768 oratio
1327 2724 1429 2789 neque
1453 2703 1492 2768 ad
1516 2724 1608 2768 aures
1631 2703 1747 2768 aooidit
1769 2725 1842 2790 gra-

646 2809 720 2873 tior.
753 2805 818 2873 Our
845 2808 947 2892 igitur
970 2805 1144 2872 addidisset
1166 2806 1398 2874 Demosthenes
1422 2812 1478 2893 qui
1501 2829 1679 2893 numquam
1703 2812 1842 2875 orationi

645 2912 743 2978 verba
764 2910 895 2977 inutilia
919 2910 1072 2978 admiscet
1080 2910 1114 2977 l'’

690 3016 779 3083 Itane
811 3014 910 3081 serio?
943 3017 1014 3082 Non
1047 3017 1129 3082 solet
1152 3017 1383 3083 Demosthenes
1408 3021 1508 3085 otiose
1531 3020 1703 3096 ίσσδύνααα
1727 3043 1842 3087 eumu-

645 3120 731 3189 lare?
762 3121 832 3187 Imo
855 3124 1042 3207 saepissime
1063 3123 1122 3188 hoo
1146 3124 1223 3187 taoit
1247 3128 1279 3188 et
1303 3127 1579 3210 operaepretium
1604 3131 1652 3190 est
1673 3125 1770 3192 illum
1795 3148 1844 3192 er·

645 3249 751 3294 rorem
770 3227 942 3314 diligenter
961 3228 1116 3306 refutare,
1134 3248 1197 3313 qua
1215 3230 1249 3292 in
1269 3250 1304 3294 re
1322 3235 1395 3294 utar
1407 3229 1500 3308 locis,
1512 3252 1651 3316 quorum
1662 3234 1840 3297 maximam

643 3339 769 3422 partem
793 3333 889 3399 debeo
914 3333 1030 3399 Blassii
1053 3333 1252 3420 diligentiae.
1277 3336 1426 3401 Primum
1449 3336 1573 3422 aliquot
1593 3337 1741 3423 exempla
1759 3338 1841 3405 dabo

645 3443 813 3506 nominum
843 3438 1007 3505 inutiliter
1038 3438 1299 3518 cumulatorum,
1330 3441 1385 3506 sed
1416 3463 1513 3507 sonus
1544 3442 1659 3528 implet
1690 3464 1783 3509 aures
1808 3451 1842 3510 et

646 3567 780 3611 numero
803 3548 941 3611 oratorio
965 3544 1088 3631 aliquid
1111 3546 1254 3611 dandum
1277 3552 1342 3612 est.

693 3651 777 3717 Fals.
809 3651 888 3737 Leg.
921 3650 1025 3736 0146
1050 3673 1080 3736 p.
1107 3651 1172 3717 386
1196 3658 1230 3717 et
1252 3651 1403 3717 similiter
1424 3655 1442 3737 0
1463 3652 1529 3719 220
1553 3676 1584 3739 p.
1610 3653 1693 3719 411:
1718 3661 1783 3727 πῶς
1808 3659 1840 3723 ού

646 3759 738 3824 δεινὸν
762 3756 814 3820 καί
840 3756 1006 3838 σχίσλιον;
1029 3757 1085 3822 sed
1104 3756 1196 3842 Lept.
1217 3757 1314 3842 0156
1334 3781 1366 3844 p.
1388 3757 1471 3823 504:
1494 3761 1557 3829 πῶς
1578 3755 1626 3823 οὗν
1645 3762 1678 3823 ού
1691 3760 1841 3841 σχέτλιον

648 3865 700 3928 καὶ
732 3860 822 3927 δεινόν
832 3883 840 3941 ;
875 3861 948 3927 Pao.
983 3862 1041 3945 04
1072 3884 1103 3947 p.
1128 3860 1190 3928 57:
1222 3866 1363 3941 Φορσικὸν
1393 3864 1445 3927 καί
1470 3864 1623 3951 ε’παχύίς.Ι
1651 3864 1734 3930 Fals.
1758 3866 1839 3954 Leg.

646 3968 743 4053 0240
763 3989 794 4052 p.
816 3966 899 4031 416:
921 3968 975 4038 rba
995 3971 1103 4043 α’Φανῆ
1124 3970 1175 4031 καί
1197 3966 1308 4042 άδνλον
1329 3969 1431 4050 χάριν.
1452 3969 1594 4056 Philipp.
1614 3969 1719 4054 1036
1733 3993 1764 4056 p.
1780 3972 1840 4038 50:

606 4147 615 4163 ι
647 4070 792 4149 άσακσα,
825 4070 1009 4148 statatum,
1042 4070 1150 4147 άίριςα
1183 4069 1323 4137 άπανσα.
1354 4073 1497 4158 Philipp.
1522 4072 1569 4138 Ill
1593 4074 1672 4158 040
1696 4097 1727 4160 p.
1755 4075 1839 4142 121:

645 4176 788 4259 άχριιςα,
820 4176 989 4257 άπρακσα,
1023 4175 1168 4250 άνύνιιτα.
1201 4176 1314 4244 Coron.
1348 4177 1430 4262 012
1462 4201 1493 4263 p.
1526 4179 1608 4244 229:
1643 4182 1750 4260 ἐχθροῦ
1782 4183 1840 4258 μὲν

646 4285 787 4362 ἐπήρειαν
811 4280 877 4364 ἔχει
904 4282 957 4345 καί
983 4279 1070 4361 ύβριν
1094 4284 1146 4345 καί
1173 4283 1320 4362 λοιδορίαν
1341 4286 1392 4348 καί
1415 4286 1670 4364 προπηλακισμὸν
1690 4288 1764 4361 ίμού
1785 4290 1838 4352 καί

646 4391 752 4456 πάντα
786 4388 826 4451 τά
859 4393 1002 4453 τοιαῦτα.
1035 4384 1187 4453 Cherson.
1212 4389 1294 4473 013
1318 4411 1348 4474 p.
1375 4388 1435 4454 93:
1468 4390 1556 4467 λύγοι
1579 4392 1630 4454 καί
1656 4392 1840 4470 προφάσεις.

646 4496 729 4562 Pale.
759 4494 837 4579 Lag.
869 4492 973 4578 0100
1004 4516 1035 4578 p.
1061 4491 1144 4559 373:
1180 4498 1312 4570 σκήψεις
1344 4496 1394 4558 καί
1430 4497 1611 4575 προφάσεις.
1643 4496 1726 4562 Folo.
1759 4498 1839 4585 Lag.

625 4600 750 4688 0163
774 4623 805 4685 p.
831 4598 915 4663 392:
948 4598 1061 4672 σπουδὴ
1092 4599 1144 4661 καί
1169 4600 1331 4676 προθυμία.
1357 4600 1497 4687 Philipp.
1522 4601 1672 4686 111053
1696 4624 1727 4687 p.
1754 4602 1840 4670 124:

646 4710 687 4787 τῷ
713 4707 853 4784 λογισμῷ
878 4705 930 4767 καὶ
955 4713 993 4785 τῇ
1017 4703 1150 4786 διανσίρι,
1176 4711 1236 4770 oet.
1261 4712 1321 4771 cet.
