4525 5950
654 683 717 749 174
1184 702 1305 750 orsus.

649 865 815 929 defensum
835 866 971 929 arbitror
985 867 1019 943 ¹),
1040 886 1141 950 neque
1160 868 1187 929 si
1207 886 1304 951 quam
1324 869 1465 930 manime
1489 869 1535 930 ita
1559 872 1662 944 esset,
1686 870 1837 932 sententia

651 974 758 1037 Attice
782 971 835 1035 vel
859 976 988 1036 omnino
1013 970 1133 1038 Graece
1158 976 1322 1037 enuntiata
1345 972 1476 1037 videtur
1499 994 1556 1057 pro
1580 976 1622 1038 ri
1645 976 1798 1053 ἐρριφέναι
1816 998 1839 1036 r.

651 1080 727 1140 ιέσπ.
753 1085 785 1142 et
809 1074 826 1141 δ’
833 1103 869 1140 τι
895 1077 976 1141 οὐδέν
1002 1102 1044 1141 σοι
1070 1079 1199 1152 μέλει.
1225 1078 1475 1143 violentioribus
1500 1100 1579 1163 opus
1603 1099 1674 1144 esse
1697 1079 1839 1144 remediis

648 1182 782 1268 plurimi
813 1190 1015 1248 censuerunt.
1049 1183 1220 1268 Superesse
1251 1182 1373 1268 aliquid
1397 1184 1539 1249 Dobraeo
1563 1184 1739 1249 videbatur
1764 1186 1839 1266 [ἐρρι-

650 1290 743 1367 Φέναι
775 1291 828 1361 τὴν
859 1291 993 1372 ἀσπίδα]
1024 1291 1205 1366 inducenti,
1237 1312 1333 1374 quem
1365 1289 1598 1355 Herwerdenus
1628 1297 1762 1355 secutus
1785 1298 1838 1364 est,

649 1398 711 1459 nisi
735 1395 818 1480 quod
843 1395 946 1470 λέγειν
969 1393 1013 1458 ὅτι
1035 1396 1137 1470 dedit,
1159 1405 1197 1460 ut
1213 1399 1338 1480 primus
1358 1399 1485 1461 monuit
1505 1395 1690 1481 Lennepius
1713 1402 1838 1461 nostras.

653 1501 787 1579 Batrius,
812 1522 909 1585 quem
932 1523 1016 1567 nunc
1040 1523 1165 1587 quoque
1190 1501 1333 1587 neglexit
1356 1502 1469 1578 editor,
1494 1505 1612 1566 vitioso
1637 1539 1679 1550 -
1706 1508 1745 1566 ut
1767 1502 1838 1565 mibi

649 1607 779 1690 quidem
812 1607 1004 1671 videtur-
1029 1611 1176 1673 acumine
1208 1611 1240 1671 in
1265 1615 1371 1672 nostro
1394 1607 1465 1672 loco
1490 1628 1567 1671 usus
1592 1607 1676 1671 nihil
1700 1607 1837 1681 delebat,

648 1713 703 1777 sed
734 1716 947 1778 coniecturam
978 1713 1179 1798 periclitatus
1211 1726 1276 1778 est:
1310 1715 1384 1776 ἀλλ’
1418 1712 1534 1790 ἐξιίρκει
1558 1713 1597 1776 ἄν
1621 1737 1668 1777 σοι
1694 1715 1837 1791 ἐρριφέναι

650 1822 703 1890 τὴν
735 1821 855 1883 οὶσπίδοι
888 1819 1016 1895 λέγων
1048 1815 1092 1882 ὅτι
1125 1819 1208 1883 οὐδέν
1239 1842 1284 1881 σοι
1318 1821 1404 1893 μέλει
1415 1838 1423 1895 ;
1434 1868 1442 1896 ,
1465 1821 1549 1883 miro
1573 1818 1694 1882 iudicio
1720 1839 1784 1882 non
1804 1816 1838 1880 ad

648 1925 917 2001 Theomnestum,
939 1925 995 1989 sed
1015 1925 1054 1989 ad
1076 1925 1236 2002 „alterum
1248 1924 1378 1998 illum'’,
1392 1927 1448 2009 qui
1462 1924 1671 1989 timiditatem
1684 1932 1719 1988 et
1732 1925 1836 2008 sugam

649 2031 724 2095 huic
751 2032 956 2117 exprobrasse
984 2053 1067 2095 nunc
1098 2030 1241 2116 fingitur,
1268 2032 1403 2095 verbum
1428 2028 1542 2105 ε’ξιίρκει
1567 2029 1760 2103 refer·ens²).
1784 2027 1838 2092 Sed

647 2135 706 2200 hoc
727 2143 757 2200 et
777 2139 1052 2200 contentissimum
1072 2141 1121 2200 est
1140 2144 1172 2200 et
1184 2139 1229 2200 sic
1242 2157 1366 2220 quoque
1379 2138 1595 2219 requireretur
1617 2134 1658 2196 πὸ
1679 2134 1837 2212 ἐρριφέναι.

650 2239 715 2304 Alii
747 2241 854 2305 deesse
885 2244 993 2324 potius
1024 2242 1181 2325 quaedam
1212 2243 1366 2325 suspicati
1394 2248 1486 2315 sunt,
1511 2240 1629 2324 quibus
1653 2237 1837 2323 adstipulor.

648 2347 791 2425 Quorum
815 2344 953 2411 Oobetus
977 2347 1138 2411 tentabat:
1165 2348 1239 2409 ἀλλ’
1264 2345 1379 2422 ἕξιίρκει
1404 2344 1442 2408 ἄν
1460 2347 1507 2407 ’σοι
1534 2347 1639 2428 <apic
1663 2345 1748 2416 πδν>
1774 2347 1837 2420 ἐρρι-

648 2452 742 2528 Φὲνοιι
761 2460 857 2523 <σε>
871 2455 925 2524 τὴν
946 2451 1064 2515 ἀσπίδα
1079 2451 1269 2528 <ιίπίκτα>
1284 2453 1387 2525 λέγειν
1407 2446 1452 2512 ὅτι
1474 2464 1555 2526 κτιι.,
1578 2448 1748 2513 intellectu
1771 2469 1837 2511 saue

648 2556 817 2633 facillima,
849 2558 904 2621 sed
931 2557 1193 2643 palaeographica
1216 2559 1411 2634 πειίανοίρκρ
1435 2555 1500 2619 sere
1524 2553 1623 2618 nulla.
1657 2554 1701 2616 Et
1727 2556 1838 2638 poterit

648 2667 768 2728 minore
791 2662 957 2728 molimine
981 2685 1031 2727 res
1056 2666 1194 2728 restitui.
1220 2663 1379 2748 Legatur:
1406 2660 1433 2724 σί
1455 2663 1500 2730 τίς
1527 2684 1560 2723 σε
1586 2661 1767 2736 ιίποι--,
1790 2662 1838 2723 οὐκ

648 2771 686 2833 ἂν
722 2767 858 2848 ἕδικοίζου
896 2771 995 2848 αὐτῷ,
1031 2772 1106 2832 ἀλλ’
1143 2770 1258 2844 ἐξήρκει
1294 2767 1332 2830 dv
1366 2792 1410 2830 οοι
1450 2766 1600 2846 ἐρριφέναι
1633 2768 1688 2836 τὴν
1722 2766 1836 2828 ἀσπίδα

649 2876 901 2958 (ἀκούοντι)
927 2878 1066 2949 λέγειν
1092 2873 1109 2938 d
1115 2898 1152 2937 rr
1177 2875 1259 2937 οὐδέν
1279 2898 1323 2937 σοι
1345 2872 1433 2949 μέλει
1440 2893 1448 2948 ;
1470 2872 1604 2936 Prorsus
1623 2871 1713 2935 idem
1731 2870 1837 2934 Franc-

646 2980 760 3046 kenius
772 3002 887 3068 parum
900 2981 1046 3045 abfuerat
1059 2989 1095 3045 ut
1107 2982 1255 3066 probaret
1267 3001 1322 3045 nec
1335 2979 1476 3043 multum
1491 2978 1586 3042 aliter
1598 2975 1789 3041 Weidnerus
1804 2974 1834 3052 ³).

645 3086 787 3151 Verbum
823 3087 941 3149 ιὶκοιίειν
970 3086 1201 3172 significatione
1233 3089 1360 3170 passiva
1390 3086 1424 3146 in
1454 3083 1513 3147 hac
1545 3084 1688 3147 oratione
1721 3083 1835 3165 ubique

646 3195 778 3259 obvium
802 3214 870 3257 esse
897 3195 949 3257 vin
973 3200 1021 3256 est
1045 3200 1081 3256 ut
1105 3213 1263 3257 moneam.
1288 3191 1357 3254 Iam
1377 3188 1445 3272 §22
1472 3188 1500 3252 ιῖ
1518 3211 1547 3250 τι
1569 3185 1648 3250 douo
1669 3194 1729 3250 τῶν
1750 3187 1835 3262 droc-

645 3303 740 3378 ριίτων
761 3298 892 3373 ἤκουσα,
913 3300 930 3381 b
944 3297 1004 3361 22:
1027 3298 1163 3369 οὶκνκοὼς
1183 3296 1276 3367 οὕτως
1288 3295 1403 3359 ἀνόσιον
1415 3297 1474 3372 (sic
1487 3297 1609 3379 optime
1623 3291 1835 3358 Hertleiniuel

647 3406 699 3467 καὶ
721 3404 812 3467 δεινὸν
832 3409 986 3479 πρᾶγμα,
1008 3403 1193 3487 paulopost
1214 3401 1331 3487 (§23):
1354 3400 1478 3477 πότερον
1498 3396 1543 3462 ὅτι
1565 3398 1688 3469 δικαίως
1704 3401 1834 3473 eisdam

646 3517 678 3575 et
702 3514 748 3575 sic
772 3514 908 3594 saepius.

649 3663 843 3671 ...-.--·—...

681 3754 705 3814 l)
730 3753 800 3817 Quod
825 3751 934 3814 vulgatae
952 3750 1060 3799 lectionis
1077 3753 1101 3798 et
1118 3750 1301 3799 constructionis
1319 3750 1420 3798 tuendae
1437 3764 1506 3797 cansa
1523 3749 1627 3797 atterunt
1645 3748 1743 3797 unicum
1760 3764 1773 3795 e
1791 3747 1836 3795 Dc·

645 3836 797 3885 mosthenicis
813 3834 960 3897 exemplum,
984 3834 1003 3881 si
1022 3834 1122 3882 interius
1140 3834 1262 3881 intuemur
1281 3833 1386 3881 alienum
1402 3848 1452 3880 ease
1468 3831 1599 3896 apparebit.
1619 3829 1696 3879 Verba
1714 3835 1770 3879 snut
1787 3833 1837 3894 (pe-

646 3920 769 3967 Demosth.
793 3919 836 3965 Or.
855 3915 951 3973 XLVII,
969 3917 1027 3964 κατ’
1047 3914 1155 3977 Εὐίργοιι
1175 3916 1217 3963 καί
1234 3913 1417 3976 Μνησιβούλου,
1435 3916 1487 3976 §52
1505 3914 1520 3962 i.
1532 3914 1558 3974 i)
1575 3911 1616 3960 καὶ
1637 3913 1716 3959 ταῦτ’
1733 3909 1836 3974 ’ἔχουσιν

645 3998 688 4048 σιἰιι
704 3998 830 4065 ἐξήρκεσεν
848 3995 947 4053 αὐτοῖς,
965 3996 1026 4045 ἀλλ’
1041 3994 1228 4055 ἐπιισελίόνπες
1246 3996 1281 4055 είς
1296 3998 1325 4045 πδ
1344 3994 1567 4059 χοιρίον--ἐπῖ
1583 3994 1644 4050 τοὺς
1663 3992 1766 4051 οἰκέταις
1783 3990 1839 4059 ᾖξαν

646 4092 703 4131 κτλ.
722 4087 826 4146 Apparet
845 4082 902 4129 haec
919 4080 1062 4143 significare:
1086 4081 1137 4128 ‚his
1156 4081 1227 4144 potiti
1245 4082 1349 4128 nondum
1367 4095 1395 4128 eo
1411 4078 1518 4127 contenti
1538 4078 1617 4134 suere,
1632 4075 1690 4124 sed”
1706 4081 1762 4128 cett.
1778 4078 1840 4124 Num

645 4170 727 4213 nostro
750 4180 844 4226 quoque
867 4163 918 4210 loco
941 4163 1022 4211 licebit
1039 4167 1144 4211 vertere:
1168 4168 1262 4211 mirum
1281 4162 1348 4210 litem
1367 4162 1388 4209 ei
1408 4162 1543 4209 intenderes
1560 4175 1589 4207 sn
1607 4158 1697 4207 dicenti
1717 4157 1761 4208 tibi
1780 4158 1839 4206 nihil

645 4247 673 4294 ad
697 4251 721 4293 te
745 4244 863 4308 pertinere
886 4241 1005 4305 ἐρριφέναι
1028 4243 1073 4299 τὴν
1097 4242 1195 4292 ἀσπιδα
1217 4244 1275 4292 satis
1293 4241 1389 4291 essetY'
1406 4245 1494 4307 Sponte
1511 4255 1627 4305 quaeram
1643 4240 1767 4303 cogimur:
1782 4238 1840 4302 qaid

642 4328 702 4375 satis
719 4328 799 4374 esset?

679 4410 706 4471 2)
731 4407 868 4455 Paradoxon
892 4422 960 4455 suum
984 4407 1017 4454 ita
1035 4407 1153 4455 defendit:
1178 4407 1307 4455 ‚nimirum
1325 4402 1434 4470 ἐξαρκεῖν
1453 4408 1503 4462 est,
1522 4402 1580 4452 satis
1598 4417 1663 4461 esse,
1679 4403 1742 4451 ratis
1761 4404 1841 4461 sarcre

644 4506 689 4555 quo
711 4490 763 4554 quia
785 4505 809 4537 ac
831 4490 949 4546 defoedet
971 4494 996 4537 ct
1018 4494 1127 4537 esemel.-
1144 4489 1211 4552 atqui
1229 4505 1243 4536 a
1260 4488 1418 4536 Theomnesto
1437 4486 1511 4544 nibil,
1531 4486 1681 4542 attereret,
1699 4485 1724 4533 in
1742 4500 1771 4532 ea
1789 4486 1840 4532 dcta

643 4587 724 4628 causa,
749 4568 939 4633 requirebatur.”
962 4570 1010 4633 (1.1.
1033 4586 1056 4634 p.
1080 4570 1149 4633 267.)
1176 4570 1289 4633 moilen
1312 4569 1445 4633 putaverim
1462 4568 1487 4616 in
1504 4570 1559 4616 fleta
1577 4582 1648 4615 cansa
1666 4566 1731 4616 idem
1750 4564 1840 4630 requiri

643 4657 714 4716 atqua
731 4653 755 4702 in
774 4668 842 4709 vera,
861 4652 890 4700 ad
907 4667 979 4715 qnam
996 4651 1164 4699 illustrandam
1181 4654 1236 4699 dota
1254 4651 1296 4700 illa
1314 4650 1465 4716 proponitur.

677 4738 701 4795 a)
726 4736 816 4798 Nempe
835 4732 1013 4781 commendabat
1033 4734 1172 4781 Weidnerus
1189 4731 1371 4800 <ιὶκοιίσκνπι>
1389 4728 1525 4792 ἐρριφέναι,
1543 4730 1583 4780 sed
1601 4731 1722 4778 aoristum
1742 4728 1840 4777 minima

642 4816 681 4865 bic
699 4815 855 4864 neceesarium
873 4815 940 4862 duco.
959 4813 1036 4862 Immo
1053 4811 1168 4898 ἀκούοντι
1186 4814 1201 4863 i.
1220 4831 1243 4878 q.
1262 4811 1284 4862 al
1301 4807 1394 4870 ’κ’κοιιορ.
