4525 5950
968 708 1124 759 noricos.
1575 692 1640 760 227

457 878 743 961 quaesiturus.
768 875 839 941 Non
864 878 950 941 euim
974 875 1056 941 dixit
1082 875 1305 954 „artificiose'’,
1326 879 1401 961 quia
1420 898 1516 962 supra
1534 884 1595 944 (rs.
1610 877 1644 959 5)

457 986 503 1047 ait
528 983 632 1061 „nihil
656 986 735 1049 istac
759 1004 839 1069 opus
863 989 911 1048 est
934 982 1035 1048 arte'’.
1061 981 1110 1062 (3)
1134 982 1264 1069 „Quod
1288 984 1527 1049 serviebas''
1546 985 1645 1049 bene

459 1090 710 1174 imperfecto
742 1095 945 1173 tempore,
969 1110 1032 1153 non
1057 1089 1213 1173 perfecto,
1239 1095 1275 1153 ut
1299 1089 1444 1154 ostendat
1459 1090 1481 1168 ¹)
1504 1093 1646 1175 potuisse

458 1217 533 1259 eum
558 1199 657 1260 etiam
681 1203 775 1281 atque
795 1199 893 1261 etiam
915 1197 1052 1271 servire,
1077 1194 1200 1280 quale
1224 1204 1284 1259 est
1308 1194 1418 1259 illud
1442 1195 1647 1283 Vergilia-

459 1324 552 1366 num
584 1302 863 1382 (Aen.vl113):
895 1309 1021 1386 atque
1045 1304 1179 1366 omnis
1202 1324 1232 1387 p.
1257 1323 1300 1366 m.
1325 1324 1351 1366 c.
1378 1304 1399 1367 f.
1423 1305 1457 1380 i.,
1487 1310 1524 1367 ut
1546 1310 1648 1368 osten·

459 1409 514 1473 dat
537 1410 561 1487 ¹)
596 1431 688 1487 eum,
726 1411 873 1494 quamvis
906 1407 1067 1473 invalidus
1098 1415 1199 1484 esset,
1232 1415 1340 1474 tamen
1371 1409 1473 1474 adhuc
1506 1412 1648 1495 potuisse

459 1514 602 1581 lahorem
625 1519 824 1600 exitiumque
847 1517 938 1582 ferre.

507 1624 587 1689 Eece
610 1626 673 1688 tria
696 1622 815 1689 scholia
839 1644 975 1708 quorum
999 1643 1054 1688 eae
1077 1629 1198 1708 partes,
1223 1643 1301 1708 quas
1324 1621 1438 1688 laxatis
1460 1622 1578 1689 litteris
1597 1645 1649 1689 ex·

460 1730 641 1814 primendas
672 1732 800 1807 curavi,
832 1729 954 1795 Donato
986 1727 1107 1794 dandae
1138 1736 1229 1808 sunt,
1262 1728 1385 1814 reliqna
1414 1732 1522 1794 omnia
1544 1728 1650 1796 Philo

462 1837 553 1921 sophi
576 1836 702 1901 cerebro
727 1835 890 1900 debentur.

507 1941 705 2009 Scholiorum
738 1942 813 2007 ordo
845 1942 1027 2027 frequenter
1057 1944 1085 2005 ie
1116 1948 1181 2018 eet,
1211 1944 1305 2006 utin
1329 1942 1442 2007 mediis
1465 1942 1650 2008 Donatianis

462 2047 612 2135 legantur
642 2048 833 2134 interpolata
863 2047 1045 2135 philosophi
1075 2046 1128 2113 vel
1159 2046 1298 2113 aliorum
1319 2047 1355 2129 ²).
1390 2048 1474 2113 Hinc
1505 2051 1649 2134 quaestio

462 2158 564 2220 oritur
594 2161 705 2220 utrum
738 2153 926 2240 compilat-or
957 2156 1058 2219 nostri
1089 2157 1262 2218 commenti
1286 2175 1323 2220 ea
1345 2157 1572 2240 interposuerit
1596 2177 1651 2240 per

461 2283 618 2338 errorem,
650 2284 690 2327 an
714 2262 798 2327 hunc
822 2260 966 2326 ordinem
989 2264 1022 2326 in
1047 2259 1221 2345 exemplari
1242 2263 1308 2326 iam
1331 2263 1500 2328 invenerit.
1532 2262 1650 2342 Locus,

462 2389 559 2452 quem
593 2390 689 2455 supra
724 2368 892 2453 descripsi,
933 2367 1073 2434 ostendit
1111 2367 1354 2453 compilatorem
1392 2368 1651 2454 interpolationes

463 2474 649 2562 philosophi
666 2479 732 2541 iam
752 2475 887 2541 firmiter
904 2479 949 2540 ita
968 2478 1102 2539 insertas
1122 2477 1300 2551 invenisse,
1320 2477 1369 2538 uti
1381 2474 1475 2540 hodie
1486 2473 1649 2562 leguntur.

464 2582 622 2647 Adhibuit
651 2586 755 2671 igitur
786 2581 950 2668 exemplar
980 2584 1153 2647 commenti
1184 2603 1202 2646 a
1233 2580 1421 2668 philosopho
1451 2582 1650 2669 interpolati.

463 2685 660 2755 Confirmant
692 2691 752 2755 hoc
782 2688 843 2754 loci
875 2686 1029 2774 permulti
1051 2709 1148 2773 supra
1171 2690 1298 2753 tractati
1322 2695 1354 2753 et
1377 2709 1452 2753 mox
1477 2689 1650 2766 tractandi,

460 2799 496 2860 in
528 2796 645 2881 quihus
676 2794 762 2860 Phil.
794 2816 850 2881 per
873 2798 979 2860 variae
1002 2796 1239 2860 coniunctiones
1263 2800 1325 2872 (et,
1351 2794 1422 2872 sed,
1447 2815 1539 2873 nam,
1564 2798 1651 2861 enim

463 2902 578 2982 simul,
603 2902 658 2986 al.)
681 2923 754 2968 suas
777 2908 868 2968 notas
892 2901 1079 2967 Donatianis
1103 2903 1279 2967 subiunxit.

511 3084 562 3150 13.
597 3086 647 3151 Ad
676 3084 818 3151 Simonis
849 3087 963 3152 verba:
1000 3085 1105 3163 „haud
1142 3092 1233 3151 muto
1264 3086 1408 3152 factum’'
1440 3094 1512 3173 post
1542 3094 1651 3154 notam

461 3190 581 3256 Donati
611 3191 659 3271 (2)
690 3191 750 3258 hoc
779 3192 937 3277 legimus:
972 3193 1022 3256 An
1054 3191 1230 3257 secundum
1262 3197 1331 3270 ius,
1363 3194 1448 3278 quod
1480 3194 1651 3260 adversum

459 3297 594 3363 libertos
616 3300 761 3382 ingratos
784 3306 847 3375 est,
874 3305 911 3362 ut
933 3301 966 3363 in
988 3296 1180 3363 servitutem
1204 3297 1410 3364 revocentur?
1433 3300 1494 3365 Sed
1513 3301 1572 3366 hoc
1591 3323 1651 3366 non

460 3407 612 3469 convenit
652 3424 759 3469 senem
795 3404 907 3470 dicere.
1000 3404 1275 3490 Deprehendimus
1309 3404 1561 3491 Philosophum,
1597 3411 1653 3493 qui

462 3511 591 3575 adamat
621 3510 808 3574 huiusmodi
839 3513 1106 3597 interrogationes
1136 3532 1210 3575 cum
1234 3511 1285 3577 vel
1309 3514 1376 3578 sine
1400 3517 1601 3598 responsione
1616 3512 1651 3594 ³).

460 3615 595 3682 Refutat
614 3623 723 3681 autem
743 3615 1005 3701 explicationem,
1025 3638 1106 3702 quae
1125 3620 1290 3682 invenitur
1308 3619 1393 3703 apud
1410 3619 1651 3705 Eugraphium:

463 3723 551 3787 Mihi
582 3723 709 3788 videtur
739 3725 819 3788 iuris
849 3726 1005 3787 rationem
1035 3727 1208 3809 respicere,
1240 3728 1388 3811 ingratus
1411 3729 1497 3791 enim
1517 3726 1652 3792 libertus

461 3849 481 3892 a
505 3838 639 3913 petrono
661 3832 804 3894 revocari
827 3832 861 3892 in
885 3832 1077 3894 servitutem
1100 3836 1215 3914 potest.

508 3934 589 3999 Ecce
620 3954 701 3999 nova
732 3937 873 4020 questio,
907 3956 986 4020 quae
1019 3937 1100 4000 ratio
1122 3935 1298 4000 intercedat
1320 3939 1404 4001 inter
1425 3936 1651 4023 Eugraphium

462 4047 496 4105 et
520 4040 750 4126 philosophum
773 4040 976 4126 reliquosque
999 4038 1261 4125 interpolatores,
1285 4062 1425 4107 necnon
1448 4046 1532 4108 inter
1555 4044 1651 4110 illum

462 4152 497 4211 et
519 4145 701 4223 Donatum,
724 4167 861 4232 quocum
884 4146 1054 4232 aliquoties
1079 4149 1238 4213 convenit.

496 4450 522 4515 l)
550 4448 674 4507 Ostendit,
702 4451 728 4497 ut
753 4448 875 4507 ostendat,
900 4447 953 4496 sim.
977 4447 1107 4496 identidem
1131 4446 1195 4495 Phil.
1220 4415 1340 4505 edhibuit,
1365 4463 1406 4496 nec
1428 4451 1507 4497 tamen
1531 4448 1586 4497 inde
1609 4450 1651 4499 ille

460 4533 556 4596 agnosci
572 4535 662 4597 potest,
681 4545 736 4580 nem
754 4530 799 4579 hoc
815 4544 907 4594 quoque
925 4529 1028 4595 sumpsit
1045 4544 1059 4577 ι
1078 4531 1172 4579 Donato
1190 4529 1215 4577 in
1233 4530 1300 4579 cuiue
1316 4529 1413 4579 scholiis
1429 4530 1539 4595 famaene
1555 4535 1590 4580 eet
1608 4532 1652 4581 hoc

461 4631 476 4663 v
507 4615 519 4663 h
563 4653 569 4664 .

478 4630 577 4761 “25¹3
596 4696 722 4745 Sahbsdini
741 4696 806 4745 Stud.
826 4694 881 4744 Ital.
898 4694 937 4743 111
955 4694 1047 4757 seseq.

496 4780 525 4845 3)
544 4782 579 4829 De
597 4779 641 4828 hoc
658 4778 803 4828 scholiorum
820 4793 905 4842 genere
923 4777 977 4825 ride
993 4777 1064 4826 infre.
