4525 5950
624 691 691 757 208
1142 708 1283 756 usurus.

622 877 652 940 ei
676 881 724 939 est
746 881 860 961 aptum
883 877 1019 960 imperio
1038 878 1181 939 invenire
1200 886 1429 939 successorem:
1452 871 1486 939 Ο.
1508 870 1625 938 Caesar
1643 877 1813 957 suspectus

622 983 652 1045 ei
682 985 747 1058 est,
779 1002 893 1066 nepos,
926 980 1029 1045 Druso
1060 980 1127 1045 filio
1159 984 1306 1066 genitus,
1338 982 1429 1044 annis
1459 982 1674 1056 immaturus,
1706 987 1817 1043 mente

621 1093 734 1171 captus
758 1084 930 1153 Claudius:
1548 1079 1550 1082 ’

668 1191 746 1269 „Sin
765 1200 855 1257 extra
875 1192 1009 1256 domum
1029 1212 1190 1257 successor
1205 1197 1420 1276 quaereretur,
1434 1211 1472 1255 ne
1485 1192 1641 1255 memoria
1654 1191 1816 1275 Augusti,

620 1319 798 1362 nonomen
822 1295 994 1363 Caesarum
1018 1300 1052 1361 in
1074 1296 1252 1361 ludibrium
1276 1302 1454 1374 verterent,
1479 1295 1676 1360 metuebat.’'

665 1403 773 1480 Nihil,
805 1410 842 1468 ut
866 1407 987 1488 opinor,
1012 1403 1071 1468 hoc
1095 1410 1184 1468 metu
1207 1406 1384 1488 excogitari
1408 1407 1513 1487 potest
1536 1403 1642 1486 magis
1665 1399 1817 1465 honorifi-

620 1531 705 1575 cum.
729 1511 779 1574 Au
803 1510 889 1574 cordi
913 1531 975 1574 non
999 1530 1066 1574 esse
1091 1515 1236 1594 oportere
1259 1512 1363 1574 cuivis
1383 1528 1568 1573 censeamus
1592 1509 1751 1592 principi,
1778 1511 1817 1569 ut

621 1619 719 1680 etiam
743 1623 815 1701 post
838 1635 930 1679 suam
954 1622 1091 1680 mortem
1115 1617 1166 1679 sui
1185 1618 1277 1701 regni
1297 1620 1416 1699 perstet
1435 1609 1611 1678 memoria?
1634 1613 1684 1676 An
1704 1632 1818 1696 quem-

620 1742 716 1806 quam
740 1742 849 1806 regem
873 1724 1141 1806 imperatoremve
1164 1726 1231 1785 tam
1254 1722 1401 1785 hebetem
1426 1718 1725 1803 somnolentumque
1746 1738 1816 1781 esse

620 1826 819 1911 postulemus
849 1831 886 1890 ut
916 1847 949 1890 se
980 1847 1054 1890 cum
1085 1830 1154 1890 toto
1185 1846 1241 1890 suo
1264 1828 1400 1910 imperio
1425 1830 1554 1909 totaque
1578 1844 1636 1887 sua
1658 1828 1756 1908 gente
1780 1825 1816 1885 in

619 1931 814 1997 oblivionem
842 1934 950 1997 venire
982 1952 1082 2016 aequo
1112 1932 1193 1995 ferat
1224 1929 1352 1996 animo?
1383 1931 1542 2010 Quorsum
1573 1949 1650 2014 ergo
1674 1931 1816 2014 pertinet

619 2038 750 2103 mordax
769 2037 856 2101 istud
876 2044 909 2102 et
928 2037 1067 2102 lividum
1086 2037 1124 2101 de
1144 2036 1270 2102 Tiberio
1288 2036 1462 2114 iudicium,
1487 2035 1572 2121 quod
1591 2035 1696 2099 verbis
1716 2032 1816 2098 modo

619 2142 725 2208 allatis
749 2142 879 2208 Tacitus
903 2142 1069 2228 adiungit:

665 2250 811 2335 „Quippe
842 2248 892 2313 illi
923 2272 984 2314 non
1014 2248 1145 2336 perinde
1168 2270 1262 2314 curae
1285 2252 1391 2335 gratia
1413 2250 1631 2335 praesentium
1654 2265 1753 2332 quam
1778 2233 1814 2309 in

620 2361 762 2439 posteros
785 2352 963 2420 ambitio¹'?

667 2460 777 2525 Nonne
809 2463 894 2525 enim
926 2463 1095 2546 egregium
1120 2459 1220 2538 illud,
1246 2481 1320 2545 prae
1345 2460 1430 2525 fama
1452 2459 1537 2544 apud
1561 2463 1703 2544 posteros
1720 2479 1814 2538 prce

618 2566 746 2628 sentiam
774 2565 905 2645 qratiam
936 2563 1122 2651 negligere?
1151 2565 1262 2630 Nonne
1292 2566 1351 2630 hoc
1382 2586 1507 2649 semper
1533 2584 1643 2628 omnes
1666 2563 1815 2628 iecerunt

617 2673 794 2756 principes,
818 2673 874 2755 qui
898 2670 1028 2756 quidem
1051 2692 1085 2736 se
1108 2693 1170 2735 non
1193 2672 1232 2735 ab
1252 2672 1401 2736 omnibus
1422 2669 1611 2736 mortalibus
1630 2670 1812 2746 contemni,

617 2776 753 2861 despici,
786 2775 921 2840 derideri
947 2773 1085 2841 vellent?
1110 2777 1248 2842 Omnino
1272 2778 1332 2840 oiri
1354 2784 1403 2842 est
1425 2780 1566 2863 gratiam
1590 2776 1811 2860 praesentium

615 2885 707 2966 parvi
737 2888 865 2966 putare;
897 2880 989 2965 plane
1018 2880 1111 2946 illam
1142 2881 1319 2968 despicere,
1352 2904 1414 2967 quo
1445 2880 1562 2946 melius
1592 2882 1697 2945 famae
1721 2879 1810 2964 apud

616 2994 756 3072 posteros
785 2986 946 3064 consulat,
975 2990 1126 3072 principis
1150 2993 1199 3052 est
1222 2991 1353 3073 eiusque
1377 2988 1651 3074 praestantissimi.
1676 2985 1810 3050 Tacitus

614 3099 722 3158 tamen
746 3091 940 3178 praeclaram
964 3092 1083 3157 Tiberii
1107 3097 1299 3158 sententiam
1322 3094 1673 3179 prudentissimumque
1696 3098 1730 3158 et
1747 3094 1811 3158 for·

613 3202 777 3263 tissimum
801 3196 971 3263 consilium
995 3201 1057 3262 isto
1080 3199 1201 3263 ambitio
1225 3202 1260 3263 in
1285 3199 1419 3264 dedecus
1443 3204 1614 3265 convertit.

661 3303 711 3382 VI,
738 3304 792 3368 48.
817 3303 884 3369 Sub
902 3303 997 3368 finem
1017 3303 1136 3369 Tiberii
1157 3308 1335 3370 maiestatis
1355 3311 1544 3371 accusantur
1557 3304 1614 3372 Cn.
1628 3304 1806 3382 Domitius,

613 3410 726 3475 Vibius
757 3409 901 3486 Marsus,
934 3410 969 3474 L.
1002 3407 1196 3488 Arruntius,
1229 3432 1367 3495 quorum
1396 3411 1559 3476 Domitius
1592 3411 1805 3495 Marsusque,

612 3517 764 3599 quoniam
782 3513 863 3579 levis
883 3515 1039 3599 quaedam
1059 3519 1158 3580 etiam
1177 3523 1226 3581 est
1245 3538 1316 3602 spes
1336 3516 1465 3595 salutis,
1488 3519 1589 3582 vitam
1606 3516 1805 3601 producunt,

613 3622 786 3685 Arruntius
809 3642 914 3685 moras
937 3628 1062 3686 nectere
1085 3644 1146 3686 uon
1169 3621 1257 3687 vult:
1276 3623 1352 3687 forti
1371 3621 1519 3708 claroque
1540 3626 1610 3688 viro
1629 3622 1804 3708 indignum

611 3724 694 3790 illud
727 3725 867 3801 iudicat,
903 3734 951 3803 et,
987 3726 1071 3811 quod
1105 3730 1210 3792 maius
1244 3731 1343 3793 etiam
1373 3730 1510 3807 videtur,
1544 3727 1636 3814 plane
1666 3728 1803 3808 inutile,

612 3830 764 3915 denique,
789 3833 917 3896 etiamsi
940 3835 1055 3916 prosit,
1079 3835 1113 3896 in
1138 3834 1232 3899 breve
1256 3835 1478 3901 tantummodo
1503 3842 1630 3920 tempus
1653 3834 1804 3920 prodesse

611 3957 703 4021 posse
726 3935 864 4001 iudicat:

658 4040 761 4118 ,Sane
792 4060 908 4125 paucos
937 4048 970 4105 et
993 4063 1158 4128 supremos
1182 4047 1336 4130 principis
1360 4046 1426 4111 dies
1451 4068 1541 4131 posse
1565 4049 1678 4112 vitari:
1706 4068 1805 4131 quem

611 4146 649 4211 ad
673 4146 806 4211 modum
829 4167 1002 4212 evasurum
1024 4151 1224 4214 imminentis
1248 4150 1435 4216 iuventam?
1463 4153 1532 4230 An,
1556 4174 1630 4217 cum
1654 4152 1804 4219 Tiberius

609 4257 681 4336 post
702 4257 824 4315 tantam
845 4255 1074 4336 experientiam
1093 4255 1124 4316 oi
1144 4256 1356 4320 dominationis
1375 4258 1531 4320 con-acleus
1551 4266 1579 4321 ct
1599 4266 1731 4322 mutatus
1750 4261 1803 4337 sit,

611 4353 646 4423 O.
672 4354 841 4422 Gaesarem
865 4360 920 4420 vir
943 4357 1033 4421 finita
1057 4362 1211 4442 pueritia,
1235 4364 1386 4446 ignarum
1411 4366 1558 4428 omnium
1578 4371 1635 4428 aut
1654 4367 1804 4449 pessimis

610 4464 822 4537 innutritum,
847 4461 979 4527 meliora
1002 4463 1279 4547 capessiturum?”

655 4566 719 4631 Hic
739 4568 927 4643 Arruntius,
948 4587 1143 4652 quamquam
1164 4591 1202 4635 ne
1221 4573 1289 4654 ipse
1308 4572 1438 4656 quidem
1458 4572 1539 4650 ulla,
1562 4573 1614 4639 vel
1625 4572 1803 4655 levissima,

608 4670 703 4736 laude
726 4671 890 4735 'liberium
913 4671 1049 4757 dignum
1073 4680 1196 4751 censet,
1222 4682 1327 4741 tamen
1352 4680 1432 4743 vitia
1455 4681 1525 4743 eius
1545 4680 1706 4765 quomodo
1726 4688 1804 4747 neta

609 4780 674 4840 sint
704 4774 860 4860 explicare
892 4776 1008 4841 studet.
1042 4776 1110 4857 Quo
1140 4783 1244 4865 magis
1268 4784 1389 4846 mirum
1412 4782 1562 4849 Tacitum
1585 4787 1696 4869 ipsum
1720 4810 1803 4851 nun·
