4525 5950
923 714 1164 763 usuosufluuss

873 919 989 976 ΚΑΤΑ
1014 919 1212 975 ΝΕΛῙΡΛΣ.

494 1097 512 1180 §
533 1095 553 1159 2
578 1118 609 1182 p.
634 1094 732 1161 1345.
757 1097 798 1161 Et
819 1097 872 1162 hic
892 1104 923 1162 et
941 1100 976 1161 in
996 1098 1202 1182 sequentibus
1222 1095 1295 1182 plus
1307 1095 1407 1162 semel
1419 1103 1639 1164 memorantur

447 1201 635 1286 Apollodori
666 1204 698 1266 ol
730 1204 851 1274 παῖδες.
885 1203 943 1267 list
972 1204 1030 1267 hoo
1062 1203 1146 1287 quod
1177 1206 1342 1281 miremur,
1374 1223 1449 1269 nam
1480 1211 1637 1289 quantum

446 1313 571 1372 constat
603 1329 642 1372 ex
672 1308 822 1374 Oratione
849 1316 957 1374 eontra
980 1309 1178 1396 Stephanum
1202 1309 1227 1387 1,
1251 1310 1389 1376 habebat
1408 1318 1536 1377 tantum
1559 1311 1638 1377 duas

449 1413 550 1492 filias,
576 1436 712 1499 quarum
735 1415 835 1481 altera
858 1419 967 1502 nupsit
990 1415 1214 1482 Theomnesto.

495 1631 513 1714 ᾖ
534 1628 555 1692 4
579 1653 610 1716 p.
638 1628 734 1694 1346.
760 1629 823 1695 Hio
846 1631 929 1695 mihi
951 1617 1119 1717 eognoscat
1143 1633 1214 1715 quis
1236 1629 1440 1711 librariorum
1463 1632 1639 1698 inconside-

447 1739 599 1801 rantiam.
624 1734 708 1801 Satis
730 1743 804 1801 nota
828 1758 878 1802 res
900 1744 948 1801 est
972 1736 1009 1802 de
1033 1758 1095 1822 qua
1119 1758 1204 1802 nuno
1226 1757 1330 1801 sermo
1354 1736 1407 1814 fit,
1431 1758 1546 1824 nempe
1570 1740 1635 1818 περὶ

446 1852 504 1908 τῶν
537 1846 686 1923 θεωρικῶν.
720 1842 854 1921 81111111Ι
870 1843 1027 1930 Ulpianus
1058 1842 1097 1908 ad
1127 1846 1267 1929 primam
1291 1843 1534 1931 Olynthiaoam:
1558 1846 1636 1914 isias

445 1952 496 2029 δέ,
529 1948 574 2014 ὅτι
606 1954 647 2015 τὰ
679 1954 833 2033 χρήματα
865 1955 968 2014 ταῦτα
1001 1951 1041 2014 τὰ
1066 1950 1198 2026 δινμύσια
1222 1952 1344 2028 tropas
1370 1952 1506 2021 ε’ποιίοσεν
1531 1950 1565 2028 ἕξ
1587 1952 1637 2030 αἱρ-

445 2066 507 2137 xis
541 2068 691 2134 Περικλῆς
717 2096 758 2107 -
784 2053 854 2122 εἶτα
885 2058 1137 2136 ἐπιχειρήσαντος
1168 2058 1394 2136 Ἀπολλοδώρου
1426 2057 1506 2130 τινὸς
1539 2061 1635 2123 πάλιν

445 2167 530 2230 αὐτοὶ
563 2174 687 2237 ποιῆσαι
721 2165 926 2244 ςρατιυτιιοοθ,
958 2164 1143 2241 βουλόμενος
1178 2163 1337 2240 Εὔβουλος
1361 2165 1374 2226 θ
1401 2165 1634 2240 πολιτευόμενος

445 2270 636 2348 δημαγωγὸς
662 2270 700 2334 ὢν
725 2273 851 2335 πλείονα
877 2269 992 2334 εύνοιαν
1017 2270 1252 2334 ἐπισπάσασθαι
1276 2275 1329 2334 τοῦ
1354 2270 1449 2346 δήμου
1473 2272 1637 2351 πρὸΓὲαυ·

443 2381 495 2443 τὸν
528 2377 647 2455 ἔγραψε
679 2376 766 2451 νύμον
796 2379 847 2441 τὸν
880 2377 1045 2441 κελεύοντα
1075 2377 1196 2457 θανάτῳ
1229 2377 1425 2457 ζημιοῦσθαι,
1452 2376 1546 2449 εἴτις
1572 2378 1635 2441 ἐπι-

443 2485 559 2564 χειροίη
592 2492 772 2558 μεταποιεῖν
803 2484 845 2547 τὰ
878 2484 1002 2561 θευριιιοὶ
1033 2482 1232 2559 carrissimi.
1265 2482 1353 2548 Haeo
1382 2483 1479 2548 verba
1511 2483 1636 2549 obscuri

445 2590 530 2656 nihil
561 2590 689 2666 habent,
721 2590 777 2655 sed
799 2611 883 2655 nuno
906 2590 1104 2655 conferamus
1128 2593 1306 2655 orationem
1330 2597 1438 2655 contra
1461 2590 1633 2656 Neaeram:

445 2696 566 2777 ἔγραψε
591 2701 745 2776 ψήφισμα
769 2698 796 2759 ἕν
817 2707 856 2777 τῇ
875 2696 975 2775 βουλῇ
997 2696 1222 2773 Ἀπολλόδωρος
1243 2695 1397 2772 βουλεύων
1416 2697 1467 2760 καὶ
1489 2696 1634 2775 ἐξήνεγκε

446 2804 667 2881 προβούλευμα
697 2805 739 2874 εἷς
773 2806 822 2869 τὸν
847 2803 950 2882 δῆμον,
975 2804 1066 2880 λε’γον
1092 2803 1353 2882 διαχειροτονῆσαι
1379 2806 1430 2867 τὸν
1453 2803 1547 2876 δῆμον
1571 2807 1633 2869 εἴτε

444 2911 528 2975 δοκεῖ
557 2911 598 2975 τοὶ
632 2909 772 2989 περιόντα
805 2912 957 2991 χρήματα
982 2917 1038 2982 τῆς
1063 2910 1232 2985 διοικήσεως
1257 2912 1446 2988 spartanus
1469 2905 1545 2974 εἶναι
1570 2909 1634 2976 εἴτε

443 3017 578 3098 θεωρικά.
605 3018 691 3083 Haeo
715 3039 841 3104 quoque
865 3024 973 3104 aperta
992 3025 1083 3092 sunt,
1105 3019 1160 3083 sed
1179 3021 1330 3083 continuo
1350 3020 1511 3103 seqnitur:
1533 3035 1635 3084 κελευ-

442 3125 535 3190 ύνσυν
558 3127 615 3200 μὲν
639 3132 696 3189 τῶν
722 3125 828 3202 νθμυν,
853 3120 926 3188 ὅταν
952 3125 1087 3201 πόλεμος
1111 3122 1146 3204 ἦ,
1171 3126 1214 3188 τὰ
1238 3123 1378 3202 περιύνσα
1403 3128 1556 3204 χρήματα
1578 3132 1634 3198 τῆς

443 3234 612 3303 διοικήσεως
637 3233 891 3307 ςοατιωτικόι
915 3226 1009 3310 εἶναι,
1035 3231 1131 3307 κύριον
1155 3229 1181 3294 δ’
1203 3232 1369 3307 ἡγούμενος
1390 3229 1450 3295 δεῖν
1471 3229 1520 3294 τὸν
1541 3232 1634 3306 δῆμον

441 3335 520 3404 εἶναι
545 3340 610 3418 περὶ
635 3341 692 3401 τῶν
718 3338 811 3401 αὑτοῦ
833 3334 897 3401 ὅτι
918 3338 956 3401 ἂν
975 3337 1129 3414 βούλονται
1152 3336 1280 3414 πρᾶξαι.
1305 3336 1375 3402 Hoo
1394 3340 1421 3402 si
1442 3358 1555 3403 verum
1574 3345 1633 3416 est,

439 3444 524 3511 nihil
555 3444 618 3509 fuit
649 3465 706 3509 our
737 3442 885 3508 Eubulus
916 3443 1101 3529 Apollodori
1124 3444 1309 3530 psephisma
1330 3446 1554 3530 impugnaret3
1580 3445 1635 3509 sed

439 3550 576 3617 delirare
607 3550 774 3615 hominem
805 3549 941 3625 dixeris,
973 3570 1047 3613 nam
1071 3552 1179 3636 pergit
1202 3556 1323 3615 orator:
1349 3551 1513 3625 θμοιμοιιὼς
1535 3550 1566 3615 δὲ
1591 3551 1633 3614 τὰ

439 3658 578 3735 βέλτιςα
603 3656 763 3733 βουλεύειν
788 3659 828 3735 τῷ
850 3657 934 3735 δήμῳ
958 3657 998 3733 τῷ
1024 3657 1200 3732 ’Λθιρναύυη
1224 3660 1262 3726 ύς
1290 3657 1377 3732 ὑμεῖς
1402 3655 1516 3726 πύντες
1543 3657 1634 3735 ἐμαρ-

440 3765 596 3844 τυρήσατε
629 3764 658 3828 ἕο
689 3764 788 3842 ε’κεύνῳ
816 3765 857 3842 τῷ
882 3765 983 3841 καιρῷ.
1010 3763 1168 3843 Quidnam
1194 3767 1280 3828 enim
1304 3762 1360 3828 ille
1384 3763 1461 3829 tulit
1470 3812 1478 3842 ,
1503 3767 1558 3850 qui
1582 3786 1634 3851 op

439 3875 523 3936 time
554 3870 592 3936 de
623 3872 727 3955 putria
758 3872 894 3935 meritus
924 3868 995 3935 estl
1018 3870 1184 3947 γενομένης
1210 3872 1273 3948 γὰρ
1296 3879 1350 3945 τοῖς
1376 3870 1632 3949 διαχειροτονίας,

439 3977 540 4047 οὐδεὶς
573 3977 856 4055 ἀντεχειροτόνησεν
884 3979 922 4046 ὠς
954 3977 986 4040 ού
1011 3975 1059 4040 δεῖ
1080 3984 1144 4048 τοῖς
1165 3978 1308 4056 χρήμασι
1332 3977 1446 4048 τούτοις
1471 4001 1629 4054 ςρατινι·

436 4091 569 4154 τιιοοῑς
594 4085 744 4162 χρῆσθαι,
771 4084 857 4147 οἶλλοδ
883 4084 934 4147 κού
959 4087 1009 4147 νῦν
1035 4083 1095 4160 ἔτι,
1121 4082 1159 4147 ἂν
1183 4107 1240 4148 που
1266 4083 1355 4159 λόγος
1376 4084 1524 4162 γένηται,
1546 4085 1632 4163 παρὰ

438 4193 565 4254 πύνσυν
598 4189 816 4267 ὁμολογεῖται,
848 4192 885 4260 ὡς
918 4191 958 4252 τοὶ
992 4190 1127 4265 βὲλσιςα
1160 4190 1250 4253 εἰπὼν
1279 4187 1372 4253 ἄδικα
1398 4190 1632 4277 πύθοι.111(1111

439 4300 519 4362 satis
553 4295 739 4382 colligimus
771 4295 930 4381 quodnam
962 4296 1061 4360 fuerit
1085 4295 1272 4381 Apollodori
1295 4296 1475 4362 eonsilium.
1500 4297 1633 4365 Vetusta

438 4403 494 4468 lex
525 4409 610 4478 erat,
641 4401 714 4467 inde
745 4402 783 4467 ab
814 4401 947 4467 Periclis
979 4403 1194 4489 temporibus,
1219 4410 1257 4467 ut
1279 4404 1424 4469 homines
1447 4404 1631 4487 credebant,

438 4508 625 4595 repetenda,
650 4529 712 4593 qua
735 4516 866 4573 cautum
892 4517 959 4574 erat
982 4516 1020 4573 ut
1044 4516 1167 4595 praeter
1189 4512 1296 4575 omnia
1318 4514 1491 4577 necessaria
1511 4511 1549 4577 ad
1569 4513 1632 4578 bel·

437 4616 509 4682 lum
533 4615 710 4701 gerendum
734 4615 884 4692 subsidia,
910 4620 937 4681 si
961 4616 1037 4701 quid
1061 4620 1094 4681 in
1119 4621 1238 4682 aerario
1262 4620 1412 4704 pecuniae
1436 4629 1630 4704 superesset,

437 4724 473 4788 id
510 4743 603 4787 omne
638 4722 879 4808 impenderetur
913 4723 955 4793 εἰς
990 4724 1032 4786 τὰ
1065 4724 1199 4800 θεορικθ.
1233 4723 1322 4788 Tulit
1353 4725 1564 4810 Apollodorus
1595 4737 1633 4792 ut

440 4832 611 4917 quotannis
642 4827 780 4894 liberum
813 4833 893 4895 l'orst
925 4830 1046 4918 populo
1077 4836 1218 4896 statuere
1249 4832 1325 4919 quid
1350 4852 1386 4897 ea
1409 4836 1543 4918 pecunia
1567 4832 1635 4899 fieri
