4525 5950
542 675 608 743 400
1062 693 1204 742 rsorrns.

541 864 719 948 praeseutia
742 859 824 924 nihil
846 863 876 925 ei
899 881 967 925 esse
991 859 1143 946 periculi,
1167 881 1206 924 ne
1228 864 1261 925 in
1286 866 1451 946 posterum
1474 864 1544 947 ipse
1567 863 1632 927 sibi
1653 865 1730 948 peri·

541 967 614 1032 cula
637 975 788 1052 provocet
811 967 870 1031 hoc
891 988 965 1031 eum
984 973 1094 1031 monet
1112 973 1320 1052 argumento:
1343 973 1533 1044 „contentus
1553 989 1623 1033 esee
1643 977 1729 1054 potes

543 1096 580 1139 ea
611 1074 787 1159 dignitate,
818 1093 914 1157 quam
945 1094 1006 1158 ego
1036 1076 1070 1136 iu
1100 1081 1231 1158 gentem
1264 1080 1406 1138 nostram
1430 1073 1544 1152 intuli;
1570 1074 1649 1159 quid
1672 1076 1728 1138 tibi

541 1202 621 1266 opus
639 1180 678 1245 ad
698 1179 813 1244 altiora
833 1176 1003 1244 teudere?”
1027 1179 1069 1243 Et
1089 1186 1163 1243 sunt
1184 1180 1236 1244 hic
1256 1182 1363 1244 omnia
1375 1178 1534 1266 praeclare
1548 1184 1726 1259 enuntiata;

539 1287 753 1372 pulcherrime
784 1306 858 1349 vero
891 1291 961 1370 poet
991 1285 1121 1350 brevem
1146 1284 1372 1350 sententiolam
1397 1289 1496 1364 „eatis
1519 1290 1658 1372 posteris
1682 1308 1728 1351 no

539 1392 673 1457 bilitatis
694 1390 897 1476 quaesitum’'
917 1391 1020 1454 rtatim
1040 1392 1211 1456 subiicitur
1230 1390 1388 1469 clausula,
1412 1414 1474 1477 qua
1492 1398 1560 1457 tota
1578 1390 1728 1458 allocutio

540 1497 773 1585 quodammodo
806 1501 841 1561 iu
876 1517 973 1562 unam
1009 1499 1089 1562 hanc
1123 1498 1323 1563 contrahitur
1357 1498 1634 1573 adhortationem,
1669 1519 1728 1584 qua

541 1605 623 1670 nihil
652 1626 795 1690 unquam
826 1604 865 1669 ad
896 1608 1019 1669 animos
1051 1605 1298 1670 commovendos
1330 1607 1436 1690 aptius
1468 1606 1548 1670 fuit:
1575 1602 1728 1690 „proinde

539 1718 643 1777 erecto
679 1713 785 1775 animo
819 1718 995 1795 capesseret
1029 1713 1150 1788 vitam,
1187 1732 1250 1775 neu
1285 1716 1437 1795 patruum
1472 1711 1532 1775 sibi
1568 1710 1728 1775 Othonem

537 1818 635 1882 fuisse
656 1823 711 1881 aut
731 1816 974 1881 oblivisceretur
993 1836 1136 1901 unquam
1156 1825 1213 1881 aut
1232 1819 1372 1881 nimium
1391 1817 1626 1883 meminisset.''
1648 1817 1728 1898 Quid

539 1945 615 1989 vero
646 1919 764 1988 codex?
795 1923 872 1987 Post
902 1921 975 1987 illa:
1009 1925 1107 1999 „satis
1132 1924 1194 1987 eibi
1298 1922 1502 2007 quaesitum'’
1527 1924 1607 1989 haec
1631 1927 1727 1989 etiam

540 2031 630 2094 nobis
648 2031 784 2115 ingerit:
810 2035 904 2113 „post
922 2026 1021 2092 Iulios
1041 2026 1190 2094 Claudios
1211 2026 1341 2093 Servios
1360 2050 1393 2094 ee
1414 2031 1557 2114 primum
1580 2032 1615 2094 iu
1640 2031 1729 2095 fami-

540 2135 618 2201 liam
638 2155 754 2200 novam
773 2137 946 2219 imperium
965 2132 1146 2212 intulissc'’‚
1164 2137 1198 2199 in
1218 2135 1335 2220 quibus
1354 2134 1460 2200 multa
1474 2135 1731 2220 reprehendenda

540 2249 633 2320 eunt,
665 2245 720 2306 vir
752 2242 927 2326 quidquam
958 2247 1007 2305 est
1039 2241 1122 2326 quod
1147 2242 1268 2325 probes.
1294 2242 1443 2305 Primum
1466 2241 1672 2308 divelluntur
1693 2245 1731 2307 iis

541 2371 578 2415 ea
610 2369 690 2434 quae
721 2351 833 2432 utique
862 2347 1024 2432 iungenda
1052 2357 1083 2412 et
1105 2350 1190 2412 iuter
1213 2369 1246 2412 ee
1269 2348 1513 2434 constringenda
1536 2357 1623 2413 sunt.
1648 2347 1730 2414 Tum

542 2477 605 2520 non
635 2458 682 2519 ita
715 2452 807 2518 facile
837 2460 886 2518 est
916 2461 1029 2537 aptum
1059 2453 1132 2518 inde
1164 2453 1337 2518 extundere
1368 2476 1508 2519 sensum.
1535 2454 1621 2534 Quid
1645 2458 1730 2521 enim

541 2561 623 2627 illud
656 2569 720 2626 est:
755 2582 836 2645 „ego
867 2563 991 2645 primus
1012 2562 1046 2624 iu
1069 2558 1227 2625 familiam
1250 2581 1367 2625 novam
1389 2563 1564 2648 imperium
1588 2559 1731 2626 intuli”l

540 2669 656 2732 Fuitne
688 2669 816 2732 omuino
848 2665 982 2731 Othonis
1008 2687 1087 2752 gens
1110 2672 1178 2730 tam
1204 2666 1336 2731 obscura
1359 2674 1397 2731 ut
1420 2687 1495 2752 prae
1518 2670 1635 2732 ceteris
1657 2691 1732 2731 nouo

540 2781 625 2840 recte
656 2771 834 2839 diceretur?
864 2773 969 2838 Immo
1001 2779 1090 2857 pater
1113 2775 1182 2837 eius
1208 2773 1364 2849 „urbanos
1388 2774 1539 2849 honores,
1563 2795 1731 2859 proconsu-

538 2881 642 2947 latum
676 2880 801 2944 Africae
833 2887 864 2944 et
895 2878 1143 2944 extraordinaria
1173 2881 1309 2965 imperia
1426 2879 1729 2946 administraverat”

538 2988 656 3068 (Suet.)
676 2995 708 3052 et
727 2989 833 3075 gratia
851 2985 972 3052 'liberii
991 2984 1151 3050 floruerat.
1172 2985 1256 3051 Tum
1277 2990 1358 3052 mire
1369 2994 1442 3072 poet
1453 2991 1583 3052 nomina
1594 2987 1730 3074 gentilia

539 3095 637 3158 Iulios
664 3094 805 3157 Claudios
835 3089 954 3158 Galbae
978 3115 1160 3174 praenomen
1190 3091 1321 3157 Servius
1348 3094 1526 3158 subiicitur.
1558 3093 1632 3159 Hoc
1655 3114 1729 3159 vero

538 3199 804 3264 absurdissimum
835 3198 918 3284 quod
949 3219 1023 3263 cum
1055 3200 1200 3283 imperiis
1232 3197 1315 3275 illis,
1342 3220 1423 3284 quae
1446 3198 1522 3264 Iulii
1547 3207 1578 3264 et
1604 3197 1730 3265 Claudii

538 3327 595 3391 per
630 3305 760 3391 longam
797 3325 951 3369 annorum
988 3306 1103 3367 seriem
1138 3303 1363 3381 obtinuerunt,
1400 3308 1493 3389 pauci
1524 3303 1575 3369 illi
1609 3304 1730 3372 Galbae

539 3432 662 3476 meuses
681 3417 926 3496 componuntur,
946 3416 1112 3494 tamquam
1132 3411 1161 3473 si
1174 3409 1443 3475 nihilintereseet.
1465 3410 1611 3496 Denique
1624 3415 1730 3477 omnia

540 3518 752 3582 semidoctum
777 3515 914 3601 produnt
937 3515 1118 3591 hominem,
1144 3517 1234 3579 cuius
1254 3515 1379 3580 misella
1398 3517 1663 3582 annotatiuncula
1683 3518 1728 3582 de

541 3623 661 3688 bilitari
680 3621 809 3686 virilem
828 3623 1055 3705 robustamque
1073 3620 1208 3685 Othonis
1221 3624 1395 3686 orationem
1406 3642 1468 3686 non
1481 3620 1567 3686 ultra
1579 3622 1728 3688 feremus.

584 3729 626 3792 H.
658 3728 699 3806 ΙΙ,
733 3727 786 3792 68.
819 3726 856 3791 ln
888 3730 1029 3794 exercitu
1061 3726 1187 3791 Vitellii
1218 3749 1234 3791 e
1266 3730 1335 3792 rixa
1365 3727 1533 3814 legionarii
1558 3728 1675 3794 militie
1697 3738 1728 3795 et

539 3833 625 3901 Galli
647 3838 761 3921 ingens
786 3832 947 3898 tumultus
970 3833 1141 3917 caedesque
1164 3836 1322 3897 nascitur:

585 3941 795 4019 „Remedium
828 3939 989 4004 tumultus
1020 3939 1083 4004 fuit
1113 3939 1197 4004 alius
1230 3939 1401 4005 tumultus.
1426 3938 1538 4004 Pulvis
1561 3941 1674 4025 procul
1698 3948 1728 4006 et

538 4070 627 4113 arma
660 4048 911 4134 aspiciebantur:
951 4045 1186 4111 conclamatum
1221 4054 1351 4132 repente
1386 4053 1533 4131 quartam
1568 4045 1727 4113 decimam

538 4156 698 4242 legionem
729 4176 821 4220 verso
852 4157 966 4219 itinere
997 4154 1036 4218 ad
1060 4154 1219 4238 proelium
1245 4158 1371 4231 venire;
1397 4154 1450 4218 sed
1475 4162 1565 4219 erant
1589 4159 1729 4241 agminis

538 4268 711 4327 coactores:
737 4264 839 4347 agniti
863 4260 1028 4346 dempsere
1053 4259 1336 4326 sollicitudinem.”

584 4367 695 4432 Dicere
719 4390 780 4432 non
805 4389 935 4452 possum
956 4388 1052 4452 quam
1072 4370 1200 4453 ingrata
1220 4367 1301 4431 mihi
1322 4366 1448 4435 accedat
1468 4366 1508 4430 ad
1527 4388 1621 4433 aures
1634 4370 1730 4434 huius

540 4474 602 4539 loci
622 4477 738 4538 oratio:
757 4474 893 4539 elumbie
913 4473 1051 4548 videtur,
1072 4472 1242 4559 languida,
1264 4473 1407 4558 puerilis.
1430 4473 1623 4539 Praesertim
1642 4475 1729 4541 colon

540 4580 626 4644 istud
657 4583 709 4643 aed
738 4588 824 4643 ercet
847 4580 973 4661 opininio
996 4586 1143 4643 coactoree
1167 4583 1312 4644 ieiunum
1339 4579 1560 4666 frigidumque
1584 4588 1651 4661 est;
1677 4582 1729 4647 sed

538 4690 666 4753 omuino
691 4688 896 4752 vehementer
919 4684 1067 4770 displicet
1089 4690 1122 4749 in
1144 4687 1207 4751 duo
1229 4688 1374 4751 membra
1393 4687 1545 4752 distracta
1563 4689 1730 4775 simplicis

538 4798 639 4858 simae
663 4797 707 4857 rei
729 4797 875 4858 narratio.
896 4792 957 4857 Vin
977 4795 1009 4855 iu
1031 4815 1133 4857 uuum
1153 4815 1267 4879 corpus
1286 4791 1426 4858 solidum
1445 4800 1541 4878 atque
1561 4795 1727 4860 robustum
