4525 5950
840 674 996 724 vnnnmus
1018 674 1231 724 rnmncmos.
1562 655 1625 720 103

485 842 635 908 Salmasii
658 847 809 909 correctio
834 844 1112 930 „angustiolario”
1137 845 1253 908 nititur
1274 843 1375 908 forma
1398 841 1515 908 tradita
1535 841 1627 920 „lati-

439 949 617 1026 cla‘vium'’,
642 958 673 1015 et
696 953 833 1037 speciem
858 972 931 1015 sane
955 951 1051 1016 habet
1075 950 1158 1036 quod
1182 956 1344 1037 praeterea
1367 953 1467 1015 suasit
1493 948 1626 1036 „plene”

437 1079 494 1141 pro
529 1058 680 1142 „paene'’,
711 1058 794 1141 quod
818 1061 926 1122 minus
949 1056 1065 1122 leniter
1087 1060 1119 1121 in
1145 1057 1291 1142 „specie”
1316 1062 1453 1137 (servato
1479 1059 1628 1141 „angusti

437 1161 559 1241 clavi”)
584 1163 731 1227 mutabat
753 1162 881 1249 Zumpt.

483 1268 605 1333 Dubito
626 1274 732 1333 tamen
754 1290 793 1334 an
813 1273 921 1354 potius
944 1268 1084 1355 „paene”
1105 1268 1274 1334 delendum
1295 1272 1351 1348 sit,
1372 1290 1477 1334 errore
1496 1269 1627 1334 fortasse

438 1377 613 1459 repetitum
637 1396 675 1439 ex
699 1376 973 1454 antecedentibus,
997 1384 1035 1440 ut
1058 1375 1283 1462 corrigendum
1306 1379 1365 1440 sit:

484 1482 595 1567 qm'ppe
618 1483 696 1546 vicit
718 1482 953 1570 angustiolavio
978 1489 1138 1547 contentae.

484 1701 607 1767 Ibidem
639 1701 707 1786 §b
745 1711 774 1766 et
807 1704 863 1767 iile
896 1704 1013 1789 quidem
1047 1702 1106 1782 (M.
1139 1702 1293 1788 Lepidus)
1321 1702 1399 1765 male
1429 1703 1627 1766 consultorum

432 1832 550 1892 poenae
580 1810 714 1874 emoluit.
747 1817 888 1894 aequetur
911 1811 1089 1891 praedictae
1111 1809 1172 1871 iam
1194 1808 1347 1872 Antietioe
1368 1808 1498 1871 Servilio
1516 1808 1627 1891 Lepidi

436 1939 522 1993 naar,
546 1939 621 2001 qnae
640 1919 713 1981 vivo
734 1917 798 1996 ipni
818 1919 958 1980 decorato
972 1924 1169 1998 praematura
1185 1923 1277 1979 morte
1295 1916 1479 1980 inmortalem
1499 1915 1627 1979 neminie

435 2025 485 2086 sni
503 2023 645 2106 peneaoit
668 2025 844 2087 memoriam.

479 2129 655 2215 Lepidum,
687 2129 771 2214 quod
804 2150 914 2194 necem
946 2134 1099 2194 tentasset
1129 2128 1276 2207 Tiberio,
1300 2129 1398 2192 nicam
1422 2129 1627 2194 combustum

434 2258 503 2301 esse
533 2257 635 2321 poena
666 2236 887 2301 crudelissima
911 2244 943 2301 et
966 2240 1023 2300 vix
1046 2235 1154 2301 servili
1179 2239 1250 2320 quis
1273 2257 1389 2320 quaeso
1413 2237 1474 2300 sibi
1498 2258 1627 2321 persua·

435 2342 527 2419 deat,
560 2364 634 2408 cum
658 2347 861 2428 praesertim,
887 2346 914 2407 si
939 2364 1050 2408 revera
1072 2341 1105 2406 id
1129 2342 1312 2419 accidisset,
1338 2341 1478 2407 Velleius
1502 2363 1627 2408 mansu-

436 2450 579 2514 etudinis
603 2451 699 2514 huius
723 2449 929 2534 Imperatoris
952 2447 1098 2513 laudator
1120 2468 1191 2512 eam
1216 2469 1283 2512 rem
1307 2447 1417 2534 procul
1440 2447 1536 2515 dubio
1555 2452 1627 2514 reti-

435 2553 578 2621 auisset?
613 2555 726 2640 Lepidi
762 2563 870 2620 autem
905 2576 1008 2640 poena
1042 2553 1249 2640 probabiliter
1283 2553 1392 2618 eadem
1427 2554 1508 2633 fuit,
1547 2576 1625 2641 quae

437 2663 611 2727 Muraenae
639 2671 672 2727 et
694 2661 808 2726 Fannii
830 2667 977 2727 narratur
1000 2682 1066 2747 cap.
1093 2659 1134 2725 91
1160 2667 1239 2725 extr.
1263 2659 1306 2725 ut
1328 2661 1387 2726 hoc
1411 2662 1540 2747 quidem
1564 2685 1626 2727 non

436 2769 534 2833 latuit
554 2771 742 2854 interpretes
762 2769 858 2833 verba
878 2771 976 2845 „vivo
998 2768 1090 2855 igni”
1111 2769 1310 2853 ineptissime
1328 2768 1522 2853 explicantes
1534 2772 1626 2853 „igni

436 2874 553 2939 calenti
589 2874 795 2960 ardentique”
831 2874 927 2939 allata
962 2873 1085 2939 scilicet
1119 2872 1260 2938 formula
1294 2894 1374 2958 quae
1408 2881 1456 2939 eet
1490 2866 1626 2950 „vi'vum

434 2985 546 3069 ignem
571 2982 754 3061 devorare'’‚
780 2985 870 3067 quasi
893 2983 952 3046 hoc
975 2982 1044 3047 loco
1067 2989 1174 3047 nostro
1197 2978 1381 3047 conveniat!

482 3092 595 3175 Apage
618 3092 754 3174 ineptias
779 3098 811 3153 et
834 3092 972 3176 corrige:

483 3217 559 3279 qaae
581 3198 651 3260 viro
674 3194 740 3275 ipni
763 3196 919 3273 maenala,
943 3197 965 3259 i.
979 3216 1006 3259 e.
1031 3202 1103 3279 post
1126 3196 1236 3259 mariti
1258 3196 1417 3279 exequias.

484 3398 516 3463 Il
542 3398 584 3465 90
607 3398 667 3482 §L
692 3397 763 3463 Vid.
788 3419 884 3483 supra
907 3398 945 3464 ad
968 3332 1025 3463 1⁸1
1051 3396 1113 3482 §a

483 3617 516 3681 11
542 3616 583 3681 91
609 3617 670 3699 ᾗ4.
703 3618 812 3702 pompe
842 3619 888 3681 ita
912 3640 942 3680 ee
971 3639 1063 3680 meree
1093 3617 1217 3692 habent,
1241 3615 1368 3698 publica
1390 3618 1513 3701 quiaque
1535 3618 1626 3681 ruina

436 3724 527 3787 malit
550 3724 679 3787 occidere
701 3747 788 3808 qnam
810 3746 865 3786 sno
882 3723 1016 3805 proteri,
1040 3723 1118 3785 idem
1141 3743 1292 3807 passurus
1315 3724 1412 3801 minue
1433 3724 1573 3806 conspici.

484 3829 597 3893 Nonne
631 3833 740 3914 potius
774 3837 976 3915 expectatur:
1011 3830 1089 3893 idem
1123 3849 1235 3914 passus
1262 3831 1296 3907 (i.
1321 3849 1348 3893 e.
1373 3832 1506 3909 occisus)
1529 3830 1626 3894 minae

432 3935 595 4018 conepiei?

479 4138 512 4203 ΙΙ
537 4137 580 4203 93
604 4138 651 4223 §l
677 4144 757 4204 extr.
783 4141 936 4203 ammodum
957 4138 1082 4203 invenie.

479 4244 669 4311 Constanter
700 4247 759 4312 hoc
790 4246 960 4310 verborum
993 4245 1102 4310 ordine
1135 4244 1278 4310 Velleius
1308 4246 1372 4312 fere
1404 4253 1513 4313 contra
1542 4252 1623 4313 anti-

429 4355 588 4438 quiorum
623 4351 903 4428 consuetudinem,
939 4354 994 4437 qui
1029 4351 1219 4416 adverbium
1254 4354 1409 4416 admodum
1438 4362 1624 4440 postponere

426 4457 573 4525 assolent
596 4457 770 4522 adiectivis.

480 4677 511 4742 II
545 4654 608 4742 112
639 4678 711 4762 §u
744 4678 791 4740 ita
815 4678 957 4760 placebat
988 4679 1123 4741 barbarie
1156 4702 1294 4742 nnmerne
1323 4701 1411 4756 earm,
1444 4679 1490 4742 ita
1504 4681 1624 4763 fidncia

443 4786 573 4866 viriam,
597 4793 630 4850 nt
652 4786 822 4876 abicumque
848 4787 1067 4866 Crenaccam,
1092 4784 1175 4850 nihil
1196 4788 1230 4854 iu
1253 4807 1286 4851 se
1308 4791 1503 4879 reponerent.
