4525 5950
970 716 1112 764 recrees.
1567 696 1632 761 319

441 886 604 967 cogitare,
634 884 668 946 in
693 902 755 965 quo
779 886 812 945 et
834 884 904 966 ipso
927 884 1014 947 vocis
1031 882 1142 965 soleae
1165 885 1214 946 vis
1238 885 1324 947 insit.
1349 882 1398 946 Ad
1422 884 1536 946 incitas
1560 902 1636 966 ergo

440 990 573 1074 redigor
607 987 666 1052 hae
701 986 887 1072 Nipperdeii
920 990 1141 1052 annotatione:
1179 988 1305 1073 „faleor
1339 987 1426 1052 steht
1459 990 1492 1050 in
1524 986 1635 1050 keiner

440 1093 655 1178 Verbindung
688 1094 750 1156 mit
780 1092 956 1173 compositae
985 1092 1095 1156 senff:
1128 1113 1203 1157 nam
1234 1093 1332 1159 verba
1362 1092 1525 1156 recentibus
1554 1091 1634 1155 odiis

440 1207 609 1285 tamquam
643 1196 842 1274 „ablativum
866 1197 975 1262 modi’'
1004 1201 1143 1282 accipere
1167 1201 1264 1263 nimia
1286 1199 1405 1263 durum
1427 1198 1573 1264 videtur:
1598 1217 1634 1261 eo

438 1309 529 1370 enim
553 1310 629 1369 sunt
652 1302 722 1368 loeo
746 1305 849 1388 posita
871 1311 914 1371 ut,
932 1326 1051 1365 caesore
1074 1302 1210 1368 alieuius
1233 1307 1279 1368 rei
1298 1307 1338 1368 iis
1355 1304 1489 1369 indicari
1508 1308 1636 1367 tantum

438 1432 503 1474 non
537 1415 663 1474 certum
695 1408 853 1471 videatur.
887 1407 1038 1492 Aliquam
1070 1413 1178 1472 tamen
1209 1411 1298 1473 etin
1321 1429 1393 1473 mea
1415 1411 1518 1474 inesse
1541 1410 1637 1472 intor-

436 1518 621 1601 pretatione
654 1514 808 1577 duritiam
837 1512 984 1587 lubenter
1006 1534 1156 1599 agnosce.
1180 1512 1297 1579 Facere
1320 1536 1397 1600 ergo
1421 1536 1483 1578 non
1506 1535 1638 1600 possum

437 1623 519 1706 quin
549 1622 584 1682 in
614 1619 791 1701 compositae
822 1621 941 1683 vitium
971 1618 1071 1683 latere
1094 1621 1246 1702 suspicer.
1271 1619 1333 1683 Sed
1357 1622 1391 1683 in
1413 1624 1568 1705 promptu
1590 1624 1639 1684 est

438 1725 623 1790 emendatio
644 1724 817 1789 admodum
836 1723 926 1789 lenis.
948 1722 1049 1790 Credo
1069 1727 1157 1788 enim
1174 1723 1321 1789 Tacitum
1335 1725 1459 1790 dedisse
1471 1730 1637 1806 corruptae.

438 1832 467 1896 Il
492 1837 615 1913 popter
638 1829 729 1895 facile
753 1831 882 1912 >poeitae
905 1832 992 1895 nasei
1015 1832 1156 1914 potuisse
1180 1832 1252 1915 quis
1271 1828 1388 1916 neget?
1405 1829 1495 1910 Quod
1515 1829 1554 1894 ad
1573 1850 1639 1894 sen·

437 1957 514 2001 sum
535 1937 625 2000 verbi
645 1936 868 2018 corrumpendi,
890 1956 953 2019 quo
973 1956 1054 2020 opus
1072 1935 1125 1999 hio
1141 1943 1204 2012 est,
1221 1938 1374 2020 pertinet,
1395 1936 1435 2000 cf.
1457 1937 1494 1998 A.
1508 1933 1561 1998 IV.
1576 1934 1635 1998 11:

440 2048 553 2127 „(peto
583 2042 622 2106 ab
653 2041 707 2119 iis)
735 2061 873 2125 quorum
894 2043 928 2104 in
952 2061 1067 2105 manus
1090 2061 1167 2105 cura
1189 2047 1298 2105 nostra
1320 2043 1444 2105 venerit
1469 2061 1508 2105 ne
1531 2039 1635 2105 divul-

438 2156 519 2234 gata
623 2149 709 2211 veris
732 2167 834 2231 neque
857 2147 891 2208 ie
913 2146 1089 2209 miraculum
1112 2145 1260 2227 correptio
1282 2145 1526 2210 antehabeant.''

485 2253 513 2330 l,
540 2252 569 2316 6.
603 2252 777 2337 Postquam
808 2253 950 2315 narravit
981 2250 1146 2315 Tiberium
1172 2254 1312 2316 oratione
1334 2254 1368 2315 in
1391 2259 1503 2315 senatu
1525 2251 1635 2315 habita

440 2360 480 2424 de
507 2361 669 2445 Agrippae
692 2358 842 2422 Postumi
865 2368 969 2422 morte
991 2360 1039 2421 ita
1057 2357 1244 2422 disseruisse
1263 2362 1302 2421 ut
1319 2360 1428 2442 ipsum
1448 2357 1634 2442 Augustum

439 2467 571 2529 iussisse
602 2462 822 2535 contenderet,
854 2461 1050 2547 simulatque
1073 2465 1143 2546 ipse
1165 2463 1251 2527 diem
1276 2483 1464 2547 supremum
1487 2462 1636 2538 obiisset,

392 2640 395 2645 ,
440 2569 540 2634 illum
565 2568 604 2633 de
628 2567 735 2632 medio
758 2566 849 2644 tolli,
873 2570 917 2632 sic
941 2567 1070 2633 Tacitus
1094 2571 1219 2653 pergit:

488 2672 619 2751 „Multa
639 2674 706 2737 sine
726 2672 822 2737 dubio
842 2693 999 2757 saevaque
1018 2673 1188 2758 Augustus
1208 2672 1246 2738 de
1267 2674 1410 2738 moribus
1423 2671 1635 2736 adulescentis

439 2787 591 2866 questus,
612 2786 649 2844 ut
671 2778 805 2843 exilium
829 2781 898 2843 eius
921 2786 1049 2843 senatus
1073 2779 1219 2844 consulto
1239 2782 1423 2856 sanciretur,
1444 2778 1633 2864 perfecerat:

437 2895 584 2952 ceterum
607 2888 641 2948 in
664 2883 787 2949 nullius
810 2905 953 2969 unquam
975 2906 1109 2950 suorum
1130 2906 1240 2950 necem
1259 2885 1406 2962 duravit,
1430 2904 1532 2969 neque
1552 2904 1635 2949 mor-

437 3001 506 3060 tem
530 2995 639 3077 nepoti
661 3014 719 3077 pro
742 2994 913 3056 securitate
936 2995 1079 3077 privigni
1102 2992 1228 3058 illatam
1251 2992 1403 3058 credibile
1426 2991 1527 3057 erat.'’

484 3098 643 3178 Quoniam
675 3097 761 3161 haud
790 3097 885 3183 dubie
916 3097 1047 3163 Tacitus
1075 3101 1144 3183 ipse
1176 3099 1299 3164 duobus
1331 3100 1530 3184 argumentis
1555 3117 1573 3161 a
1597 3117 1630 3161 se

436 3206 581 3269 inventis
603 3204 655 3267 bic
679 3202 797 3267 Tiberii
821 3203 1024 3269 mendacium
1048 3205 1188 3269 refutare
1212 3204 1336 3281 studet,
1357 3226 1418 3268 non
1439 3204 1517 3288 quid
1536 3202 1574 3267 de
1593 3224 1630 3266 eo

438 3318 515 3375 tuno
550 3315 710 3373 senatores
745 3311 924 3373 censuerint
955 3310 1067 3386 refert,
1100 3331 1157 3394 pro
1190 3309 1332 3373 credibile
1362 3317 1427 3372 eret
1457 3307 1630 3395 legendum

436 3413 583 3478 credit-ilc
606 3420 650 3477 est
668 3434 787 3478 censeo.
814 3412 896 3477 Nam
917 3435 1013 3498 quem
1033 3413 1143 3479 locum
1161 3415 1213 3479 hic
1232 3415 1322 3480 affert
1341 3414 1510 3478 Furneanx
1532 3435 1557 3479 c.
1573 3412 1631 3476 53:

486 3520 638 3596 „literae,
671 3540 749 3603 quas
778 3517 861 3583 Iulia
891 3523 975 3604 patri
1007 3521 1157 3606 Augusto
1183 3542 1257 3585 cum
1281 3523 1486 3586 insectatione
1510 3520 1632 3585 Tiberii

437 3627 586 3710 scripsit,
610 3645 628 3688 a
651 3622 794 3689 Graccho
818 3627 1011 3708 compositae
1034 3625 1263 3690 credebantur*

436 3734 509 3796 eius
541 3735 610 3793 tam
640 3730 766 3794 diversa
796 3735 845 3793 est
875 3729 1015 3806 indoles,
1039 3733 1134 3794 utin
1158 3751 1194 3795 eo
1218 3753 1280 3796 non
1305 3731 1518 3815 spernendum
1542 3751 1631 3795 meae

434 3838 639 3901 coniecturae
661 3836 764 3899 inesse
787 3834 1027 3899 firmamentum
1051 3856 1240 3919 persuasum
1264 3837 1346 3900 mihi
1364 3839 1416 3900 sit.
1441 3834 1570 3913 Altero,
1592 3837 1630 3900 ad

434 3962 534 4027 quem
559 3940 646 4004 idem
668 3961 699 4004 v.
714 3940 743 4004 d.
768 3946 936 4025 provocat,
960 3940 1014 4017 IV,
1040 3939 1099 4006 74:
1581 3926 1583 3929 Α

483 4045 591 4122 „Satis
613 4046 777 4110 constabat
798 4054 926 4110 auctam
950 4048 980 4110 ei
999 4045 1138 4127 (Seiano)
1158 4047 1378 4133 adrogantiam
1398 4047 1527 4113 foedum
1545 4046 1626 4112 illud

431 4156 467 4216 in
492 4150 664 4235 propatulo
689 4153 858 4217 servitium
882 4154 1060 4236 spectanti”

434 4279 495 4343 pro
528 4257 680 4320 comtotet
709 4255 883 4341 legendum
913 4277 981 4322 esse
1005 4264 1119 4321 constet
1143 4279 1218 4323 mox
1243 4259 1459 4324 demonstrare
1484 4259 1629 4335 conabor,

431 4364 533 4447 idque
557 4369 766 4447 argumento,
793 4370 829 4427 ut
851 4364 933 4427 mihi
958 4363 1087 4448 quidem
1110 4365 1250 4441 videtur,
1274 4368 1461 4430 certissimo.

481 4466 508 4544 I,
542 4465 578 4532 7:
622 4467 788 4542 „Tiberius
822 4474 937 4533 cuncta
971 4490 1027 4553 per
1061 4468 1205 4535 consules
1239 4472 1426 4554 incipiebat,
1462 4477 1628 4555 tamquam
1693 4530 1695 4535 .

432 4579 544 4640 vetere
574 4572 737 4658 republica
767 4579 800 4638 et
830 4574 1004 4659 ambiguus
1028 4576 1218 4660 imperandi.
1243 4576 1290 4641 Ne
1314 4576 1456 4640 edictum
1481 4577 1630 4661 quidem,

431 4700 498 4764 quo
529 4683 636 4762 patres
666 4680 700 4742 in
731 4681 854 4743 curiam
876 4681 1029 4756 vocabat,
1054 4683 1115 4744 nisi
1141 4682 1329 4746 tribuniciae
1352 4685 1520 4765 potestatis
1543 4703 1631 4773 prae·

431 4786 608 4869 scriptione
631 4786 740 4868 posuit
762 4786 821 4849 sub
845 4786 993 4871 Augusto
1012 4792 1167 4870 acceptae.
1189 4786 1289 4851 Verba
1309 4788 1403 4851 edicti
1422 4788 1510 4853 fuere
1529 4810 1630 4874 pauca
