4525 5950
955 690 1110 738 nonanus.
1566 675 1630 740 305

434 858 521 940 (scil.
546 857 629 943 apud
654 856 764 944 Verg.)
797 856 888 932 „est”
915 863 1030 920 -est
1060 862 1170 920 autem
1200 876 1317 919 nomen
1350 856 1475 940 „potis”
1501 858 1632 921 etfacit

435 967 541 1049 potis,
566 967 681 1049 potior,
706 965 903 1048 potissimus.

483 1070 650 1135 Habemus
673 1070 759 1134 hunc
782 1089 908 1153 quoque
931 1070 1125 1154 magistrum
1148 1069 1182 1132 in
1207 1067 1313 1132 medio
1337 1067 1472 1133 Donato.

485 1237 532 1301 lll
565 1235 651 1301 1.10
684 1236 789 1316 „Quid
821 1235 911 1300 hoc’'.
943 1234 1042 1301 Don.:
1075 1257 1170 1301 senex
1195 1237 1404 1306 ε’)ιιιιιπσιιιώς.
1475 1237 1632 1301 Adiunxit

434 1344 483 1407 B:
508 1344 596 1409 deest
619 1346 705 1409 enim
732 1345 799 1420 „rei
823 1342 904 1408 est’'.

488 1495 527 1559 ll
553 1495 601 1576 (l)
624 1495 733 1560 Adeon
758 1502 805 1560 est
828 1492 978 1560 demens?
1002 1515 1040 1560 ex
1063 1491 1251 1580 peregrinat
1275 1494 1344 1560 lam
1370 1497 1453 1573 scio,
1480 1494 1538 1560 ahl

483 1602 580 1666 Don.:
602 1601 743 1681 ἔλλειψις
764 1621 820 1686 per
840 1600 1049 1672 ἀποσιώπησιν
1063 1602 1321 1685 aptaoogitanti;
1344 1599 1627 1686 reliquumautem

434 1711 483 1772 sie
519 1710 705 1793 pronuntiat
738 1708 830 1791 quasi
862 1711 986 1790 reperto
1017 1704 1159 1770 consilio.
1223 1706 1287 1785 (4):
1329 1728 1389 1782 „ex
1422 1709 1631 1793 peregrina”:

436 1814 666 1890 ἀποσιώπησις,
697 1812 785 1876 deest
807 1814 894 1876 enim
920 1816 978 1887 „ut
1001 1809 1107 1874 filium
1132 1810 1306 1895 suscipiat”
1331 1818 1387 1875 aut
1410 1811 1533 1897 aliquid
1557 1813 1630 1878 tale.

486 1919 565 1983 licce
589 1917 758 1982 discrimen
780 1921 865 1981 inter
887 1916 1041 1981 subtilem
1065 1915 1260 2001 elegantiam
1279 1914 1415 1994 Donati,
1436 1921 1492 2002 qui
1511 1922 1632 2005 aposio-

435 2028 522 2109 pesis
564 2030 712 2089 naturam
746 2022 857 2088 lectori
892 2019 1139 2107 intelligendam
1175 2019 1329 2106 relinquit
1368 2029 1401 2087 et
1440 2023 1629 2109 plumbeum

436 2133 589 2215 magistri
612 2129 886 2215 supplementum.

485 2235 635 2302 Ceterum
655 2237 760 2300 denuo
780 2235 830 2315 (i)
851 2244 883 2300 et
901 2235 950 2315 (4)
969 2255 1007 2299 ex
1029 2234 1156 2300 diverso
1176 2233 1263 2299 sonte
1282 2233 1454 2299 derivanda
1471 2237 1631 2301 videntur.

488 2404 528 2469 19
562 2402 671 2480 „Num
701 2405 908 2466 immemores
931 2397 1124 2485 discipuli?”
1157 2399 1253 2465 Deest
1278 2401 1415 2476 ‚‚nuoc'’.
1440 2401 1630 2488 Schopen

436 2513 575 2575 correxit
599 2508 728 2586 „sunt’'.
752 2507 899 2572 Fortasse
922 2506 1095 2591 legendum
1120 2527 1226 2582 „nunc
1249 2506 1358 2571 aunt''.

484 2677 530 2742 Ill
561 2676 648 2740 216
687 2674 796 2752 „Num
828 2672 1005 2740 veritast’.
1042 2677 1107 2755 (2):
1140 2673 1322 2739 Veretur
1352 2674 1443 2752 liber,
1476 2679 1633 2741 metuit

438 2805 550 2849 servus
583 2819 625 2831 -
656 2781 722 2861 (3):
755 2789 784 2844 ct
814 2783 896 2844 dccet
927 2780 1019 2857 ‚‚cs’':
1051 2787 1125 2862 apta
1157 2780 1295 2858 ἔλλειψις
1321 2782 1464 2845 irascenti
1489 2782 1632 2847 -alibi

435 2889 582 2968 (Phorm.
607 2887 638 2951 Il
664 2886 692 2952 1.
707 2886 742 2967 2)
767 2907 851 2963 „non
875 2885 1076 2951 simultatem
1101 2907 1208 2951 meam
1227 2885 1406 2953 revereril”
1453 2887 1506 2952 Sic
1525 2887 1632 2952 locum

437 2995 526 3060 dedit
550 2995 810 3070 Wessnerus,
837 2993 891 3059 sed
914 2995 1023 3058 minus
1047 3002 1141 3059 reete.

484 3102 605 3166 Locum
629 3122 645 3165 e
669 3101 864 3165 Phormione
886 3099 1029 3164 Donatus
1053 3102 1098 3163 sio
1122 3099 1271 3186 legebat:

484 3209 549 3272 Neo
573 3228 683 3272 meum
707 3207 899 3291 imperium,
925 3226 984 3290 age
1008 3212 1078 3290 (pro
1101 3226 1161 3283 ac,
1186 3206 1226 3271 ci.
1250 3206 1385 3292 Umpf.)‚
1410 3210 1506 3272 mitto
1532 3210 1633 3293 impe·

437 3318 544 3391 rium,
569 3335 630 3377 non
656 3311 856 3376 simultatem
882 3331 988 3376 meam
1011 3314 1150 3377 revereri
1175 3311 1290 3377 saltem

485 3427 517 3483 et
548 3418 735 3484 adnotabat:
770 3417 857 3494 „Nec
887 3439 931 3481 m.
963 3416 1064 3503 imp.'’
1096 3438 1167 3482 rara
1202 3419 1429 3494 ἀποσιώπησις,
1462 3439 1536 3483 nam
1568 3441 1631 3484 non

435 3529 584 3611 sequitur
605 3523 715 3602 „sed'',
735 3522 849 3588 intulit
867 3526 952 3588 enim
975 3523 1092 3609 „age”;
1110 3524 1423 3589 subauditurautem
1438 3526 1631 3603 „revereri”‚

434 3636 481 3697 sic
502 3631 687 3696 Lucretius:
714 3651 838 3707 „nonne
859 3629 988 3695 videre”
1009 3627 1054 3708 (ll
1075 3628 1142 3706 16).
1190 3630 1247 3694 Dat
1265 3632 1369 3715 igitur
1387 3629 1532 3695 Donatus
1551 3634 1631 3716 ipse,

435 3740 493 3822 qui
514 3737 653 3814 ἔλλειψιν
673 3738 902 3800 irascentis
922 3738 954 3799 in
974 3736 1035 3800 hoc
1054 3735 1192 3801 Andriae
1209 3734 1279 3800 loco
1296 3734 1473 3801 illustravit
1485 3737 1632 3822 exemplo

436 3843 560 3927 ellipsis
585 3840 636 3907 vel
660 3843 852 3926 aposiopesis
874 3842 1040 3906 irascentis
1062 3843 1096 3906 in
1120 3841 1325 3906 Phormione.
1360 3842 1471 3927 ltaque
1494 3863 1581 3927 mag.
1606 3843 1633 3907 B

435 3949 525 4014 dedit
544 3955 671 4012 tantum
684 3955 712 4010 ct
722 3946 804 4010 decet
816 3947 899 4024 „cc’',
920 3968 1103 4032 perperam,
1122 3967 1197 4011 nom
1210 3947 1376 4023 „veritus”
1389 3972 1428 3996 =
1443 3948 1632 4023 „veritu’s”.

434 4055 626 4139 Sequentia:
659 4060 755 4137 „apta
779 4051 845 4115 ἓιιο.
870 4053 931 4116 ir.’'
957 4073 984 4117 e.
998 4074 1027 4138 q.
1041 4075 1065 4117 s.
1090 4054 1231 4138 genuina
1253 4059 1329 4116 sunt
1352 4052 1479 4117 Donati.
1503 4052 1631 4118 Falsam

433 4161 648 4226 differentiam
672 4159 736 4240 (2):
763 4166 914 4234 „veretur
937 4157 960 4221 l.
984 4179 1029 4222 m.
1054 4158 1101 4222 s.’'
1127 4156 1207 4222 olim
1230 4157 1372 4223 vidimus
1397 4179 1415 4222 a
1438 4158 1633 4245 Philosopho

432 4272 602 4333 inventam
625 4286 693 4329 esse
716 4263 852 4343 (Mnem.
879 4262 1007 4328 XXXII
1032 4286 1062 4348 p.
1087 4260 1178 4344 217).

480 4418 527 4482 lll
552 4416 616 4481 3.l
641 4415 707 4495 (3):
733 4415 775 4479 llt
798 4416 886 4480 deest
911 4414 1087 4492 „salvere'’‚
1111 4415 1196 4500 quod
1219 4419 1413 4501 opprimitur
1436 4417 1474 4482 ab
1497 4417 1630 4518 alterius

432 4544 586 4610 personae
604 4525 800 4586 interventu.
846 4521 1013 4586 Invenitur
1033 4523 1146 4586 hocin
1165 4522 1272 4586 medio
1292 4521 1411 4587 scholio
1431 4522 1548 4588 Donati
1569 4545 1631 4588 una

430 4652 508 4695 cum
532 4627 777 4713 interpolatione
800 4630 950 4713 magistri
973 4628 1002 4691 A
1028 4629 1081 4705 (ol.
1107 4648 1203 4711 supra
1227 4650 1257 4713 p.
1283 4626 1373 4705 291).

479 4796 500 4860 3
527 4794 643 4872 „Visa”
670 4793 758 4859 deest
784 4794 868 4871 ‚,te”.
917 4792 1014 4858 Don.:
1039 4793 1077 4858 ad
1101 4793 1278 4859 videndum
1302 4796 1406 4861 venio.
