4525 5950
639 686 704 752 246
1156 706 1310 755 ocurras.

685 873 732 935 An
767 871 1045 958 „quadrupedem”
1076 894 1134 958 pro
1164 894 1258 939 cervo
1289 894 1325 938 ac
1355 874 1495 961 fugitivo
1518 871 1653 960 posuit?
1679 873 1733 940 Sic
1758 873 1828 939 Ver·

636 977 753 1064 gilius:
780 981 927 1055 „saucius
950 985 983 1044 at
1006 979 1184 1065 quadrupes
1207 986 1348 1061 (cervus)
1371 987 1445 1046 nota
1466 982 1551 1045 intra
1575 988 1663 1046 tecta
1687 980 1828 1068 refugit’

639 1083 711 1164 (VII
737 1083 825 1164 500).

681 1191 827 1257 Tertium
849 1191 992 1257 scholion
1016 1214 1089 1257 cum
1113 1191 1261 1279 exemplo
1279 1192 1463 1280 Vergiliano
1481 1193 1670 1279 philosophi
1691 1196 1832 1259 acumini

640 1300 707 1363 sine
730 1297 827 1363 dubio
852 1298 993 1364 debetur.

686 1403 775 1470 Sitne
807 1407 947 1490 primum
980 1404 1095 1471 Donati
1127 1405 1249 1472 dubito.
1281 1404 1476 1471 scholiastae
1502 1404 1703 1471 desudarunt
1729 1409 1767 1471 in
1789 1407 1837 1471 hia

640 1513 761 1588 verbis,
786 1517 823 1576 ut
846 1511 936 1577 docet
960 1511 1184 1598 hingraphius:

687 1616 756 1683 Hoc
775 1625 838 1694 est,
857 1620 904 1682 ita
924 1638 998 1682 eum
1018 1665 1071 1682 ...
1093 1616 1231 1683 vinculis
1252 1617 1421 1704 colligato,
1445 1626 1482 1683 ut
1501 1616 1837 1703 quadrupedem...

641 1746 716 1790 cum
745 1726 814 1789 eius
843 1745 955 1789 manus
979 1731 1190 1790 retrovertens
1213 1724 1403 1810 compedum
1426 1724 1576 1810 ligaturis
1599 1724 1724 1790 afficias
1751 1729 1842 1810 quasi

642 1830 889 1916 quadrupedem.
924 1831 1060 1910 Quidam
1097 1831 1156 1897 hoc
1186 1831 1297 1897 aliter:
1329 1835 1420 1917 quasi
1451 1831 1600 1896 domiuus
1632 1833 1842 1899 iracundiam

641 1958 733 2003 suam
762 1937 955 2003 derivaverit
986 1945 1018 2003 et
1046 1936 1112 2002 leni
1142 1959 1219 2004 voce
1251 1938 1384 2015 dixerit,
1410 1944 1448 2002 nt
1471 1959 1534 2002 nou
1556 1939 1689 2022 ipsum,
1715 1938 1778 2004 sed
1801 1942 1844 2004 iu·

643 2051 790 2110 mentum
813 2042 943 2130 aliquod
965 2041 1096 2131 alligati

686 2196 712 2260 V
737 2196 767 2260 4.
782 2194 835 2260 18.
859 2197 930 2261 Non
954 2203 991 2262 tu
1015 2204 1110 2262 tuum
1135 2195 1259 2262 malum
1283 2217 1382 2282 aequo
1407 2198 1516 2261 animo
1540 2194 1652 2261 feras?

690 2302 785 2369 Don.:
812 2301 957 2380 „malum
981 2300 1122 2368 ieros?’':
1150 2324 1234 2380 „non
1256 2302 1378 2380 filium,
1403 2302 1458 2367 sed
1482 2322 1624 2366 amorem
1650 2305 1687 2367 in
1714 2303 1800 2370 filio.

689 2409 790 2474 Addit
813 2408 883 2474 ille:
908 2429 947 2474 an
972 2411 1046 2495 quia
1068 2412 1170 2474 iratus
1195 2406 1264 2474 asti

689 2562 743 2628 26.
776 2562 874 2628 Dou.:
901 2560 1028 2638 „Parii”
1052 2561 1112 2626 hoc
1137 2559 1326 2646 Pamphilus
1349 2567 1477 2646 proptor
1499 2558 1702 2626 iracundiam
1733 2566 1842 2648 patris.

691 2668 790 2734 Addit
820 2667 891 2733 ille:
929 2689 967 2732 an
992 2665 1138 2733 Chromis
1162 2674 1210 2732 ost
1233 2666 1370 2733 dolentis
1392 2666 1444 2733 vel
1467 2669 1535 2733 eius
1558 2671 1771 2735 mentionem
1795 2667 1842 2735 vel

646 2775 728 2862 quod
752 2777 786 2839 in
809 2773 915 2839 filium
937 2794 1036 2859 paene
1060 2770 1226 2859 peccarat?

690 2925 743 2992 36.
768 2925 948 3004 Incertum,
973 2931 1085 2992 utrum
1108 2929 1164 3012 qui
1183 2923 1366 3013 gratulatur
1385 2923 1475 2991 Simo
1495 2928 1555 3003 sit,
1576 2930 1734 3011 quamvis
1756 2928 1843 2995 Pam-

644 3033 752 3121 philus
783 3033 986 3118 respondeat3
1020 3040 1124 3118 potest
1156 3035 1241 3098 enim
1258 3034 1280 3113 ¹)
1314 3032 1444 3118 „pater”
1477 3040 1510 3098 et
1541 3031 1699 3099 Chremes
1726 3037 1839 3103 videri.

689 3138 780 3205 Nihil
803 3143 962 3204 incertum
988 3148 1046 3204 eat.

703 3346 772 3430 §d
805 3343 1060 3430 Philosophi
1091 3342 1254 3409 scholia
1284 3344 1332 3409 ad
1367 3344 1662 3409 Phormionem
1696 3345 1790 3413 113.

694 3533 722 3598 1.
747 3532 941 3600 Differentia.

694 3687 730 3751 In
753 3690 833 3752 serie
860 3711 887 3753 c.

610 3873 612 3877 Α
695 3792 1033 3879 33.1.(sabb.11p.
1062 3792 1140 3871 113)

763 3899 864 3978 Quem
889 3902 1029 3964 amicum
1055 3907 1145 3965 tuom
1169 3902 1214 3964 ais
1239 3900 1336 3965 fuisse
1359 3902 1477 3975 istum,
1502 3896 1636 3983 explana
1662 3900 1772 3979 mihr,

761 4005 804 4070 Et
828 4008 883 4089 qui
907 4013 1079 4093 cognatum
1104 4027 1155 4071 me
1179 4007 1239 4071 sibi
1264 4028 1331 4071 esse
1355 4006 1473 4071 diceret

695 4112 794 4187 „Ais”
826 4111 961 4176 dicimus
993 4112 1031 4177 de
1062 4113 1128 4191 his,
1161 4117 1217 4198 qui
1246 4133 1325 4178 vana
1348 4112 1529 4198 loquantur,
1556 4110 1705 4188 „dicere”
1734 4124 1844 4181 autem

650 4217 688 4281 de
711 4217 779 4294 his,
804 4220 859 4303 qui
884 4217 1046 4283 validiora.

697 4322 881 4388 Differentia
905 4324 1021 4389 hausta
1043 4345 1081 4389 ex
1104 4328 1174 4410 ipso
1198 4346 1309 4401 versu,
1334 4344 1414 4408 quae
1438 4333 1546 4388 tamen
1569 4343 1667 4409 quam
1693 4325 1780 4392 salsa
1805 4350 1848 4392 aa·

650 4436 714 4504 set,
740 4429 849 4494 docere
875 4431 1038 4495 homiuem
1059 4434 1165 4516 potuit
1184 4453 1213 4495 v.
1236 4452 1368 4517 sequeus
1388 4431 1444 4495 ubi
1467 4429 1626 4507 „diceret”
1649 4452 1714 4495 non
1738 4438 1848 4498 minus

650 4556 733 4601 vana
763 4535 943 4620 loquentem
974 4537 1102 4600 indicat.
1129 4535 1244 4602 Confer
1270 4546 1431 4621 praeterea
1454 4557 1534 4621 quae
1558 4535 1595 4601 de
1620 4538 1723 4603 verbo
1753 4541 1847 4617 „aio”

651 4642 815 4706 adnotavit
838 4643 877 4705 ad
902 4643 998 4706 Andr.
1024 4641 1054 4706 ll
1077 4645 1108 4707 2.
1126 4644 1176 4721 16,
1201 4664 1297 4728 supra
1323 4664 1354 4728 p.
1381 4641 1457 4707 223.

689 4832 714 4890 l)
732 4831 767 4878 ef.
789 4830 798 4878 l
817 4830 881 4879 aaa
902 4834 994 4895 «potest
1011 4831 1098 4881 anim”.
