4525 5950
910 696 1151 747 οιιιιοειιιιιιιιιο.
1560 680 1625 746 413

435 862 631 946 προσυβρίζει
656 864 707 928 καὶ
734 863 784 927 τὸν
809 862 953 941 ύμὲτιρον
977 863 1069 927 κοινὸν
1095 861 1273 942 ςύφοινον
1298 864 1350 927 καὶ
1376 864 1410 928 τὸ
1435 874 1491 938 τῆς
1512 863 1630 937 πύλεξις

433 972 543 1049 ὄνομα.
567 972 617 1038 116
640 977 705 1048 est3
738 969 822 1057 quod
845 973 944 1036 etiem
967 970 1095 1036 eiiunde
1121 973 1199 1036 satie
1223 971 1390 1049 novimus,
1415 971 1525 1037 sedent
1548 972 1632 1037 thee·

435 1078 599 1144 mothetee
617 1099 675 1163 pro
694 1075 848 1143 tribunali
864 1077 1011 1154 coronati,
1032 1077 1105 1143 vide
1124 1076 1219 1143 modo
1237 1075 1460 1163 ’1116666527
1481 1101 1511 1164 p.
1529 1077 1626 1156 1330,

433 1185 573 1270 indeque
608 1184 853 1272 corrigendum:
890 1185 944 1248 ἐὰν
979 1185 1011 1248 δὲ
1047 1184 1377 1264 ἕςεφανιιμένιν,
1413 1182 1525 1262 ἄτιμος
1557 1184 1625 1252 ἶσοι

434 1290 597 1367 natinaei.
628 1289 675 1355 De
697 1290 757 1355 hoe
779 1288 848 1356 1666
872 1288 934 1355 alia
957 1290 1031 1356 vide
1053 1289 1140 1376 epud
1164 1287 1322 1356 Oobetum
1346 1291 1479 1357 Μὶιιιύύ.
1504 1312 1535 1377 p.
1561 1290 1626 1356 505

433 1405 468 1463 61
501 1396 586 1482 apud
617 1395 868 1462 Herwerdenum
892 1396 1004 1461 Μαρια.
1031 1394 1118 1463 1873
1143 1419 1173 1482 p.
1199 1394 1275 1474 307,
1307 1400 1359 1462 eui
1383 1399 1531 1463 convenit
1555 1418 1630 1462 eum

438 1502 585 1571 Dobraeo
608 1527 638 1590 p.
665 1503 741 1569 458.

484 1718 502 1801 5
524 1714 567 1780 38
591 1737 621 1800 p.
647 1713 732 1780 526:
764 1715 778 1780 d
802 1712 977 1794 Πολύζηλος
1002 1715 1075 1794 dmi
1100 1714 1151 1778 καὶ
1177 1713 1287 1795 τρόπου
1312 1714 1480 1798 προπετεύρι
1504 1714 1631 1795 φύύσσς

436 1823 492 1887 τὸν
522 1822 672 1899 λογισμὸν
706 1821 909 1900 οὶμαρτεῖν
940 1815 1101 1900 ἔφησεν.
1134 1819 1183 1886 lta
1206 1819 1390 1886 Dindorfius
1415 1820 1532 1897 edidit,
1557 1841 1632 1885 eum

436 1930 604 1995 Parisinus
636 1927 718 1994 liber
749 1928 864 1992 habeat
894 1926 1041 2005 ἁμαρτὼν
1073 1924 1198 2006 ἔφησεν,
1231 1926 1288 1992 alii
1312 1931 1421 1993 eutem
1446 1924 1555 1991 ἔτεσιν
1577 1925 1630 1992 vel

436 2037 576 2101 ἔπαισεν.
609 2033 753 2099 Blessius
784 2039 821 2099 ut
854 2036 888 2098 in
920 2033 1085 2119 desperata
1115 2055 1148 2099 re
1178 2034 1292 2099 ducem
1323 2054 1419 2099 suum
1443 2032 1575 2119 reliquit
1598 2038 1630 2098 et

435 2163 514 2207 eum
538 2141 632 2207 Rhoe.
652 2139 766 2206 Walzii
789 2139 833 2205 IV
856 2161 887 2226 p.
912 2138 979 2205 250
1002 2139 1119 2205 edidit:
1145 2139 1273 2220 φύιύσας
1297 2140 1348 2205 τὸν
1371 2139 1521 2217 λογισμὸν
1545 2139 1631 2204 ἔται·

436 2271 499 2328 σιν,
531 2247 616 2334 quod
647 2268 721 2312 sene
748 2268 812 2312 non
835 2247 961 2312 fecisset
984 2247 1067 2310 siin
1091 2251 1235 2332 tempore
1259 2268 1382 2312 memor
1405 2247 1519 2312 fuisset
1542 2245 1631 2311 lucu·

435 2355 543 2422 lentae
566 2354 791 2440 disputationis
813 2356 846 2418 in
878 2352 980 2418 Variis
1001 2353 1210 2431 Lectionibus,
1234 2356 1268 2418 in
1292 2375 1355 2440 que
1378 2351 1516 2421 Cobetue
1536 2354 1629 2425 αὐτὸς

437 2461 535 2526 αὑτοῦ
570 2460 712 2539 ιιρούτιςοι
748 2460 820 2525 fuit.
857 2459 1016 2545 Equidem
1051 2460 1208 2525 scribam:
1239 2462 1366 2540 eodm
1397 2461 1448 2524 τὸν
1480 2463 1631 2538 λογισμὸν

439 2568 588 2647 ἁμαρτὼν
611 2568 760 2646 ἐφάνη,
786 2587 866 2652 quae
890 2567 1024 2632 minime
1048 2566 1191 2632 violente
1214 2570 1352 2633 mutatio
1377 2574 1436 2633 eet.

484 2789 502 2872 §
526 2786 570 2852 42
594 2809 625 2872 p.
651 2783 737 2851 527:
763 2787 851 2850 ἀλλὰ
874 2786 936 2864 μην
959 2786 1078 2860 ύπηνί
1086 2811 1136 2852 κα
1160 2788 1214 2851 καὶ
1239 2788 1407 2862 πεποιηκὼς
1428 2784 1449 2852 ἃ
1472 2794 1631 2867 κατηγορῶ

438 2894 492 2958 καὶ
526 2890 611 2972 ὕβρει
643 2893 814 2965 πεποιηκὼς
846 2892 1006 2971 φαίνεται.
1031 2892 1116 2958 Mire
1139 2892 1198 2959 hoe
1223 2894 1364 2972 dietum3
1390 2895 1629 2980 exspeetabam:

438 3001 530 3066 ἐπεὶ
556 3005 801 3076 τηλικαῦτα.

487 3205 569 3291 §49
593 3228 624 3291 p.
651 3204 733 3271 530:
765 3204 841 3270 εἰσὶν
871 3203 1095 3288 [Ἕλληνές]
1125 3228 1204 3275 τινες
1235 3203 1380 3285 ἅνθρωποι
1412 3203 1503 3278 ούτυι
1528 3204 1628 3288 ἥμεροι

440 3314 493 3378 nai
530 3313 738 3392 φιλάνθρωποι
774 3311 844 3383 τοὺς
879 3311 1024 3391 τρόπους,
1060 3313 1122 3377 ιισὲ.
1159 3311 1362 3377 Eiiciendum
1396 3313 1431 3377 id
1467 3314 1549 3399 qued
1581 3321 1630 3379 est

436 3420 654 3497 Ἕλληνες,
686 3420 797 3485 eadem
828 3418 866 3484 de
889 3439 984 3484 eausa
1005 3424 1199 3504 quapropter
1222 3421 1371 3484 continuo
1395 3426 1468 3504 post
1492 3417 1630 3486 Oobetus

440 3527 564 3598 δούλους
587 3528 698 3604 616611,
722 3526 762 3591 ef.
787 3526 919 3590 Mieeell,
945 3547 976 3610 p.
1001 3522 1078 3590 506.

487 3749 505 3832 5
526 3746 570 3812 50
592 3769 624 3832 p.
651 3743 734 3809 530:
760 3745 784 3807 ei
809 3745 900 3808 ταῦτ’
925 3743 1086 3808 ἀκούσειαν
1113 3744 1192 3825 [καὶ
1218 3749 1392 3829 συνεῖεν]
1415 3748 1440 3810 σι’
1464 3746 1629 3826 βάρβαροι.

439 3851 621 3939 insipidum
644 3851 911 3917 additamentum.

485 4057 568 4145 §65
598 4081 629 4144 p.
655 4056 739 4123 535:
773 4055 839 4122 ottt
870 4060 903 4133 ν’
929 4057 1022 4120 ἐκεῖνο
1054 4054 1149 4128 οὐδεὶς
1183 4056 1263 4132 ύμῶν
1294 4052 1348 4120 οἶδ’
1373 4053 1417 4121 ύσι
1450 4056 1629 4134 μνημονεύει

439 4162 1366 4250 πρότερον.8166166066]1ιιίίοοῑγερινημὲνον.

487 4386 569 4472 §65
601 4407 631 4470 p.
664 4382 740 4449 535.
776 4384 906 4471 Itaque,
942 4405 1017 4450 nam
1052 4384 1129 4449 haee
1161 4387 1314 4451 continuo
1344 4390 1416 4470 poet
1445 4390 1632 4471 sequuntur,

440 4514 536 4560 nemo
568 4494 799 4558 6161111611τῶν
822 4492 879 4567 μὲν
904 4492 1015 4570 ἐχθρῶν
1039 4491 1191 4564 ἀλληλοις
1214 4492 1320 4557 οὐδένα
1344 4493 1413 4558 ούτε
1438 4491 1634 4569 καλουμέ-

440 4627 510 4666 νων
542 4606 600 4663 τῶν
633 4606 737 4677 κριτῶν
769 4599 984 4676 παρεςηιιύτα,
1015 4597 1076 4662 ott·
1100 4596 1176 4663 ὅταν
1208 4598 1354 4673 ὀμνύωσιν
1379 4597 1629 4677 ἐξορκοῦντα.

440 4706 522 4772 Vere
558 4708 608 4769 uti
642 4707 753 4790 opinor
786 4702 1020 4769 Herwerdenus
1051 4703 1164 4768 Μαοιο.
1200 4702 1286 4770 1873
1318 4727 1348 4790 p.
1382 4703 1447 4770 308
1480 4706 1632 4769 coniecit:

444 4809 725 4890 κληρουμένων
749 4816 806 4881 τῶν
827 4814 948 4888 κριτῶν·
969 4808 1023 4877 sed
1048 4808 1125 4896 quid
1146 4808 1631 4890 16606ω116661ἐξορκούνταῖ
