4525 5950
635 637 702 701 300
1154 655 1310 703 nostrus.

679 818 706 879 V
730 818 795 883 3.6
821 819 930 894 „Num
954 819 1096 905 cogitat'’
1121 840 1149 883 e.
1162 840 1192 904 q.
1206 842 1229 884 s.
1255 818 1335 883 Don.
1360 819 1426 899 (4);
1453 832 1489 883 ut
1512 819 1618 885 solent
1645 824 1839 896 irascentes,

633 927 751 989 avertit
780 927 957 990 orationem
988 945 1008 989 a
1037 925 1174 990 secunda
1206 924 1246 989 ad
1276 928 1405 990 tertiam
1428 947 1610 1010 personsm.
1663 928 1716 990 A:
1740 927 1783 990 ab
1805 947 1840 990 ea

634 1052 707 1096 cum
732 1051 795 1116 qua
816 1030 1010 1116 loquebatur
1031 1030 1071 1095 ad
1093 1030 1202 1095 aliam.

683 1195 723 1260 16
750 1194 951 1271 „Sollicito''.
976 1194 1076 1261 Don.:
1101 1195 1274 1260 sollicitam
1300 1196 1405 1262 reddo.
1474 1200 1521 1261 A:
1545 1197 1659 1262 idest
1683 1200 1840 1262 contristo

632 1310 666 1367 et
690 1301 849 1386 perturbo.

681 1465 706 1529 V
744 1465 774 1528 4.
802 1465 844 1529 10
881 1467 949 1542 „Ac
985 1468 1182 1531 meretricios
1213 1486 1338 1531 amores
1369 1470 1516 1552 <nuptiis
1549 1465 1840 1552 conglutinas?>”

634 1570 736 1637 Don.:
768 1572 865 1637 Peius
894 1572 1050 1637 lenocinio
1079 1575 1199 1638 crimen
1231 1575 1384 1659 ingessit,
1414 1596 1477 1639 uon
1500 1576 1646 1639 amicam
1673 1575 1784 1640 facere
1805 1573 1840 1638 de

635 1681 817 1754 meretrice,
848 1677 902 1741 sed
934 1681 1115 1763 coniugem.
1186 1680 1231 1742 A:
1258 1681 1402 1764 „nuptiis
1425 1679 1659 1766 conglutinas”
1687 1682 1751 1746 hoc
1774 1701 1840 1766 gre

635 1786 708 1848 vius
730 1792 780 1848 est
802 1783 968 1848 lenocinio.

680 1950 724 2016 27
751 1950 1042 2025 „Rhamnusium''.
1063 1949 1162 2017 Don.:
1184 1950 1351 2027 Piraeum,
1373 1951 1538 2016 Rhamuus
1556 1958 1588 2016 et
1604 1957 1719 2017 cetera
1732 1953 1837 2016 huius

637 2056 723 2121 modi
747 2058 911 2121 maritima
936 2057 1061 2120 Atticas
1081 2059 1208 2142 propris
1227 2055 1444 2141 intellegenda
1462 2063 1547 2121 sunt.
1597 2059 1647 2121 A:
1673 2058 1837 2124 Bhsmnus

636 2182 739 2247 pagus
762 2163 888 2225 Atticae
911 2169 970 2226 est.

682 2326 708 2391 V
729 2326 795 2392 6.3
820 2327 934 2403 „More
955 2326 1124 2392 hominum
1144 2329 1273 2393 evenit”
1294 2350 1321 2394 e.
1334 2349 1364 2413 q.
1378 2351 1403 2395 s.
1425 2328 1524 2394 Don.:
1544 2329 1630 2408 Quia
1653 2331 1745 2396 fama
1763 2330 1835 2395 mali

637 2432 769 2499 celerior
798 2439 847 2498 ost
879 2454 976 2519 quem
1008 2435 1093 2499 boni.
1162 2437 1208 2498 A:
1240 2434 1273 2498 id
1303 2441 1368 2499 est:
1402 2441 1438 2499 ut
1471 2434 1598 2500 facilius
1623 2436 1718 2502 mala
1743 2458 1834 2522 quam

638 2541 719 2605 bona
742 2542 940 2604 nuntiantur.

681 2705 766 2771 Satis
797 2705 1020 2791 exemplorum
1050 2705 1173 2770 dedisse
1206 2707 1288 2770 mihi
1319 2705 1429 2771 videor
1459 2712 1497 2771 ut
1527 2718 1751 2792 cognoscatur
1773 2709 1836 2775 ludi

637 2815 802 2898 magister,
834 2833 895 2876 non
928 2818 994 2876 tam
1027 2810 1168 2877 Terentii
1199 2832 1296 2896 quam
1328 2811 1444 2876 Donati
1475 2815 1635 2897 interpres
1670 2814 1779 2880 fidelis
1809 2824 1835 2879 et

638 2917 815 2996 modestus,
837 2938 937 3002 aeque
956 2916 1101 2982 diversus
1125 2937 1144 2981 a
1167 2915 1363 3003 Philosopho
1385 2927 1481 3001 atque
1504 2917 1543 2983 ab
1567 2917 1644 2982 aliis
1669 2920 1838 3007 interpola·

637 3026 760 3090 toribus
791 3024 830 3090 ad
860 3045 939 3109 quos
970 3027 1034 3089 ism
1063 3030 1198 3088 transeo.
1231 3022 1266 3087 ln
1298 3024 1348 3088 his
1371 3031 1479 3088 sutem
1504 3022 1756 3109 distinguendis
1781 3049 1837 3091 uon

638 3137 705 3196 tam
736 3138 821 3195 certa
847 3133 996 3207 roserit,
1022 3150 1095 3195 cum
1120 3151 1182 3195 non
1206 3132 1252 3194 ita
1274 3132 1357 3194 iuter
1380 3152 1413 3194 se
1436 3129 1598 3211 differant,
1626 3141 1668 3196 ut
1693 3133 1782 3199 alter
1803 3134 1837 3198 ab

636 3237 735 3302 altero
757 3234 880 3322 liquido
904 3236 1039 3301 discerni
1063 3257 1189 3322 semper
1213 3238 1323 3320 possit.

681 3342 817 3407 Initium
851 3343 930 3407 secio
961 3344 999 3407 ab
1031 3341 1105 3418 illo,
1138 3362 1234 3426 quem
1265 3343 1425 3428 iusigniho
1456 3340 1565 3406 littera
1597 3341 1636 3406 B.
1675 3344 1839 3411 Dietiones

636 3448 814 3534 ellipticas,
846 3451 944 3513 etiam
976 3446 1246 3533 simplicissimas,
1278 3447 1388 3511 sedulo
1420 3446 1559 3512 indicare
1583 3449 1738 3529 studuit,
1767 3474 1839 3517 usus

637 3557 732 3619 certis
764 3553 930 3617 formulis:
955 3554 1089 3631 deest,
1113 3552 1231 3617 deest
1333 3559 1377 3616 ut
1401 3555 1476 3627 sit,
1500 3551 1591 3629 aliis,
1616 3563 1654 3618 et
1680 3579 1747 3622 non
1774 3581 1840 3624 raro

636 3659 729 3743 plura
753 3659 976 3744 supplementa
999 3659 1219 3745 suppeditavit
1242 3678 1278 3722 sc
1302 3679 1394 3743 saepe
1417 3661 1523 3723 miuus
1546 3665 1710 3744 apposita.

932 3893 1002 3977 §tt
1035 3893 1247 3979 Magister
1278 3893 1304 3957 B
1336 3893 1532 3973 („desst’').

685 4094 770 4160 Prol.
798 4095 885 4161 10.4
910 4095 967 4175 (4).
994 4095 1045 4173 „U
1061 4097 1215 4173 ramvis’',
1240 4096 1327 4162 deest
1352 4096 1521 4174 ‚,harum’'.

684 4244 698 4308 l
726 4246 788 4311 1.2
824 4247 961 4322 „Paucis
987 4254 1042 4324 <te
1067 4246 1202 4316 volo>’'.
1234 4246 1331 4312 Deest
1364 4246 1544 4333 „colloqui”
1578 4256 1636 4312 aut
1673 4252 1837 4328 „verbis'’,

638 4358 671 4415 et
701 4359 750 4415 est
780 4351 884 4437 figura
916 4354 1109 4427 statuatur.
1158 4352 1327 4417 Postrema
1350 4360 1496 4418 tantum:
1523 4353 1680 4430 „e.s.o.''
1721 4356 1837 4423 Donati

639 4462 733 4532 sunt,
759 4457 797 4521 cf.
823 4456 863 4520 ad
886 4478 933 4522 vs.
958 4456 1011 4534 20,
1036 4455 1084 4520 lll
1108 4455 1184 4533 5.1‚
1210 4457 1235 4520 V
1259 4457 1324 4522 23
1348 4466 1381 4522 et
1403 4458 1458 4523 29.

686 4622 705 4687 3
739 4623 862 4708 Nempe
887 4631 925 4687 ut
948 4629 1102 4689 curentur
1122 4629 1208 4689 recte
1230 4623 1326 4690 haec?
1349 4625 1453 4690 Immo
1476 4624 1565 4690 eliud

685 4728 786 4793 Don.:
824 4728 870 4808 (2)
909 4729 1028 4806 „haec”
1063 4728 1216 4800 δεικτικῶς
1248 4768 1291 4778 -
1323 4736 1356 4795 st
1386 4730 1451 4810 (4):
1484 4731 1560 4795 bene
1591 4732 1764 4807 ἐπέθηκεν
1795 4738 1832 4813 τῷ
