4525 5950
1040 1269 1126 1358 ΑΙ)
1164 1270 1443 1360 LIVIUM.

1185 1474 1310 1514 scairsrr

1087 1627 1122 1690 P.
1147 1626 1190 1690 H.
1216 1615 1401 1691 DAMsui.

1189 1914 1301 1950 *DOC—

1416 2133 1444 2182 Τ.
1461 2133 1515 2183 Livi
1532 2133 1561 2182 ab
1578 2134 1640 2183 urbe
1658 2138 1766 2188 condite
1782 2138 1853 2189 Libri.

1449 2217 1492 2264 lid.
1510 2219 1539 2264 Δ.
1556 2217 1672 2280 Zingerle
1693 2221 1773 2271 leat.

693 2413 781 2478 XXI.
808 2413 889 2478 5.8:
922 2413 1079 2496 adortique
1107 2411 1311 2476 Hannibalem
1341 2434 1503 2492 nequeenim
1527 2434 1563 2475 ec
1593 2412 1748 2480 Vaccaeis
1773 2419 1853 2482 hand

640 2520 751 2601 procul
768 2520 845 2600 Taqo
856 2519 993 2602 flumine,
1014 2541 1117 2600 cymen
1132 2540 1226 2599 prone
1239 2520 1357 2600 praeda
1370 2520 1534 2582 turbavere.
1553 2519 1727 2584 Hannibal
1738 2525 1851 2605 proelio

647 2625 792 2688 abstinuit
819 2624 984 2708 caetriaqnc
1009 2646 1098 2705 caper
1118 2624 1216 2705 ripun
1227 2623 1351 2705 positia,
1372 2647 1436 2686 cnm
1449 2623 1552 2705 prima
1571 2625 1661 2709 quiea
1681 2629 1852 2693 silentiare·

646 2753 702 2815 qne
725 2732 761 2792 ab
784 2731 915 2794 hostibus
932 2731 1016 2816 fnit,
1040 2753 1152 2793 amnone
1174 2732 1250 2793 nodo
1270 2730 1391 2793 traiecit
1409 2730 1546 2814 octtoqno
1565 2731 1613 2793 ita
1625 2736 1800 2812 prodacto,
1821 2743 1852 2799 rt

646 2837 739 2899 locon
763 2837 804 2898 ad
826 2836 1101 2916 tronaqrediendarn
1123 2836 1221 2899 taeter
1244 2836 1393 2913 taberent,
1417 2836 1559 2899 inuadere
1583 2859 1633 2900 coc
1655 2846 1850 2906 transeuntes

644 2943 762 3007 etotnn't.

688 3047 809 3113 Rerum
832 3050 936 3134 igitur
960 3047 1036 3112 ordo
1060 3047 1113 3111 hic
1137 3047 1216 3111 fuit:

691 3154 720 3217 1.
745 3154 861 3218 Hostes
884 3153 986 3217 adorti
1009 3151 1224 3217 Hannibalem
1248 3174 1366 3237 agmen
1390 3155 1459 3218 eius
1483 3154 1617 3219 turbant

691 3258 722 3323 2.
746 3258 908 3323 Hannibal
930 3258 1050 3343 proelio
1074 3260 1232 3322 abstinuit

691 3363 721 3429 3.
746 3367 855 3449 posuit
878 3372 981 3429 castra
1006 3385 1102 3449 super
1126 3366 1229 3449 ripam

691 3468 721 3533 4.
746 3491 874 3535 amnem
898 3470 979 3535 vado
1003 3472 1127 3535 traiecit

691 3574 721 3638 5.
746 3574 870 3640 vallum
900 3578 948 3640 ita
975 3576 1127 3660 produxit
1150 3583 1188 3638 ut
1209 3574 1317 3639 locum
1339 3574 1379 3638 ad
1403 3574 1718 3661 transgrediendum
1744 3582 1847 3648 hostes

747 3681 908 3745 haberent.

690 3785 726 3849 In
749 3788 866 3871 quibus
889 3786 1085 3851 recensendis
1108 3790 1229 3850 mirum
1253 3786 1382 3851 videtur
1404 3785 1595 3864 admodum,
1620 3787 1844 3860 Hannibalern

643 3915 717 3958 cum
748 3913 865 3978 agmen
892 3894 961 3956 eius
985 3893 1169 3955 turbaretur
1192 3912 1293 3975 neque
1318 3899 1425 3955 tamen
1447 3893 1574 3970 iustum
1597 3895 1771 3976 proelium
1794 3897 1843 3963 ilie

643 4002 725 4064 inire
756 3997 871 4073 vellet,
905 4004 1008 4062 castra
1038 3996 1176 4081 ponendi
1205 3999 1366 4061 invenisse
1397 3998 1611 4062 occasionem:
1640 4011 1843 4087 exspectem

643 4127 718 4170 eum
742 4105 780 4169 ab
804 4104 947 4168 hostium
969 4103 1205 4167 incursionibus
1225 4124 1298 4166 suos
1317 4104 1509 4186 protexisse,
1530 4101 1630 4167 donec
1656 4110 1841 4193 tegentibus

644 4213 782 4277 tenebris
805 4210 965 4274 discedere
989 4216 1084 4293 atque
1108 4229 1236 4273 amnem
1260 4211 1392 4272 traicere
1411 4207 1532 4273 liceret.
1555 4207 1617 4273 Sed
1641 4211 1713 4290 fac,
1737 4234 1840 4280 revere

644 4339 719 4382 eum
751 4322 818 4380 tam
850 4317 1036 4400 propinquis
1067 4315 1213 4379 hostibus
1245 4321 1348 4378 castra
1377 4314 1545 4378 muniendi
1568 4336 1652 4399 opus
1677 4325 1710 4383 et
1738 4340 1840 4405 super·

642 4443 782 4487 vacuum
817 4428 850 4486 et
885 4420 1103 4505 periculosum
1139 4426 1324 4505 susceptum
1359 4420 1546 4504 perfecisse,
1587 4423 1670 4505 quid
1707 4421 1839 4490 deinde?

645 4532 764 4591 Amnon
795 4528 870 4589 cado
902 4526 1022 4589 traiecit
1052 4525 1189 4609 oattoqae
1212 4525 1258 4588 ita
1274 4528 1421 4606 producto
1444 4533 1528 4589 nte.
1553 4546 1584 4609 q.
1609 4546 1636 4591 a.
1672 4532 1719 4593 At
1744 4534 1839 4615 prius

642 4653 740 4719 quam
759 4629 884 4697 vallum
904 4630 1098 4713 productum
1117 4651 1184 4694 esse
1204 4638 1316 4695 auctor
1335 4630 1483 4707 inferret,
1497 4650 1572 4694 sane
1584 4650 1719 4698 narrare
1732 4635 1838 4701 debuit

643 4740 766 4802 factum
796 4734 879 4800 illud
909 4756 994 4810 esse,
1018 4737 1109 4800 cuius
1134 4734 1211 4800 valli
1234 4734 1400 4820 productio
1424 4734 1654 4802 tantummodo
1679 4760 1757 4823 pars
1781 4741 1837 4804 fuit
