4525 5950
1565 739 1617 779 ω
1631 747 1719 799 ’‘⁰⁸³“
1742 764 1828 811 ὕων

1516 978 1862 1093 titillationem

1501 1074 1632 1170 ‚³¹⁸0d
1652 1100 1864 1177 mensur

1513 1159 1865 1218 N

672 1408 848 1498 Novae
877 1409 1053 1499 OURAll
1083 1405 1427 1498 acelamare,

993 1613 1117 1654 sempsit*

819 1794 862 1860 H.
886 1795 972 1862 VAN
995 1795 1281 1861 flnuwltubnu.

962 2097 1146 2141 —wmo—

501 2356 653 2423 Nicolaus
686 2357 867 2436 Wecklein,
901 2361 958 2443 qui
988 2379 1062 2422 cum
1088 2379 1206 2442 magna
1229 2358 1407 2424 eruditione
1430 2380 1544 2424 sanum
1566 2359 1649 2424 iudi-

452 2466 563 2541 cium,
592 2463 781 2529 admirabile
804 2484 956 2542 acumen,
981 2464 1179 2550 singularem
1202 2464 1395 2529 industriam
1419 2464 1554 2529 feliciter
1576 2486 1648 2530 oon-

452 2571 583 2654 iungit,
608 2573 739 2656 egregia
761 2590 819 2635 sua
841 2569 1007 2655 Euripidis
1030 2569 1169 2635 editione
1192 2591 1311 2635 novam
1330 2575 1362 2635 et
1382 2569 1454 2635 aliis
1473 2569 1648 2657 philologis

452 2677 546 2739 viam
572 2677 715 2741 munivit
737 2675 910 2761 indagandi
934 2674 1092 2752 remedia,
1116 2675 1233 2760 quibus
1257 2674 1390 2760 plurimi
1413 2677 1469 2760 qui
1491 2675 1647 2760 hodieque

451 2786 579 2846 restant
609 2784 643 2846 in
674 2781 734 2848 hoc
766 2786 859 2867 poeta
890 2781 954 2847 loci
984 2781 1151 2866 depravati
1183 2784 1286 2846 sanari
1309 2784 1441 2866 possint.
1466 2781 1514 2846 Ne
1537 2786 1647 2846 antem

452 2891 527 2952 acta
556 2907 708 2970 agamus,
740 2893 964 2972 praeterquam
995 2887 1253 2952 adnotationibus
1282 2890 1316 2951 in
1343 2889 1534 2974 paginarum
1562 2886 1646 2952 calce

453 2992 631 3080 diligenter
660 2994 801 3079 providit
831 2997 960 3059 insertis
991 2993 1229 3079 Appendicibns
1260 3000 1334 3079 post
1356 2994 1500 3080 singulas
1523 2993 1646 3059 fabulas

452 3105 487 3164 et
511 3099 673 3164 Addendis
695 3104 769 3184 post
789 3099 952 3177 Rhesum,
977 3099 1061 3184 quod
1084 3100 1195 3164 drama
1217 3099 1390 3166 editionem
1414 3099 1543 3165 clandit.

499 3204 607 3270 Novas
640 3206 734 3271 hasce
769 3205 1008 3271 lucubrationes
1043 3207 1257 3283 conscribens,
1294 3208 1446 3271 brevitati
1479 3205 1647 3271 consulens

451 3333 516 3377 non
545 3313 609 3375 nisi
632 3314 774 3376 manime
797 3313 972 3377 necessaria
996 3310 1135 3396 singulis
1158 3332 1238 3395 quos
1262 3313 1398 3375 tractavi
1420 3308 1500 3375 locis
1522 3311 1645 3389 addidi,

450 3415 602 3502 relegans
624 3415 759 3481 lectores
782 3416 822 3482 ad
846 3419 951 3502 ipsam
973 3419 1188 3482 recensionem
1213 3416 1494 3482 Weckleinianam.

497 3636 748 3701 Arescusam
771 3655 819 3700 vs.
849 3633 914 3699 120
927 3656 993 3720 sqq.

636 3739 665 3803 ai
687 3741 718 3803 τί
742 3764 786 3804 σοι
812 3739 966 3816 δυνοοίιοον

636 3845 709 3916 οἶκος
733 3852 791 3909 τῶν
816 3845 972 3910 δυσλύτιιν
995 3844 1089 3909 πόνον
1115 3853 1232 3920 τεμεῖν,

636 3945 662 4014 οἳ
685 3951 720 4014 οδ
744 3951 796 4016 sal
821 3950 981 4029 Ἑρμιόναν
1005 3949 1075 4027 ἔριδι
1099 3957 1237 4032 στυγεροὶ
1263 3950 1450 4033 συνέκλεισαν

636 4056 766 4131 τλάμον’
790 4056 899 4136 ἀμφὶ
923 4055 1055 4134 λέκτρων

635 4161 765 4237 διδύμων
790 4162 934 4227 ἐπίκοινον
959 4163 1102 4225 ἓοῦοοιν

635 4268 743 4347 (iuml
767 4269 854 4331 παῖδ’
879 4267 1064 4346 Ἀχιλλέως.

446 4371 687 4458 Corrigendum
711 4372 857 4438 videtur:

632 4478 765 4553 τλάμον’
791 4478 877 4557 dumi
902 4478 1034 4556 λέκτρων

633 4583 764 4659 διδύμαιν
788 4582 934 4647 ἐπίκοινον
959 4584 972 4645 ἒ
980 4584 1114 4662 zotica

631 4687 759 4767 ἄνδρα
782 4689 869 4753 παῖδ’
895 4689 1080 4766 ’Δχικλέοο

444 4792 591 4869 Troicos·
616 4797 649 4858 et
673 4792 792 4873 ἕχοῦοο
815 4801 892 4860 sunt
915 4792 1019 4858 dualis
1042 4794 1180 4857 numeri.
