4525 5950
542 674 608 740 202
879 693 920 740 un
944 694 1089 743 uncascs
1112 696 1195 742 saun
1219 696 1385 745 nouneuu.

539 858 662 938 Quibus
685 857 723 923 de
754 861 857 924 causis
887 864 1026 925 statuere
1056 858 1148 937 licet,
1180 860 1257 925 dum
1290 864 1427 946 excipias
1459 869 1566 949 psrtes
1591 885 1730 949 quorum

539 969 679 1052 origines
713 971 837 1030 constat
872 972 975 1031 aetate
1010 967 1175 1033 succedere
1199 975 1254 1033 aut
1289 989 1350 1032 non
1386 968 1571 1052 praecedere
1609 973 1656 1035 eis
1696 973 1730 1035 in

540 1073 657 1158 quibus
689 1073 849 1137 thoracem
880 1079 1013 1146 aeneum
1044 1094 1177 1160 regnare
1207 1074 1422 1151 ostendimus,
1450 1072 1598 1152 Ἕκτορος
1632 1076 1730 1153 λύτρα

538 1178 631 1256 vole,
667 1200 768 1263 noque
802 1201 863 1243 uon
900 1180 1069 1256 Πρέσβειαιν
1098 1188 1130 1244 et
1160 1181 1292 1253 Μηνιδος
1325 1182 1496 1260 ἀπόρρησιν,
1532 1180 1649 1267 quales
1681 1204 1732 1248 eas

539 1306 622 1350 nunc
654 1285 808 1349 habemus
838 1288 1076 1371 (perantiquum
1109 1289 1195 1350 enim
1225 1289 1259 1349 in
1289 1288 1335 1351 eie
1366 1286 1464 1352 latera
1495 1287 1657 1354 nucleum
1691 1310 1734 1354 sa

538 1393 649 1477 quitur
679 1412 718 1455 ex
748 1393 810 1466 eis,
835 1412 915 1475 quse
940 1391 978 1456 de
1001 1390 1165 1456 Patroclon
1188 1412 1284 1478 supra
1307 1392 1545 1477 disputavimus
1572 1415 1606 1479 p.
1636 1394 1734 1472 201),

537 1505 609 1561 tum
633 1496 764 1561 fortasse
789 1498 859 1567 Διὸς
886 1498 1010 1570 ἀπάτην
1034 1512 1066 1562 et
1089 1498 1237 1574 γερόντων
1261 1498 1376 1574 {lotitans
1399 1502 1432 1562 in
1456 1509 1487 1576 B,
1510 1501 1636 1584 quibus
1656 1500 1736 1566 locis

536 1625 598 1669 non
621 1623 731 1667 recuso
755 1606 926 1688 quominus
949 1606 978 1669 ei
1002 1602 1226 1689 adiungsntur‚
1260 1606 1316 1669 ubi
1348 1627 1410 1670 non
1437 1613 1564 1670 certum
1600 1607 1735 1692 quidem

537 1709 591 1774 sed
621 1708 797 1774 verisimile
828 1713 870 1773 eit
901 1717 1044 1775 auctores
1075 1713 1233 1795 principes
1264 1709 1392 1776 finxisse
1423 1712 1609 1777 thoracatoe
1634 1715 1659 1793 ¹)
1693 1750 1734 1763 -

537 1816 587 1880 his
620 1819 724 1902 igitur
753 1819 893 1901 exceptis
928 1823 1065 1882 statuere
1097 1816 1207 1882 licebit
1239 1820 1352 1882 ceteris
1385 1817 1462 1882 locis
1496 1824 1636 1884 tantum
1673 1843 1736 1886 non

539 1925 703 2011 omnibus,
735 1925 791 2007 qui
820 1945 877 2007 per
907 1944 939 1988 se
969 1925 1103 2008 spectati
1133 1926 1292 1987 incertum
1316 1922 1516 2008 relinquant,
1543 1946 1650 2009 quem
1676 1927 1736 1991 sibi

536 2032 743 2114 antiquorum
774 2030 906 2094 heroum
940 2029 1088 2094 habitum
1120 2028 1270 2094 bellicum
1302 2033 1526 2115 proposuerint
1559 2043 1735 2111 auctores,

536 2136 594 2201 hos
622 2139 708 2221 ipsos
738 2135 797 2200 hsc
828 2135 866 2199 de
894 2158 927 2201 re
950 2139 1162 2222 interrogatos
1184 2139 1267 2201 inter
1290 2156 1379 2201 arma
1403 2136 1567 2202 thoracem
1596 2145 1737 2206 aeneum

537 2264 598 2307 non
623 2242 721 2306 fuisse
745 2250 1057 2308 commemoraturos.
1090 2242 1288 2328 Quapropter
1319 2247 1363 2308 sic
1393 2243 1660 2312 concludendum
1692 2250 1739 2311 ri·

538 2349 647 2413 detur:
683 2369 739 2434 per
770 2356 876 2413 totum
908 2370 1022 2435 corpus
1054 2348 1164 2414 Iliadis
1194 2359 1336 2425 nostres,
1366 2371 1427 2414 non
1459 2356 1595 2415 tantum
1632 2357 1671 2417 in
1699 2357 1739 2418 iis

537 2475 617 2540 quae
651 2477 690 2518 ex
722 2457 852 2539 antiquo
884 2455 922 2520 de
955 2455 1046 2532 „Ira”
1077 2458 1217 2520 carmine
1241 2454 1336 2520 ducta
1359 2459 1441 2532 sint,
1469 2459 1489 2520 i.
1517 2477 1545 2523 e.
1571 2457 1648 2524 fere
1673 2467 1740 2525 tots

535 2685 619 2748 gerriss
644 2683 710 2732 nicht
735 2683 777 2731 der
806 2682 894 2747 Kampl
917 2698 957 2732 nm
982 2684 1021 2731 dis
1043 2683 1142 2742 Schilt'e,
1166 2683 1266 2732 sondsrn
1289 2684 1331 2733 der
1356 2684 1445 2748 Kanpt
1465 2699 1506 2732 um
1525 2685 1565 2733 dle
1585 2687 1684 2738 Manet
1700 2689 1740 2738 der

535 2765 717 2816 entscheidends
745 2767 856 2814 Moment
885 2765 960 2814 scin”.
993 2766 1120 2815 Prseteros
1153 2781 1228 2830 nsque
1254 2765 1303 2815 ulls
1329 2768 1357 2815 dt
1383 2767 1445 2815 muri
1471 2766 1564 2816 mentio
1596 2776 1644 2819 snt
1672 2772 1698 2820 in
1723 2776 1738 2820 3

537 2851 578 2897 sut
601 2848 626 2896 in
649 2853 682 2905 A,
707 2845 745 2895 ubi
765 2847 791 2895 in
808 2846 925 2912 proelium
944 2847 1028 2896 Grseci
1046 2847 1238 2912 proficiscuntur,
1255 2864 1330 2912 neque
1348 2847 1386 2896 nbi
1404 2852 1573 2911 Agamemnon
1594 2853 1738 2902 vulneratos

535 2928 710 2979 commilitones
732 2929 757 2978 in
779 2944 861 2994 campo
874 2934 1003 2984 ‚oensntes
1025 2929 1139 2980 hortetur
1160 2936 1184 2979 Λ
1200 2929 1249 2981 878
1272 2930 1309 2980 his
1331 2928 1421 2980 verbis:
1446 2945 1526 2997 ,nnnc
1549 2947 1597 2981 ros
1616 2934 1738 2986 defendite

536 3028 620 3070 neres,
642 3028 697 3061 curn
718 3028 756 3062 ms
781 3028 827 3062 non
848 3012 950 3077 emplius
972 3012 1082 3077 Iuppiter
1104 3014 1168 3062 sinat
1184 3029 1238 3062 cum
1256 3013 1324 3062 hoste
1340 3013 1470 3079 pugnare’',
1487 3029 1567 3078 neque
1588 3019 1681 3067 Aslo
1698 3019 1736 3068 ubi

534 3096 642 3145 futurum
668 3095 740 3143 luisse
764 3095 823 3143 dicit
848 3098 931 3160 postu,
959 3099 986 3143 ut
1004 3096 1088 3144 Gracci
1111 3111 1123 3144 e
1146 3111 1228 3160 campo
1252 3096 1307 3159 luga
1329 3112 1353 3145 se
1376 3096 1401 3145 in
1424 3112 1494 3145 nares
1511 3097 1676 3161 conicerent,
1694 3102 1737 3151 nisi

534 3178 616 3227 Ulixes
638 3179 772 3226 advocasset
795 3177 948 3236 Diomedem
972 3193 1047 3241 neque
1064 3183 1088 3226 A
1099 3178 1155 3234 357,
1172 3177 1211 3227 ubi
1229 3179 1319 3228 insitus
1335 3178 1423 3227 dicitnr
1441 3178 1499 3227 siu
1518 3195 1531 3228 e
1548 3196 1643 3247 eampo
1664 3200 1737 3233 reces-

533 3260 590 3309 sisse
612 3263 719 3309 metuens
744 3258 848 3308 navibus.
875 3260 920 3307 llsc
942 3263 1021 3308 autem
1045 3260 1138 3309 nullum
1156 3276 1182 3308 ex
1201 3260 1238 3308 his
1254 3261 1311 3309 locis
1328 3260 1504 3323 sntiquissimse
1526 3260 1620 3312 ,Irse”
1644 3272 1735 3331 perteus

533 3341 617 3399 luisse,
634 3342 696 3406 quod
712 3341 810 3390 minime
825 3342 952 3390 verisimile
965 3347 1015 3401 est,
1031 3347 1111 3391 temen
1129 3343 1216 3392 horum
1232 3349 1315 3392 suntor
1329 3343 1495 3399 relsuctores,
1511 3360 1585 3394 muro
1598 3347 1626 3396 in
1636 3350 1735 3412 tutique

535 3425 640 3473 carmine
654 3435 850 3482 commemorato,
866 3441 913 3472 non
928 3425 962 3472 its
972 3441 1020 3473 rem
1032 3426 1220 3489 proposuissent,
1230 3425 1296 3489 qussi
1304 3425 1383 3474 nullus
1392 3430 1460 3475 esset.
1477 3426 1598 3477 Ceterum
1611 3447 1643 3478 ns
1657 3432 1739 3480 Putre·

534 3507 609 3556 clesm
626 3507 721 3571 quidem
740 3522 833 3555 murum
851 3508 973 3569 cognitum
991 3507 1098 3556 habuisse
1116 3515 1242 3573 propteres
1256 3508 1384 3557 verisimile
1403 3511 1451 3565 est,
1465 3509 1530 3571 quod
1547 3508 1591 3559 nbi
1610 3513 1737 3562 Pstroelrrs

534 3589 649 3637 Troianos
665 3604 679 3636 s
694 3587 793 3637 naribus
807 3588 920 3653 propellit
935 3594 959 3636 Π
970 3589 1017 3636 389
1026 3605 1076 3652 sqq.
1092 3588 1142 3637 sols
1156 3589 1218 3637 fossa
1232 3605 1315 3638 eorum
1329 3589 1384 3653 luga
1400 3589 1511 3653 impediri
1526 3598 1660 3653 narretur,
1670 3595 1735 3643 nulls

534 3671 597 3719 muri
619 3670 739 3718 mentione
761 3670 833 3727 lacte,
859 3671 900 3734 qni
925 3669 1001 3718 mnlto
1024 3672 1096 3719 etiem
1120 3674 1195 3734 rnsgis
1216 3686 1255 3719 eos
1273 3670 1398 3736 prohibere
1414 3670 1522 3729 debebst;
1544 3678 1569 3720 et
1590 3690 1680 3725 rursus
1697 3676 1736 3724 nti

534 3756 642 3801 mortuus
659 3752 688 3800 sd
706 3767 776 3799 neres
791 3757 928 3816 reportatur
943 3752 1025 3809 rtoo,
1042 3753 1102 3801 losse
1117 3752 1166 3800 solu
1183 3753 1263 3801 nullus
1277 3768 1359 3801 murus
1374 3758 1588 3804 commemoratur.
1607 3758 1736 3807 Patroclus

532 3839 612 3883 autern
636 3832 675 3881 nbi
698 3834 810 3882 miserum
834 3834 985 3898 popularium
1006 3850 1085 3884 essum
1103 3835 1192 3884 Achilli
1210 3851 1340 3899 exponens,
1358 3835 1495 3884 volneratos
1514 3840 1736 3901 Agamemnonem,

536 3916 688 3974 Diomedem,
713 3915 807 3963 Ulixem
831 3917 912 3975 docet,
934 3916 958 3963 id
981 3920 1044 3964 tecet
1066 3917 1128 3980 quod
1153 3918 1173 3965 si
1191 3918 1313 3966 accidisset
1330 3917 1405 3966 multo
1422 3918 1520 3980 previus
1536 3927 1617 3979 esset,
1638 3940 1735 3974 murm

534 4002 694 4062 expugnatum
714 4013 776 4055 esse,
794 4002 993 4047 commemoretur
1010 3998 1104 4062 quidem
1124 4014 1207 4047 murus
1224 4006 1249 4047 Π
1259 3998 1316 4059 397,
1334 4001 1390 4053 888,
1409 4000 1494 4058 Σ218,
1511 4002 1552 4049 sed
1572 4004 1648 4054 nullo
1666 4007 1736 4056 uodo

533 4083 623 4127 certum
641 4085 675 4127 est
694 4079 735 4127 lros
752 4079 814 4127 locos
830 4094 876 4127 non
890 4095 939 4128 esse
954 4080 1076 4128 insiticios.
1095 4081 1184 4130 Locum
1201 4088 1225 4129 Π
1236 4082 1283 4129 338
1298 4082 1318 4130 si
1335 4085 1454 4130 constsrst
1467 4084 1545 4131 veteri
1558 4087 1737 4151 assignandum

533 4176 582 4209 esse
600 4161 745 4223 Patroclese,
764 4166 902 4225 sequeretur
920 4167 946 4211 ut
962 4163 1019 4210 haec
1034 4163 1172 4212 recentioris
1186 4165 1259 4213 etism
1275 4164 1375 4228 originis
1389 4168 1449 4213 esset
1464 4179 1537 4227 quern
1547 4167 1739 4221 utehomsceiss

535 4258 589 4307 pers
607 4244 777 4307 sntiquissims.

571 4326 596 4386 1)
615 4326 660 4374 Sed
679 4326 764 4374 hortum
781 4326 914 4390 complures
930 4328 1057 4377 cohaerent
1074 4344 1127 4378 cum
1147 4328 1204 4377 locis
1223 4328 1262 4378 nbi
1280 4333 1371 4378 constat
1389 4330 1528 4379 thorscatos
1545 4338 1666 4399 proponi.
1687 4338 1739 4387 Hos

535 4407 601 4455 volo:
628 4409 706 4456 3544
730 4408 793 4460 (vide
811 4424 883 4472 suprs
901 4425 922 4473 p.
942 4410 1007 4468 187),
1032 4411 1097 4458 982
1113 4411 1179 4474 (ride
1197 4427 1269 4476 suprs
1286 4428 1310 4477 p.
1329 4413 1393 4468 188),
1411 4417 1434 4458 Ν
1449 4411 1507 4470 885,
1527 4414 1588 4473 342,
1608 4420 1671 4479 439,
1692 4420 1739 4472 387

533 4488 599 4546 (ride
613 4504 685 4552 snpra
700 4505 722 4554 p.
733 4491 797 4550 190),
815 4496 839 4538 ss
852 4492 981 4539 181-139
997 4494 1030 4556 (p.
1043 4494 1108 4552 193),
1127 4494 1201 4542 1814
1219 4500 1252 4558 (p.
1264 4494 1331 4552 193),
1349 4493 1508 4541 1803-888
1519 4501 1553 4560 (p.
1566 4498 1639 4560 193),
1659 4510 1682 4550 τ
1692 4504 1740 4552 set

532 4574 564 4634 (p.
577 4571 640 4631 194).
658 4572 706 4620 Soli
724 4571 767 4620 loci
786 4571 823 4620 ubi
841 4571 938 4621 dubium
958 4580 1052 4623 maneat
1069 4573 1144 4639 θώρηξ
1162 4577 1219 4639 qnid
1235 4576 1279 4624 sibi
1294 4576 1352 4624 velit
1367 4586 1422 4624 sunt
1433 4578 1557 4641 Audeo.
1568 4584 1657 4644 (quern
1669 4585 1743 4633 inter·

533 4653 640 4717 polutum
663 4670 711 4702 esse
736 4656 825 4703 ostendi
849 4672 871 4719 p.
892 4656 1102 4717 Iterumne),
1122 4663 1146 4704 Λ
1162 4659 1219 4715 373,
1238 4664 1261 4705 Ν
1279 4659 1324 4709 371
1341 4674 1384 4722 sq,
1404 4657 1461 4714 397,
1481 4659 1540 4717 cal,
1560 4667 1586 4709 Π
1605 4664 1657 4715 173
1676 4669 1742 4727 (ride

534 4749 605 4799 snpra
627 4752 649 4798 p.
670 4735 715 4787 197
725 4739 779 4800 sp).
799 4738 872 4785 Voces
889 4736 1035 4803 αἰολοθώρηξ
1053 4747 1073 4787 Δ
1088 4741 1137 4788 489
1161 4745 1184 4788 et
1209 4738 1283 4809 θώρηξ
1307 4740 1389 4792 zeta
1407 4740 1435 4787 dc
1453 4740 1537 4792 tunice
1556 4743 1742 4815 intellegendas

533 4815 673 4865 videbantur
690 4818 728 4877 (cl.
747 4834 818 4883 supra
837 4835 859 4884 p.
880 4818 925 4869 lat
942 4835 976 4884 sq.
996 4837 1018 4884 p.
1038 4822 1106 4886 198).
