4525 5950
534 674 578 738 58
1043 690 1211 738 nucranus.

579 855 660 921 Ibid.
697 854 732 920 (l.
768 855 819 919 14.
863 859 915 919 καὶ
957 857 1024 918 σι’να
1061 860 1169 918 τοῦτον
1204 855 1419 931 ξυλλαβόντες
1456 855 1583 930 ἄγετε
1595 878 1604 934 ;
1642 859 1724 938 Quid

533 963 711 1048 scripserit,
737 959 907 1025 ostendunt
931 961 1026 1025 verba
1049 962 1082 1024 in
1106 960 1168 1025 fine
1192 963 1306 1044 capitis
1330 963 1451 1045 posita,
1475 961 1530 1025 ubi
1554 960 1593 1026 de
1616 962 1725 1027 eadem

532 1069 591 1133 hac
616 1087 666 1130 re:
691 1069 722 1130 τό
746 1066 771 1129 δ’
796 1061 844 1130 οὖν
866 1069 958 1129 αὐτὸν
983 1065 1029 1141 a>
1045 1088 1161 1144 χετε;
1188 1066 1259 1130 Νο11
1283 1069 1369 1129 enim
1393 1086 1554 1150 quoquam
1579 1071 1725 1152 captivus

534 1173 695 1238 Lucienus
726 1172 898 1246 abducam
932 1193 1005 1236 nam
1038 1171 1122 1256 quod
1153 1193 1249 1256 supra
1274 1173 1431 1248 vidimus,
1456 1180 1626 1259 expectant
1649 1174 1725 1238 dum

533 1277 741 1363 Philosophia
766 1280 890 1353 veniat;
916 1276 972 1342 sed
992 1280 1067 1341 irati
1087 1276 1269 1363 philosophi
1289 1280 1499 1342 circumstant
1517 1300 1593 1343 eum
1614 1300 1726 1366 urgen-

532 1390 580 1449 tes
603 1390 636 1448 et
658 1382 906 1469 strangulantes.

576 1600 657 1665 Ibid.
682 1598 718 1666 O.
744 1599 797 1664 23.
825 1601 850 1663 εἰ
875 1601 938 1678 γύρ
962 1625 991 1664 τι
1017 1600 1068 1664 καὶ
1093 1602 1167 1676 πρὸς
1192 1602 1349 1675 ἀλλήλους
1373 1602 1582 1680 διαφερόμεθα
1608 1603 1639 1666 ἐν
1665 1611 1726 1674 τοῖς

532 1708 653 1785 λόγοις,
685 1707 722 1770 σὺ
755 1707 785 1770 δὲ
818 1713 906 1770 τοῦτο
940 1708 995 1779 μὲν
1019 1709 1063 1781 μη
1088 1703 1277 1785 ἐξέταζε,
1302 1707 1374 1781 μηδ’
1399 1704 1483 1778 ὅστις
1506 1708 1588 1769 ἐστὶν
1613 1708 1626 1770 ό
1653 1711 1726 1780 οὶλη-

531 1814 665 1888 όέστερος
687 1817 737 1874 νῦν
757 1813 865 1886 λέγε.
886 1811 946 1875 Vix
968 1812 1109 1877 sufficere
1129 1812 1257 1876 videtur
1276 1814 1431 1889 λέγειν,
1445 1814 1529 1876 corbo
1541 1812 1725 1896 aipnificare,

530 1926 563 1984 et
588 1918 683 2004 longe
707 1940 758 1983 me
781 1918 887 1983 iudice
909 1923 1064 2002 praestat:
1091 1918 1266 1997 ἔλεγχε,
1290 1921 1476 1995 όενκοιιεότο,
1500 1940 1622 2000 expone.

580 2137 657 2202 lbid.
683 2135 717 2203 O.
744 2137 797 2200 25.
823 2138 836 2200 ό
861 2137 925 2208 isle
949 2138 1018 2206 lece
1043 2137 1184 2216 χαίρει
1210 2135 1385 2211 Φιλογέλυι
1410 2159 1456 2206 τις
1482 2136 1529 2200 ὤν.
1561 2137 1728 2203 Sententia

535 2242 743 2329 imperfectum
775 2242 917 2323 ἔχαιρε
942 2240 1092 2327 postulat.
1118 2242 1186 2320 Quo
1209 2250 1334 2326 recepto
1358 2242 1435 2306 haec
1458 2242 1555 2307 verba
1577 2244 1725 2307 senariam

535 2350 655 2414 efficere
678 2349 785 2426 vides,
810 2356 843 2413 et
865 2351 1061 2413 comicorum
1085 2348 1275 2434 fragmentis
1299 2347 1440 2412 addenda
1462 2369 1539 2412 esse.

580 2550 660 2616 Ibid.
693 2550 728 2618 O.
754 2550 807 2617 26.
844 2553 857 2615 ό
889 2552 919 2615 δέ
1061 2551 1200 2626 ύγορεύει
1233 2559 1334 2622 κακῶς
1476 2549 1627 2624 ἅπαντας
1659 2553 1725 2617 ούτε

535 2657 638 2733 ἐορτιῑς
663 2655 855 2727 ἐπιούσης
880 2654 950 2719 ούτε
974 2655 1035 2733 ilict
1056 2679 1084 2717 τι
1107 2655 1178 2731 πρὸς
1200 2657 1282 2728 ἡμῶν
1304 2655 1416 2718 παόύν.
1439 2654 1513 2719 Iure
1533 2656 1724 2739 quibusdam

535 2760 700 2846 displicuit
731 2763 922 2834 ἐπιούσης
931 2783 939 2839 ;
972 2783 1034 2826 non
1067 2763 1153 2825 enim
1185 2761 1236 2824 ‹lie
1268 2761 1348 2825 festo
1379 2768 1552 2843 appetente,
1579 2761 1635 2826 sed
1660 2766 1724 2847 ipso

533 2866 738 2931 sollemnium
762 2868 813 2931 die
832 2867 1011 2951 spectacula
1031 2867 1180 2931 eduntur.
1205 2866 1347 2931 Evidens
1367 2869 1519 2931 correctio
1537 2870 1604 2951 peti
1624 2875 1724 2952 potest

533 2995 550 3038 e
581 2976 790 3059 praegressis:
824 2975 961 3045 ἐτόλμων
993 2978 1122 3037 τοιαῦτα
1156 2976 1185 3035 ἐν
1216 2976 1376 3051 Διονύσου,
1405 2972 1626 3050 ἐφειμένον
1650 2976 1722 3038 αύτό

534 3080 622 3158 ipim
647 3079 731 3143 unde
754 3078 926 3165 legandum
950 3087 1098 3164 apparet:
1125 3078 1194 3143 ούτε
1219 3080 1321 3158 ἑορτῆς
1346 3081 1659 3157 ἐπιτρεπούσης.

580 3296 618 3360 In
650 3293 685 3361 O.
712 3295 754 3360 32
784 3298 819 3359 in
850 3297 955 3361 verbis
988 3298 1039 3360 καὶ
1064 3297 1126 3360 ἀπὸ
1152 3302 1204 3361 τοῦ
1230 3304 1332 3369 κακῶς
1356 3298 1494 3374 βιοῦντος
1519 3299 1636 3373 πονηροὶ
1661 3296 1722 3372 περὶ

536 3403 617 3476 ὑμῶν
650 3400 767 3482 εἴκαζον
799 3409 871 3465 τῶν
903 3404 972 3483 πρὸ
1004 3409 1159 3466 πολλοῦ
1196 3405 1463 3480 τεθνηκότων,
1501 3410 1538 3467 ut
1568 3407 1724 3490 oppositio

535 3515 702 3593 appareat,
726 3507 804 3572 adde
828 3509 967 3585 βιοῦντος
991 3513 1065 3573 νῦν.
1092 3507 1210 3575 Contra
1233 3512 1265 3573 in
1289 3507 1324 3575 O.
1350 3508 1410 3574 33:
1438 3508 1564 3582 ἥντινα
1589 3512 1642 3574 καὶ
1670 3516 1723 3573 τῶν

533 3614 735 3688 μεμυημένων
767 3614 833 3679 ἰδὼν
869 3612 1201 3697 [ἐξαγορεύοντα]
1236 3624 1298 3678 τοῖν
1331 3615 1404 3678 όεοῖν
1436 3614 1614 3692 τάπόρρητα
1647 3614 1723 3697 [καὶ]

533 3717 830 3798 ἐξορχούμενον
861 3718 993 3783 delenda
1024 3726 1099 3783 sunt
1131 3723 1256 3784 uncinis
1286 3719 1412 3785 inclusa
1442 3727 1588 3804 respectu
1617 3721 1723 3785 habito

532 3845 661 3898 eorum.
694 3845 773 3909 quae
805 3827 872 3909 ipse
903 3829 1034 3889 annotat
1064 3824 1226 3890 Luciacus
1256 3828 1289 3888 in
1322 3824 1432 3889 libello
1464 3825 1502 3890 de
1529 3825 1721 3891 Saltatione:

533 3932 626 3993 ἐκεῖνο
650 3930 680 3993 δὲ
705 3931 820 3999 πιόντες
841 3932 1010 4009 ἀκούουσιν,
1036 3929 1095 3994 ὅτι
1122 3935 1213 4001 τοὺς
1240 3930 1563 4007 ἐξαγορεύοντας
1587 3935 1638 3996 τὰ
1663 3958 1723 4008 μυ-

533 4037 678 4110 στήρια
712 4035 978 4114 ἐξορχεῖσθαι
1012 4037 1204 4113 λε’γουσιν
1238 4039 1270 4100 οἱ
1303 4039 1460 4100 πολλοί.
1485 4037 1519 4100 111
1545 4035 1609 4101 fine
1632 4059 1659 4102 o.
1684 4036 1723 4099 46

531 4139 721 4225 legendum:
746 4141 884 4216 ύτύγειν
909 4142 958 4203 ἐπὶ
984 4144 1018 4204 τὸ
1044 4144 1201 4215 καυτήριον
1226 4146 1330 4205 τοῦτον
1354 4145 1562 4221 οἱπρκεόραντα
1586 4145 1724 4222 πρότερον

533 4245 583 4306 τὸν
616 4250 767 4323 πώγωνα,
799 4248 844 4316 ὦς
879 4244 1023 4319 ἔδοξεν.
1059 4257 1176 4310 ΠΑΡΡ.
1197 4251 1313 4311 Ἔσται
1339 4252 1463 4324 ταῦτα,
1494 4243 1724 4329 ὦΦιλοσοΦόα.

533 4349 640 4437 Vulgo
665 4352 761 4416 rerba
783 4354 827 4422 ὥς
852 4349 987 4426 ἔδοξεν
1011 4353 1239 4418 Parrhesiadae
1262 4354 1459 4419 tribuuntur.

579 4553 660 4618 Ibid.
684 4551 719 4619 C.
746 4552 799 4618 48.
831 4553 958 4631 εἴληψαι
991 4555 1194 4635 λιχνεύων
1227 4557 1315 4632 περὶ
1340 4558 1416 4627 τὰς
1441 4557 1609 4636 πέτρας,
1634 4556 1726 4623 ἐνόν

534 4662 674 4732 λύσειν
707 4660 885 4734 ἤλπισας
921 4660 1189 4732 ὑποδεδυκώς.
1221 4661 1322 4727 Piscis
1353 4663 1449 4728 hamo
1482 4671 1665 4748 conspecto,
1692 4670 1728 4729 ut

530 4766 711 4853 periculum
736 4769 836 4844 vitet,
857 4770 939 4851 petit
959 4787 1050 4844 saxa,
1073 4769 1131 4832 sub
1152 4770 1268 4854 quibus
1288 4769 1396 4836 lateat.
1418 4769 1501 4836 Mire
1522 4777 1631 4835 tamen
1651 4790 1727 4837 sara
