4525 5950
883 696 918 742 nr
941 697 1024 744 anca
1047 695 1197 745 rnvnnro.
1458 731 1461 736 .
1569 681 1635 746 343

434 859 475 925 In
507 866 614 926 nostra
643 861 851 946 inscriptione
883 861 1023 940 οἰνοχόοις
1048 861 1168 926 frustm
1191 863 1393 947 quaerimus,
1418 883 1493 928 nam
1516 863 1635 942 οἰνοχόη

433 974 539 1046 χρυσῆ
571 964 654 1045 (col.
678 965 694 1030 1
718 986 767 1031 vs.
791 965 849 1045 21)
880 988 955 1032 oum
987 967 1073 1033 hisce
1104 972 1238 1033 nonest
1261 968 1491 1034 confundenda.
1524 966 1637 1034 Cetera

433 1074 632 1137 conveniunt
663 1077 795 1158 excepto
826 1072 965 1158 pondere
989 1075 1120 1139 canistri
1143 1073 1311 1159 Apollinis.
1336 1073 1493 1139 Turibulo
1516 1077 1635 1159 partim
1675 1155 1679 1162 .

436 1180 538 1244 variis
568 1191 645 1242 sunt
674 1178 868 1263 ponderibus
900 1177 982 1258 (Οοί.
1007 1179 1022 1243 Ι
1048 1178 1251 1259 110-115),
1282 1182 1401 1265 partim
1425 1180 1549 1266 pondus
1572 1202 1636 1246 non

436 1283 601 1349 indicatur
622 1282 705 1365 (col.
729 1283 760 1348 ΙΙ
778 1287 812 1348 in
832 1284 967 1363 fronte);
991 1288 1091 1351 etiam
1115 1287 1150 1350 rt
1174 1290 1293 1362 κοινοῦν,
1313 1283 1363 1351 iva
1381 1288 1422 1351 rot
1444 1285 1636 1365 ἐλεφάντινα

438 1387 505 1469 ζῷον
535 1393 569 1455 in
600 1398 708 1455 nostra
738 1393 947 1477 inscriptione
979 1389 1117 1455 οἳοτοοτον
1149 1397 1214 1468 est;
1249 1412 1330 1477 quaa
1360 1398 1467 1458 tamen
1499 1413 1549 1458 res
1573 1414 1634 1458 non

437 1497 564 1573 obstat,
596 1499 769 1582 quominus
796 1519 871 1563 cum
903 1496 1046 1563 nehnero
1077 1497 1309 1584 Opistbodomo
1340 1519 1377 1564 ea
1406 1500 1635 1564 attribuamus.

435 1600 573 1669 Constat
601 1605 706 1689 igitur
736 1604 796 1669 sub
830 1602 926 1668 finem
951 1605 1064 1688 ,quinti
1095 1603 1148 1669 vel
1171 1606 1265 1669 initio
1289 1607 1395 1688 quarti
1418 1605 1539 1671 saeculi
1562 1627 1637 1671 non·

433 1707 547 1773 nullae
569 1729 619 1774 res
641 1730 680 1774 ex
705 1708 935 1795 Opistbodomo
959 1711 993 1773 in
1013 1708 1138 1776 Oellam
1156 1710 1433 1795 centumpedalem
1451 1732 1519 1778 esse
1537 1717 1636 1777 trans

434 1813 521 1879 latas
551 1819 583 1879 et
614 1815 649 1878 ἐν
673 1818 724 1879 τοῦ
751 1815 976 1891 ὀτνοθοδομοο
999 1814 1111 1880 dictas.
1136 1814 1245 1899 Usque
1268 1815 1308 1880 ad
1332 1837 1454 1881 annum
1479 1816 1544 1883 395
1570 1823 1635 1882 tres

435 1918 603 2005 catalogos
629 1922 729 1985 etiam
752 1920 920 1986 distinctos
943 1922 1088 1987 extitisse
1110 1926 1169 1984 τῶν
1194 1922 1224 1984 ἐν
1248 1923 1290 2001 τῷ
1314 1923 1551 2003 Ἑκοτομτέδςο,
1576 1930 1635 1988 τῶν

437 2027 473 2091 ἐκ
498 2031 550 2090 τοῦ
577 2027 780 2105 Παρθενῶνος,
803 2033 861 2091 τῶν
881 2028 916 2091 ἐκ
934 2030 988 2091 τοῦ
1008 2027 1233 2103 Ὀποοθοδόμου
1254 2027 1425 2108 xrsuotwv
1437 2029 1636 2095 demonstrat

435 2132 619 2210 Lshnerns,
641 2132 715 2197 dein
733 2138 844 2198 antem
863 2153 913 2198 res
933 2135 1105 2219 pretiosas,
1126 2153 1207 2219 qnae
1227 2153 1267 2198 ex
1286 2132 1518 2218 Opisthodomo
1531 2142 1635 2201 essent

435 2243 687 2323 transportatus,
708 2238 884 2304 secundnm
904 2241 1073 2304 materiem
1092 2241 1177 2304 inter
1195 2244 1315 2304 ceteras
1326 2260 1407 2324 quae
1419 2243 1451 2304 in
1465 2239 1555 2307 Gella
1566 2262 1635 2306 cen·

437 2344 618 2430 tnmpedali
636 2347 847 2411 servabantur
865 2348 984 2411 mixtas
999 2367 1068 2412 esse
1080 2352 1113 2411 et
1124 2352 1400 2411 commemoratas.
1420 2344 1634 2430 Aliquamdiu

435 2456 511 2536 post
521 2451 651 2536 singula
661 2451 730 2517 loca
741 2451 845 2518 derruo
856 2453 997 2518 indicata
1009 2473 1076 2517 esse
1088 2455 1283 2538 suspicatur;
1297 2454 1343 2516 sic
1355 2472 1386 2516 v.
1396 2472 1422 2516 c.
1435 2453 1470 2515 in
1481 2451 1634 2518 laterculo

434 2559 530 2623 cuius
553 2579 650 2644 supra
674 2560 871 2624 mentionem
894 2559 1048 2635 fecimus,
1074 2555 1150 2634 677,
1174 2557 1215 2634 ΙΙ,
1236 2555 1304 2623 Ool.
1326 2557 1392 2634 2,6
1413 2578 1506 2622 νοοοο
1526 2559 1559 2622 ἐκ
1580 2563 1634 2622 τοῦ

437 2663 663 2737 Ὀτνοθοδόμοο
687 2665 818 2748 periisse
842 2669 935 2749 putat
959 2671 991 2729 et
1016 2660 1195 2740 679129
1220 2664 1398 2749 vestigium
1424 2664 1521 2728 huius
1544 2663 1634 2729 tituli

435 2790 602 2853 superesse
617 2770 650 2848 ¹).
669 2769 761 2849 Quod
774 2768 891 2834 falsum
904 2791 971 2834 ease
984 2771 1145 2835 existimo.
1158 2769 1194 2833 ln
1206 2776 1315 2833 nostra
1328 2772 1414 2834 enim
1426 2771 1634 2855 inscriptione

437 2875 596 2941 eiusmodi
615 2875 706 2940 tituli
726 2898 782 2941 nec
802 2875 877 2941 vola
896 2884 944 2941 est
967 2897 1024 2941 nec
1047 2877 1225 2961 vestigium
1251 2896 1307 2940 nec
1330 2878 1471 2961 spatium
1495 2876 1535 2940 ad
1558 2898 1633 2941 eum

435 2981 653 3069 supplendum
685 2982 819 3059 sufficit,
851 2982 963 3049 literae
986 2988 1096 3047 autem
1121 3004 1199 3068 quas
1222 2982 1302 3047 dicit
1324 2985 1543 3069 inscriptionis
1567 2982 1633 3049 679

434 3090 560 3153 ratione
592 3088 702 3154 habita
732 3091 888 3155 vitiorum
913 3087 1101 3175 vulgarium
1124 3088 1337 3174 lapicidarum
1351 3087 1377 3168 ²)
1401 3097 1432 3154 et
1456 3093 1634 3175 scripturae

434 3193 524 3258 baud
548 3201 693 3260 accurate
718 3194 878 3273 στοιχηδὸν
903 3196 1002 3260 factae
1025 3198 1071 3260 sic
1096 3195 1249 3260 videntur
1272 3194 1459 3281 explendae:

620 3296 1460 3388 τοο[δεΙοοοοθ[μωνποορ]ε[λοοβομε]νκοοο

622 3402 1271 3493 ποο[ρεδ]ομον[ετντνκτον]κοον

622 3510 1323 3599 οπ[οχο]το[οοκ]οο[ουτ]ο[χαλκο]

553 3617 596 3682 25
621 3607 1394 3707 κοο[ν]οονχ[ρο]οουνννοοοοοττολλων.

434 3724 490 3789 Sic
524 3721 589 3789 679
620 3725 699 3789 bene
724 3745 800 3789 cum
823 3731 931 3789 nostra
954 3726 1121 3801 convenit,
1146 3726 1209 3788 nisi
1232 3722 1317 3808 quod
1338 3726 1370 3786 in
1395 3721 1451 3787 illa
1475 3722 1635 3807 praecedit

434 3830 629 3917 hydriarum
653 3828 832 3915 catalogus,
857 3832 913 3915 qui
936 3831 970 3893 in
992 3837 1116 3895 nostrae
1139 3828 1288 3894 columna
1311 3828 1410 3894 altera
1433 3831 1587 3913 sequitur.

484 3935 533 4000 ita
565 3936 821 4002 demonstratum
852 3940 902 4000 est
924 3956 1017 4001 voces
1042 3936 1074 3998 ἐν
1099 3940 1152 3999 τοῦ
1178 3934 1412 4011 'ostentata
1436 3956 1510 4000 cum
1534 3933 1633 4000 semel

434 4064 454 4108 a
486 4044 709 4127 quaestoribus
732 4048 836 4108 essent
859 4044 1013 4117 omissae,
1045 4061 1212 4125 nunquam
1236 4047 1346 4125 postea
1369 4061 1436 4105 esse
1459 4042 1632 4105 restitutas.

433 4147 575 4212 Gravior
610 4168 699 4213 error
732 4148 871 4213 Lehneri
904 4149 954 4211 hic
987 4153 1053 4224 est,
1085 4145 1171 4230 quod
1201 4148 1408 4232 inscriptione
1441 4143 1505 4210 677
1538 4144 1633 4210 valde

435 4253 590 4319 mutilata
613 4252 715 4319 fretus
738 4255 781 4317 rot
805 4255 835 4315 ἐν
858 4256 900 4331 τῷ
925 4253 1049 4332 ἀρχαίῳ
1074 4251 1127 4332 νεῲ
1152 4257 1307 4330 χρήματα
1331 4252 1563 4337 Opisthodomo
1586 4259 1632 4317 et-

436 4360 556 4424 tribuit
569 4358 605 4439 ³),
630 4358 669 4424 ad
693 4380 789 4445 quam
814 4360 1033 4445 quaestionem
1055 4358 1141 4422 infra
1165 4357 1284 4423 redibo.

468 4556 499 4701 9))
514 4554 714 4703 96116096917
725 4552 855 4685 intendam
873 4643 908 4685 est
925 4638 1049 4701 praeterea
1066 4650 1100 4684 νο.
1116 4636 1149 4684 94
1166 4641 1205 4683 ΤΣ
1221 4634 1315 4700 punctis
1328 4636 1422 4683 tanturn
1438 4648 1487 4681 οοοο
1500 4632 1632 4697 significata

433 4720 460 4769 in
480 4734 587 4785 corpore.

471 4803 499 4866 a)
518 4801 552 4852 ll.
569 4819 592 4867 p.
611 4803 652 4852 98.
