4525 5950
945 692 1102 747 nouenos.
1555 669 1621 744 223

431 870 629 957 intelligeret
661 866 851 953 Pamphilus
882 864 935 931 vel
957 871 1067 951 postea
1090 861 1294 931 Chremetem
1317 863 1418 929 tiliam
1441 884 1509 929 esse
1532 863 1626 929 datu-

433 1002 507 1045 rum
514 1003 522 1059 ;
548 978 603 1043 sed
626 976 733 1041 addito
759 973 866 1051 „iam”
892 972 984 1058 plena
1011 974 1163 1052 securitas
1193 976 1256 1048 est,
1290 973 1368 1035 iam
1399 972 1485 1035 enim
1515 991 1628 1035 renun-

433 1090 526 1153 tiatio
551 1091 600 1150 est
623 1082 859 1169 perpetuitatis.

479 1192 567 1257 Haec
599 1192 706 1254 omnia
738 1193 866 1272 propter
897 1206 946 1249 res
970 1190 1002 1249 et
1025 1183 1149 1249 dicendi
1173 1187 1329 1249 rationem
1351 1182 1544 1269 Philosopho
1569 1185 1627 1247 tri-

434 1299 560 1366 buenda
582 1319 648 1362 ease
672 1295 831 1370 videntur,
857 1295 912 1376 qui
935 1290 1110 1355 identidem
1130 1289 1304 1376 particulas
1328 1292 1407 1355 iam
1431 1289 1625 1376 peculiarem

436 1410 504 1471 vim
529 1404 722 1488 adsignavit.
748 1399 799 1464 Sic
822 1398 862 1464 ad
885 1396 932 1462 111
956 1396 1018 1461 ul
1069 1399 1155 1474 „iarn
1178 1397 1366 1482 expediam'’
1390 1397 1537 1463 adnotat:
1562 1396 1625 1462 duo

435 1513 585 1598 promisit
616 1507 732 1572 simul:
764 1513 797 1570 st
827 1511 955 1589 tempus
979 1524 1052 1567 cum
1076 1502 1237 1568 celeritate
1259 1510 1292 1568 ct
1310 1503 1467 1569 effectum.
1492 1502 1535 1567 IV
1559 1503 1623 1568 al

437 1622 524 1696 „iam
548 1617 604 1681 ubi
628 1614 684 1679 ubi
707 1611 790 1678 erit''
814 1618 900 1687 cett,
924 1610 985 1675 hoc
1008 1609 1177 1674 adscribit:
1201 1630 1264 1673 non
1287 1610 1392 1674 solum
1415 1631 1449 1675 se
1472 1608 1627 1675 adductu-

437 1745 508 1788 rum
545 1722 711 1807 promisit,
747 1718 801 1783 sed
836 1723 869 1781 at
903 1724 1030 1800 tempus
1065 1714 1198 1780 addidit.
1234 1714 1259 1776 V
1296 1714 1391 1780 4.19
1428 1718 1513 1791 „iam
1550 1717 1627 1780 sciri

436 1828 562 1916 potest'’
602 1824 725 1891 addidit
756 1830 789 1887 et
817 1823 971 1906 temporis
1002 1819 1199 1886 celeritatem
1229 1827 1262 1885 at
1292 1841 1409 1907 magna
1440 1824 1629 1886 maturitate

439 1935 530 2000 dixit.
567 1932 646 1997 Ibid.
673 1930 715 1995 50
751 1929 861 2006 „Davo
895 1931 978 1992 istuc
1014 1926 1128 1992 dedam
1163 1930 1228 1992 iam
1262 1926 1410 2012 negoti'':
1442 1927 1565 1992 addidit
1596 1933 1628 1992 et

441 2042 594 2125 temporis
625 2036 832 2103 celeritatem.
864 2032 895 2098 11
927 2031 993 2098 3.8
1027 2031 1161 2110 ,Oito’':
1193 2034 1334 2098 Donatus
1367 2034 1513 2098 adnotat:
1546 2033 1623 2111 „illo

439 2147 616 2212 admirante
635 2144 687 2208 hic
706 2142 844 2222 (Davus)
864 2143 962 2205 etiam
982 2139 1218 2217 confirmavit”,
1237 2142 1354 2226 quibus
1373 2140 1456 2205 Phil.
1473 2141 1628 2206 adnectit:

440 2252 563 2319 addidit
586 2254 684 2316 etiam
709 2255 837 2333 tempus
861 2247 1044 2313 celeritatis.

486 2358 601 2423 Nostro
634 2355 703 2421 loco
736 2352 912 2440 particulae
942 2353 1209 2440 significationem
1241 2353 1328 2419 dedit
1360 2353 1628 2440 „perpetuitatis”

441 2486 572 2551 prorsus
595 2461 769 2527 insolitam.
794 2460 939 2526 Donatus
959 2460 997 2524 de
1016 2459 1248 2546 significatione
1266 2460 1424 2545 particula
1442 2464 1630 2527 tritissimae

442 2575 478 2635 in
514 2570 650 2645 Andria,
686 2574 843 2653 quantum
876 2567 960 2642 vidi,
992 2565 1099 2643 siluit,
1131 2587 1188 2632 neo
1219 2588 1280 2632 non
1311 2569 1343 2631 in
1374 2567 1549 2646 Eunucho,
1573 2569 1630 2634 ubi

443 2676 565 2742 scholia
597 2673 645 2740 111
669 2672 775 2738 aaa:
809 2672 864 2751 „rt
895 2676 974 2738 iam
1005 2675 1178 2758 increpatio
1201 2694 1309 2739 morae
1331 2674 1400 2739 est’'
1426 2681 1457 2739 et
1481 2673 1525 2739 IV
1549 2675 1630 2739 5.8:

443 2786 541 2868 „quia
577 2779 809 2858 „iamdudum”
845 2779 988 2844 infinitae
1023 2800 1114 2843 mora
1148 2786 1213 2857 est,
1248 2779 1337 2846 addit
1373 2780 1565 2858 „aetatsm’',
1597 2787 1634 2845 ut

440 2888 625 2956 ostenderet
655 2886 798 2951 multum
831 2886 929 2950 abiise
960 2889 1131 2971 temporis,
1165 2895 1201 2951 ut
1231 2886 1334 2952 lactus
1360 2887 1449 2962 est,”
1474 2888 1634 2953 etiamad

438 2996 668 3083 philosophum
692 2993 855 3058 referenda
878 3014 945 3057 essa
969 2992 1082 3057 docent
1105 2991 1224 3059 Donati
1249 2994 1368 3060 scholia
1387 2998 1479 3060 iuxta
1499 2999 1612 3081 posita.

487 3103 577 3183 Quod
607 3102 638 3167 11
670 3100 758 3165 214
790 3100 829 3165 ad
862 3101 958 3165 verba
992 3100 1142 3176 „obsecro
1173 3108 1204 3165 te
1235 3123 1330 3186 quam
1362 3103 1528 3187 primum'’
1558 3108 1631 3168 cett.

439 3209 631 3276 adnotatur:
659 3229 755 3284 „cum
777 3207 924 3292 precibus
948 3212 979 3271 et
1005 3213 1133 3292 tempus
1156 3207 1347 3273 admiscuit’'
1372 3210 1516 3274 eiusdem
1540 3217 1632 3275 notas

439 3324 490 3381 est
515 3322 547 3379 et
570 3316 718 3399 originis.

492 3481 545 3547 16.
569 3481 616 3547 De
639 3481 870 3567 significatione
893 3481 983 3545 verbi
1006 3483 1070 3545 aio
1094 3481 1156 3546 hoc
1178 3481 1287 3546 tinxit:
1312 3486 1371 3547 ait
1396 3487 1538 3569 proprie,
1560 3486 1634 3570 quia

444 3588 675 3655 contemnenda
706 3587 866 3652 dicuntur.
911 3584 959 3652 Of.
995 3587 1076 3652 Eun.
1112 3588 1127 3653 1
1158 3589 1189 3652 2.
1204 3587 1256 3665 59,
1294 3590 1376 3654 unde
1410 3590 1468 3655 hoc
1503 3592 1633 3657 fortasse

448 3704 616 3781 sumptum
641 3703 698 3759 eat.

494 3844 525 3911 11
555 3846 586 3909 4.
602 3843 632 3911 7.
665 3844 745 3910 Don.
778 3852 1073 3922 „commutaturum
1104 3847 1261 3911 verbum”
1293 3854 1377 3913 recte
1408 3852 1636 3936 interpretatur

446 3949 721 4029 „altercaturum”
755 3950 862 4016 addito
895 3950 1041 4036 exemplo
1072 3951 1201 4017 Phorm.
1234 3953 1277 4019 IV
1301 3954 1330 4019 3.
1345 3954 1398 4021 33.
1431 3956 1515 4022 Phil.
1541 3979 1634 4023 suam

443 4060 628 4143 opinionem
663 4057 779 4122 diserte
810 4060 855 4122 sic
877 4059 1026 4143 opponit:
1053 4058 1144 4145 ,Ego
1168 4067 1245 4145 puto
1272 4071 1490 4137 „commutare
1514 4065 1632 4130 verba'’

444 4185 513 4229 esse
536 4185 593 4248 pro
617 4164 707 4228 bonis
729 4163 822 4228 dictis
846 4163 932 4229 mala
954 4166 1116 4250 ingerere,
1142 4166 1199 4231 hoa
1222 4175 1270 4232 est
1293 4169 1457 4234 iracundia
1480 4174 1513 4234 in
1537 4170 1634 4236 male·

444 4272 531 4336 dicta
552 4269 734 4355 compelli'’,
759 4268 844 4355 quod
866 4269 994 4334 falsum.
1052 4268 1204 4337 Getarum
1223 4294 1319 4338 usum
1340 4279 1535 4359 pronominis
1559 4298 1635 4363 ego

445 4387 518 4456 (nec
550 4378 655 4460 magis
686 4385 725 4440 at
752 4377 855 4439 mihi
884 4379 972 4454 sim.)
1003 4397 1066 4441 non
1096 4385 1219 4442 certum
1250 4378 1405 4444 indicium
1429 4402 1497 4445 esse
1520 4381 1633 4446 scholii

442 4485 581 4568 genuini
604 4489 660 4546 aut
681 4484 781 4566 spurii
804 4481 916 4546 docent
937 4481 1001 4546 loci
1024 4484 1080 4548 ubi
1101 4487 1210 4570 ipsum
1234 4483 1395 4551 Donatum
1415 4487 1570 4554 habemus
1590 4492 1635 4555 sic

440 4588 649 4672 loquentem:
674 4586 721 4650 lll
744 4586 808 4651 2.1
834 4586 882 4666 (4)
914 4588 1019 4672 „quod
1042 4610 1102 4673 ego
1125 4611 1187 4654 non
1212 4590 1342 4675 probo'’,
1367 4607 1400 4657 st
1422 4594 1456 4656 in
1479 4593 1634 4659 Eunucho

441 4692 489 4759 IV
514 4693 544 4756 4.
559 4692 602 4756 22
628 4698 682 4769 „at
704 4692 796 4778 ego’',
820 4691 898 4757 ibid.
925 4692 1012 4756 7.16
1036 4692 1084 4773 (2)
1110 4716 1190 4780 „ego
1293 4696 1411 4780 puto”;
1437 4708 1545 4765 contra
1569 4702 1638 4786 phi·

440 4798 619 4883 losophum
642 4801 674 4862 in
699 4797 780 4863 111111.
807 4796 832 4860 V
860 4798 923 4863 1.7
952 4800 1027 4875 ,sed
1050 4820 1110 4886 ego
1134 4802 1306 4887 agnosoo'’,
