4525 5950
543 646 586 712 72
1069 667 1211 715 11111111.

541 829 653 894 deinde
687 834 799 894 eastris
831 831 1005 916 procedunt
1037 830 1077 895 ad
1110 852 1272 917 pugnem,
1305 830 1358 895 sed
1390 853 1427 896 eo
1457 831 1544 908 loco,
1569 831 1655 916 quod
1679 834 1730 895 vix

538 957 785 1000 commemorare
809 958 906 1020 opus,
934 937 989 1000 ubi
1013 935 1171 1020 proelium
1196 945 1244 1001 est
1267 939 1494 1013 commissum,
1518 936 1609 1002 nulla
1631 944 1732 1002 castra

538 1049 660 1126 ponunt
668 1063 675 1119 ;
708 1042 921 1127 profligantur
951 1063 969 1106 a
992 1042 1191 1120 Vitellianis,
1219 1046 1276 1128 qui
1299 1065 1352 1107 eos
1376 1050 1613 1129 persequuntur
1636 1043 1732 1108 donec

536 1151 600 1233 ipsi
620 1147 646 1210 V
666 1147 756 1211 milia
776 1168 928 1233 passuum
949 1168 967 1211 a
987 1148 1154 1221 Bedriaco,
1174 1151 1196 1212 i.
1210 1170 1237 1213 e.
1257 1147 1346 1214 mille
1370 1171 1481 1234 passus
1500 1171 1518 1213 a
1538 1152 1653 1213 eastris
1666 1148 1732 1213 illie

537 1257 651 1339 capitis
676 1253 729 1330 39,
754 1255 880 1318 absunt.
905 1255 1058 1318 Potuitne
1083 1252 1168 1317 ullus
1191 1253 1280 1319 locus
1302 1258 1407 1339 aptior
1431 1257 1611 1342 excogitari
1635 1253 1733 1319 Vitel-

535 1359 695 1425 lianorum
723 1359 943 1424 deliberationi
968 1369 1078 1424 utrum
1103 1368 1206 1425 castra
1228 1364 1298 1445 ipsa
1322 1370 1510 1446 oppugnent
1533 1358 1653 1425 necne?

583 1466 625 1531 H.
656 1466 697 1544 ll,
730 1464 783 1530 46.
817 1465 894 1531 Ρο11
925 1466 1081 1551 proelium
1114 1468 1199 1552 apud
1224 1467 1413 1532 Bedriacum
1437 1467 1559 1532 milites
1584 1469 1732 1533 omnibus

537 1573 640 1638 modis
671 1573 827 1639 consolari
852 1572 1012 1639 Othonem
1035 1575 1182 1651 student,
1207 1574 1460 1640 demonstrantes
1482 1595 1516 1639 se
1539 1575 1579 1639 ad
1604 1576 1732 1660 quasvis

536 1702 634 1745 novas
657 1688 783 1766 paratos
808 1700 943 1766 pugnas.

583 1788 667 1864 „Nec
697 1790 891 1872 praetoriani
922 1793 1067 1863 tentum,
1100 1789 1248 1871 proprius
1273 1786 1409 1851 Othonis
1432 1785 1542 1864 miles,
1567 1786 1623 1851 sed
1647 1806 1731 1872 pree

538 1896 627 1957 missi
662 1915 679 1958 e
714 1893 839 1958 Moesia
872 1893 1006 1958 eandem
1041 1894 1288 1957 obstinationem
1319 1893 1521 1958 adventantis
1552 1896 1729 1970 exercitus,

536 1997 678 2083 legiones
698 1999 879 2084 Aquileiam
899 2002 1059 2084 ingressas
1081 1998 1288 2075 nuntiabant,
1308 2006 1341 2061 ut
1360 2021 1442 2061 nemo
1461 1999 1576 2061 dubitet
1589 2001 1730 2083 potuisse

536 2108 684 2169 renovari
707 2103 828 2168 bellum
855 2126 881 2168 e.
896 2126 924 2188 q.
939 2104 997 2169 s.”.

581 2208 683 2274 Verba
705 2217 739 2272 et
762 2233 843 2273 nereo
866 2210 980 2272 dubitet
1004 2215 1076 2273 tum
1096 2208 1228 2273 demum
1249 2209 1371 2293 aliquid
1390 2209 1637 2295 significabunt,
1659 2232 1730 2275 oum

536 2314 788 2379 intellexerimus
807 2316 859 2380 hic
879 2336 897 2379 a
915 2314 1025 2380 Tacito
1045 2314 1118 2378 illos
1138 2316 1269 2379 refutari
1283 2316 1467 2393 historicos,
1485 2319 1541 2401 qui
1554 2316 1731 2382 docuerunt

536 2430 606 2505 post
630 2442 773 2507 pugnam
797 2420 1038 2485 Bedriacensem
1059 2421 1097 2485 de
1117 2420 1250 2486 Othonis
1270 2443 1364 2486 causa
1383 2428 1491 2487 ectum
1511 2424 1625 2499 fuisse,
1646 2444 1731 2488 eum-

536 2548 598 2612 que
618 2528 824 2608 desperatione
844 2526 882 2590 ad
905 2534 1040 2591 mortem
1062 2526 1276 2611 compulsum.
1301 2527 1364 2607 Qui
1382 2526 1433 2592 1111
1453 2528 1599 2593 historici
1611 2529 1731 2593 fuerint

535 2638 738 2718 ignoramus;
768 2632 875 2716 fcisse
905 2655 1007 2697 unum
1040 2632 1189 2717 pluresve
1221 2633 1278 2698 hoc
1309 2632 1414 2698 solum
1438 2640 1574 2699 constat.
1610 2634 1649 2698 Id
1674 2656 1731 2721 ego

536 2740 587 2803 hio
607 2746 737 2823 propter
757 2739 997 2803 Mommsenum
1018 2761 1145 2815 moneo,
1166 2742 1221 2824 qui
1242 2740 1280 2806 de
1293 2740 1504 2824 discrepantia
1517 2738 1730 2805 Plutarchum

536 2847 619 2909 inter
639 2842 866 2928 Tacitumque,
889 2844 1023 2910 Othonis
1043 2852 1181 2909 mortem
1202 2852 1378 2922 narrantes,
1400 2848 1445 2910 sic
1458 2846 1521 2911 fere
1534 2846 1730 2932 disputavit:

584 2950 798 3027 „Plutarchus
821 2959 928 3017 narrat
948 2952 1028 3015 nulli
1049 2950 1168 3037 proelio
1189 2952 1328 3017 adfuisse
1348 2951 1507 3017 Othonem
1527 2953 1582 3017 sed
1604 2952 1731 3018 Brixilli

535 3079 609 3121 eum
634 3061 822 3122 remansisse
846 3063 885 3135 (o.
911 3056 969 3136 V);
995 3061 1156 3122 transiisse
1181 3080 1256 3122 eum
1280 3058 1470 3123 Bedriacum
1493 3067 1567 3124 ante
1586 3081 1730 3145 pugnam

535 3172 573 3227 ut
596 3163 767 3227 consilium
791 3165 920 3229 haberet
944 3164 1084 3228 militare
1108 3170 1148 3242 (c.
1177 3164 1272 3241 Vlll),
1296 3164 1369 3229 inde
1398 3164 1573 3229 Brixillum
1600 3167 1731 3231 rediisse

455 3252 457 3257 Α
534 3276 574 3344 (c.
600 3269 659 3346 X);
693 3278 766 3354 post
788 3291 933 3355 pugnam
956 3273 1025 3354 ipso
1049 3271 1178 3334 ahsente
1200 3273 1233 3333 in
1257 3270 1390 3334 consilio
1416 3270 1550 3335 militari
1574 3271 1613 3336 de
1639 3293 1732 3337 causa

534 3375 713 3440 Othoniana
744 3377 921 3440 omittenda
953 3376 1116 3440 decretum
1149 3377 1280 3440 factum.
1313 3375 1456 3461 Denique
1488 3375 1670 3454 Othonem,
1694 3378 1732 3442 de

534 3481 622 3545 clade
643 3485 810 3546 certiorem
831 3483 969 3557 factum,
991 3485 1140 3566 quamvis
1159 3485 1192 3545 in
1213 3482 1273 3545 fide
1293 3492 1433 3566 perstare
1454 3482 1577 3547 milites
1596 3484 1730 3559 videret,

534 3589 722 3671 abrumpere
755 3591 858 3651 vitam
883 3610 974 3652 suam
998 3591 1149 3651 statuisse
1173 3596 1207 3651 ct
1229 3589 1342 3651 eioidce
1364 3597 1515 3670 parceret:
1540 3589 1661 3666 βιώσας
1689 3593 1732 3654 οὐ·

535 3692 581 3756 izv
603 3694 820 3767 ἐπιεικέστερον
841 3693 971 3769 Νέρωνος
995 3694 1144 3755 ἀπέθανεν
1165 3695 1373 3768 εὐγενέστερον
1386 3697 1453 3778 ipse
1466 3692 1664 3760 Plutarchus
1676 3698 1730 3760 ait.

580 3798 709 3862 Tacitus
739 3807 849 3861 eontra
880 3800 913 3860 in
945 3797 1001 3861 illo
1035 3798 1166 3862 demum
1199 3799 1332 3864 consilio
1365 3798 1515 3877 militari,
1549 3801 1634 3885 quod
1659 3809 1730 3866 aute

533 3908 638 3988 ipsam
664 3925 806 3989 pugnem
830 3905 978 3967 habitum
1002 3906 1044 3966 sit
1068 3911 1111 3978 (v.
1137 3926 1162 3969 c.
1189 3904 1231 3968 33
1256 3913 1288 3969 et
1312 3904 1379 3983 39),
1403 3905 1568 3970 decretum
1593 3928 1662 3971 esse
1686 3908 1731 3970 ait

535 4019 571 4074 nt
596 4008 679 4073 Otho
703 4008 878 4073 Brixillum
902 4009 1162 4093 proficisceretur,
1184 4018 1349 4094 tamquam
1375 4014 1402 4074 si
1425 4012 1580 4076 hacteuus
1604 4034 1731 4098 semper

533 4119 567 4179 in
600 4117 711 4179 eastris
734 4114 896 4178 adfuisset.
932 4113 983 4190 „Is
1007 4118 1130 4198 primus
1154 4116 1220 4179 dies
1246 4116 1440 4181 Othonianas
1464 4125 1571 4202 partes
1594 4119 1730 4184 afflixit’'

534 4222 611 4284 haec
635 4228 710 4283 sunt
734 4221 830 4283 verba
854 4222 933 4283 eius.
967 4220 1024 4294 „In
1049 4224 1179 4285 oonsilio
1203 4221 1357 4299 militari,
1382 4224 1465 4308 quod
1491 4231 1562 4308 post
1585 4247 1729 4312 pugnam

533 4326 679 4401 habetur,
705 4347 764 4410 ope
787 4325 1021 4389 Moesiacorum
1046 4330 1210 4412 copiarum
1234 4329 1396 4393 fortunam
1419 4334 1540 4395 mutari
1564 4352 1658 4414 posse
1683 4332 1732 4397 de

534 4431 706 4496 claretur’'.
1660 4499 1663 4503 .

581 4535 626 4601 De
657 4540 727 4620 ipsa
751 4537 964 4619 discrepantia
987 4535 1068 4599 nihil
1092 4536 1180 4601 dico:
1205 4539 1312 4603 adesse
1335 4561 1405 4604 eam
1429 4545 1501 4626 quis
1524 4544 1645 4630 neget?
1669 4547 1731 4614 Sed

535 4642 617 4726 quod
652 4640 709 4705 illa
745 4645 834 4705 nisus
869 4640 1091 4705 Mommsenus
1126 4645 1290 4708 contendit
1323 4647 1406 4710 mihi
1436 4648 1567 4732 quidem
1599 4652 1732 4718 videtur

532 4746 751 4811 falsissimum.
788 4745 841 4810 Sic
876 4749 962 4809 enim
998 4747 1156 4831 disputat:
1195 4750 1254 4826 „de
1289 4752 1449 4817 industria
1483 4756 1642 4839 quaedam
1677 4762 1730 4826 hic
