4525 5950
971 718 1114 766 ascires.
1567 700 1632 765 405

439 884 574 949 dontius
594 883 774 949 Urlichsius
795 889 901 949 totum
920 883 1024 948 istud:
1045 883 1151 946 Cicilia
1170 884 1252 965 capit
1265 884 1427 948 Geldubam
1440 886 1632 970 proscripsit.

440 991 497 1057 Sic
529 993 615 1056 enim
646 997 720 1077 apte
746 996 815 1056 tota
839 990 981 1076 procedit
1004 993 1161 1068 narratio,
1185 995 1217 1056 et
1239 989 1408 1075 aliquando
1431 993 1462 1055 in
1488 994 1634 1077 margine

441 1096 529 1162 illud
557 1097 664 1161 Gimlis
686 1097 769 1181 capit
795 1097 958 1161 Geldubam
981 1097 1078 1162 fuisse
1102 1102 1291 1162 annotatum
1315 1096 1489 1162 admodum
1511 1104 1559 1163 est
1582 1118 1634 1162 ve

439 1203 591 1269 risimile.
611 1203 663 1268 Sic
683 1207 769 1269 enim
790 1202 906 1269 sciolus
925 1202 1042 1289 aliquis
1061 1201 1219 1288 explicare
1230 1210 1362 1268 conatus
1373 1208 1431 1282 est,
1445 1206 1500 1288 qui
1513 1203 1633 1267 fectum

442 1313 488 1375 sit
512 1316 549 1374 ut
573 1312 715 1395 primum
740 1307 938 1388 Geldubam,
960 1309 1072 1375 deinde
1090 1311 1285 1376 Novaesium
1305 1310 1488 1375 concederet
1503 1308 1633 1376 Vocula.

440 1414 657 1481 Sententiolas
677 1424 786 1482 autem
806 1419 948 1482 minutas
968 1415 1057 1481 illas:
1080 1417 1224 1493 „lterum
1243 1413 1358 1481 Civilis
1372 1414 1484 1481 Vetere
1502 1417 1634 1480 circum-

441 1521 539 1587 sedit.
565 1520 687 1587 Vocula
710 1520 890 1589 Geldubam
915 1528 1010 1607 atque
1028 1521 1101 1587 inde
1120 1522 1318 1588 Novaesium
1337 1524 1500 1587 concessit.
1520 1519 1636 1589 Oiviiie

441 1631 533 1714 capit
555 1625 759 1694 Geldubam'
778 1628 1026 1715 haudquaquam
1045 1649 1112 1694 esse
1134 1630 1288 1694 orationis
1306 1627 1452 1695 Taciteae
1473 1628 1523 1694 vel
1544 1650 1635 1694 aures

442 1733 629 1800 admonent.

489 1840 645 1907 Eiusdem
665 1843 792 1927 generis
810 1839 1084 1918 additamentum,
1104 1839 1159 1905 sed
1178 1840 1340 1927 aliquanto
1359 1843 1457 1906 etiam
1478 1843 1633 1928 ineptius,
1749 1902 1751 1904 ,

440 1947 712 2034 deprehendimus
722 1945 844 2012 aovin
852 1951 1033 2014 narratione
1041 1946 1163 2013 delulii
1171 1945 1281 2012 Sabini
1289 1947 1443 2034 hingonis
1451 1947 1633 2013 defectione:

491 2053 637 2130 „Interea
660 2052 764 2119 Iulius
787 2053 923 2120 Sabinus
943 2057 1090 2140 proiectis
1109 2054 1246 2119 foederis
1264 2053 1400 2119 Romani
1419 2058 1635 2120 monumentis

440 2157 614 2227 Caesarem
633 2181 666 2225 se
686 2159 819 2226 salutari
838 2161 927 2226 iubet
944 2180 1161 2247 magnamque
1180 2165 1212 2225 et
1223 2159 1418 2225 inconditam
1430 2160 1634 2246 popularium

440 2266 574 2330 turbam
594 2267 627 2330 in
647 2265 810 2350 Sequanos
828 2269 927 2352 rapit,
948 2269 1179 2332 conterminam
1199 2269 1365 2332 civitatem
1381 2274 1413 2332 et
1426 2267 1516 2333 nobis
1528 2267 1633 2334 fidam.

444 2371 514 2436 Nec
545 2370 684 2456 Sequani
708 2372 921 2438 detrectavere
944 2379 1113 2438 certamn.
1138 2372 1282 2438 Fortuna
1304 2372 1490 2439 melioribus
1512 2374 1633 2439 adfuit:
1672 2377 1674 2379 ’

441 2477 582 2543 Sabinus
605 2478 794 2544 festinatum
818 2486 937 2545 temere
960 2478 1119 2564 proelium
1142 2481 1212 2564 pari
1235 2479 1404 2545 formidine
1427 2479 1601 2545 deseruit.'’

491 2583 646 2649 Potuitne
677 2583 731 2650 vel
760 2582 939 2672 elegantius
970 2585 1022 2651 vel
1053 2587 1160 2672 magis
1183 2588 1348 2671 perspicue
1371 2586 1545 2673 significari
1568 2591 1635 2652 utri

441 2692 478 2754 in
503 2711 539 2755 eo
563 2692 736 2756 cartamine
760 2693 910 2768 vicerint,
936 2694 1002 2756 utri
1025 2694 1089 2756 sint
1108 2688 1292 2778 profligati?
1311 2693 1446 2756 Feriam
1466 2693 1635 2757 melioribae

443 2795 565 2880 adsuit.
588 2796 702 2863 Nonne
720 2800 850 2884 egregie
870 2799 1058 2884 scriptorem
1077 2796 1259 2863 Romanum
1280 2798 1370 2863 decet
1388 2797 1446 2863 illo
1465 2799 1634 2863 melioribus

441 2926 498 2970 eos
528 2903 710 2991 designare,
742 2906 799 2991 qui
829 2906 1014 2990 apartibus
1038 2906 1187 2969 steterint
1208 2904 1443 2981 Romanorum,
1469 2912 1564 2992 atque
1589 2908 1634 2970 sic
1715 2983 1717 2987 Ι

441 3010 521 3078 illos
554 3019 663 3076 notare
697 3011 831 3077 infamia
865 3014 920 3096 qui
954 3011 1050 3077 fidem
1086 3010 1354 3078 detrectaverint?
1393 3014 1505 3080 Nonne
1540 3034 1633 3079 omne

443 3120 604 3184 enuntiati
634 3139 769 3183 acumen
800 3123 895 3202 atque
919 3120 1023 3183 omnis
1046 3124 1198 3183 venustas
1220 3122 1320 3205 perit,
1346 3121 1373 3184 si
1397 3126 1559 3204 praeterea
1580 3118 1633 3186 vel

441 3228 583 3290 victores
614 3224 666 3290 vel
697 3226 776 3290 victi
806 3247 858 3288 eac
889 3224 1005 3289 nomine
1027 3222 1228 3291 iudicantur?
1252 3225 1324 3291 Iure
1347 3247 1423 3313 ergo
1444 3233 1551 3292 nostro
1573 3229 1633 3290 im-

442 3338 620 3419 portunum
639 3335 961 3417 interpretamentum
975 3330 1051 3415 fari
1066 3330 1215 3415 idapem
1226 3332 1378 3398 facessere
1389 3333 1463 3398 hinc
1473 3333 1633 3400 iubemus.

441 3437 518 3525 Ipsa
540 3458 618 3503 voce
641 3459 674 3503 se
697 3437 750 3503 hic
773 3436 978 3525 magistelius
1002 3437 1119 3523 prodit.

489 3544 532 3609 H.
555 3543 591 3621 V,
614 3543 645 3610 3.
669 3542 798 3612 Claram
821 3545 904 3609 mihi
928 3543 1088 3610 effundere
1111 3544 1217 3610 lucem
1240 3566 1330 3630 posse
1354 3546 1463 3612 videor
1480 3545 1558 3624 loco,
1579 3549 1634 3632 qni

395 3697 401 3710 .
440 3651 597 3716 hactenus
627 3652 662 3715 in
694 3651 799 3716 densis
829 3650 927 3715 latuit
952 3651 1102 3716 tenebris.
1136 3650 1183 3716 De
1208 3650 1302 3716 malis
1325 3654 1441 3736 quibus
1463 3652 1634 3717 conflictati

441 3763 520 3822 sunt
543 3755 653 3822 ludaei
677 3777 733 3841 per
755 3755 879 3821 deserta
901 3775 1018 3823 novam
1041 3762 1228 3842 quaerentes
1247 3756 1355 3823 sedem
1375 3764 1407 3823 et
1426 3757 1488 3824 alia
1506 3767 1539 3825 et
1559 3759 1634 3824 haec

443 3870 632 3928 narrantur:

493 3968 604 4046 „Nihil
624 3989 722 4053 aeque
742 3990 839 4054 quam
857 3970 964 4054 inopia
982 3989 1081 4053 aquae
1100 3969 1255 4054 fatigabat
1260 3990 1268 4047 ;
1286 3972 1415 4054 iamque
1428 3970 1512 4036 haud
1525 3971 1635 4056 procui

443 4078 543 4141 exitio
568 4077 645 4140 totis
667 4077 789 4161 campie
808 4076 1059 4161 procubuerant,
1080 4095 1154 4139 cum
1174 4094 1254 4160 grex
1274 4078 1435 4141 asinorum
1456 4080 1633 4163 agrestium

442 4204 459 4247 e
492 4187 587 4266 pastu
616 4184 650 4245 in
678 4202 794 4267 rupem
826 4202 954 4247 nemore
986 4201 1116 4266 opacam
1149 4183 1331 4246 concessitz.
1353 4190 1480 4248 secutus
1504 4183 1634 4271 Moyses

443 4288 628 4352 coniectura
650 4285 775 4351 herbidi
798 4286 860 4352 soli
883 4286 989 4373 largas
1012 4307 1167 4372 aquarum
1190 4307 1286 4351 venas
1310 4287 1444 4372 aperit.”

492 4390 556 4456 Hic
584 4411 645 4477 ego
668 4412 730 4455 uon
754 4390 883 4469 dubito,
907 4394 984 4476 quin
1007 4391 1095 4456 istud
1118 4392 1286 4456 coniectura
1308 4391 1426 4455 herbidi
1447 4393 1506 4456 soli
1528 4396 1632 4459 invito

445 4495 559 4562 Tacito
580 4499 614 4561 in
637 4502 765 4562 textum
787 4499 959 4583 irrepserit.
985 4496 1053 4561 Iam
1076 4499 1145 4583 ipse
1168 4517 1270 4561 sermo
1290 4497 1410 4561 fraudis
1429 4498 1510 4562 mihi
1529 4501 1634 4564 iniicit

443 4605 674 4689 suspicionem.
707 4601 898 4671 Coniectura
928 4603 1051 4670 herbidi
1076 4602 1154 4668 soli:
1177 4605 1251 4690 quis
1275 4625 1416 4688 unquam
1440 4607 1485 4670 sic
1507 4605 1633 4672 locutus

450 4718 515 4787 est,
548 4731 623 4775 oum
653 4710 712 4775 hoc
743 4710 857 4777 vellet:
882 4712 1050 4776 coniiciens
1074 4709 1242 4775 herbidum
1264 4711 1310 4776 ibi
1333 4709 1437 4777 solum
1461 4709 1549 4778 esset
1572 4712 1633 4779 Sed

449 4819 500 4882 fac
523 4815 677 4883 vocabula
698 4820 761 4883 ista
782 4817 1004 4903 aliquomodo
1024 4818 1099 4882 ferri
1117 4838 1226 4902 posse,
1246 4839 1325 4882 num
1344 4821 1531 4885 narrationis
1549 4841 1633 4885 nunc

1453 4938 1485 4990 8¹1
