4525 5950
978 707 1119 756 anemos.
1248 774 1251 780 ¹
1589 689 1654 755 369

509 876 573 943 Sed
600 897 639 942 ex
662 877 722 941 hoc
746 894 872 960 quoque
897 894 1013 960 genere
1035 872 1140 939 multo
1165 872 1257 960 plura
1280 873 1371 938 nobis
1394 873 1483 938 affert
1506 872 1654 961 exempla

462 982 631 1048 Medicens
655 981 752 1048 alter:

508 1087 567 1166 XI,
595 1088 646 1155 13.
678 1089 743 1167 ,At
767 1085 923 1154 Claudius
946 1088 1146 1153 matrimonii
1170 1088 1221 1151 sni
1242 1088 1375 1173 ignarus
1399 1093 1431 1152 et
1454 1074 1566 1152 munia
1587 1107 1655 1153 ceu·

460 1200 548 1262 soria
570 1217 730 1283 usurpans
753 1217 779 1262 e.
793 1217 823 1281 q.
837 1194 885 1260 s.'’

509 1304 645 1368 Prorsus
676 1323 770 1367 sensu
798 1322 937 1366 vacuum
961 1321 1028 1366 esse
1051 1300 1234 1364 nmtrimom'i
1256 1300 1305 1364 mi
1328 1300 1453 1383 ipmarac
1476 1300 1559 1366 mihi
1583 1320 1654 1367 con·

459 1416 541 1488 stat;
563 1430 639 1474 nam
658 1408 744 1493 quod
763 1410 911 1474 certatim
931 1406 1016 1473 docti
1035 1412 1316 1484 commentatores,
1333 1405 1417 1472 alius
1428 1405 1655 1473 aliumdescri·

460 1516 554 1592 bens,
587 1515 650 1580 huc
682 1513 817 1580 afferunt
847 1513 890 1578 H.
916 1513 941 1591 l,
967 1512 1027 1579 49:
1053 1515 1252 1591 „amicorum
1274 1511 1529 1599 libertorumque
1552 1534 1652 1600 nsque

460 1621 503 1686 ad
534 1620 665 1707 culpam
695 1620 862 1708 ignarus’,
892 1623 927 1685 in
957 1641 994 1685 eo
1024 1618 1093 1685 loco
1123 1619 1274 1705 praesidii
1297 1618 1381 1684 nihil
1405 1624 1462 1685 est.
1488 1619 1654 1685 Omittunt

458 1731 548 1793 enim
578 1728 629 1793 illi
661 1727 744 1814 quod
777 1730 811 1792 in
842 1748 879 1793 eo
904 1725 956 1792 vel
980 1728 1172 1813 primarium
1195 1732 1262 1804 est,
1287 1746 1361 1791 nam
1385 1728 1431 1792 sic
1454 1727 1499 1792 ibi
1523 1726 1654 1792 Tacitus

458 1837 606 1921 scripsit:
645 1837 843 1912 „amicorum
877 1832 1149 1920 libertorumque,
1185 1833 1242 1898 ubi
1275 1835 1308 1898 in
1330 1833 1435 1898 ¹honos
1472 1833 1653 1912 incidisset,

458 1945 530 2008 eine
560 1943 803 2028 reprehensione
834 1944 977 2027 patiens,
1013 1944 1040 2007 ei
1071 1939 1150 2007 mali
1182 1941 1302 2018 forent,
1334 1962 1434 2027 usque
1461 1941 1502 2006 ad
1524 1943 1653 2029 culpam

457 2049 626 2136 ignarus’,
658 2051 705 2114 ita
736 2055 773 2114 ut
804 2048 870 2113 fere
893 2045 976 2112 nihil
999 2048 1034 2112 hi
1057 2046 1120 2112 loci
1142 2049 1226 2112 inter
1248 2068 1282 2112 se
1304 2047 1443 2112 habeant
1465 2069 1652 2114 commune:

454 2157 596 2240 genitivi
619 2155 776 2220 amicorum
800 2155 1029 2239 lidertomnmqae
1048 2175 1067 2219 a
1079 2154 1205 2235 patient
1226 2155 1332 2239 magis
1350 2175 1449 2240 quam
1470 2155 1509 2220 ab
1529 2155 1653 2237 ianam

460 2260 657 2346 dependent,
690 2282 765 2327 eum
796 2262 922 2343 ionaras
951 2281 1028 2326 vero
1059 2264 1128 2324 arte
1159 2260 1361 2346 iungendum
1391 2259 1516 2324 rimati
1531 2262 1654 2345 sonent.

459 2368 504 2434 Et
535 2389 615 2453 quae
646 2371 728 2434 ratio
758 2368 933 2434 intercedat
963 2370 1048 2432 inter
1078 2367 1175 2433 verba
1197 2366 1380 2431 matrimonii
1402 2367 1451 2430 sai
1472 2367 1597 2449 ianarm
1620 2374 1653 2435 et

459 2474 564 2539 munia
586 2475 721 2539 censoria
744 2497 894 2558 usurpans
917 2495 1049 2560 prorsus
1073 2494 1124 2538 me
1148 2471 1236 2538 latet.
1262 2471 1366 2538 Nihili
1389 2475 1475 2538 enim
1498 2469 1650 2560 estquod

460 2583 525 2646 viri
549 2581 633 2646 docti
657 2584 833 2647 commenti
856 2586 932 2645 sunt
954 2579 993 2645 de
1015 2580 1106 2644 sarta
1128 2581 1258 2664 quadam
1280 2578 1390 2658 ironia,
1411 2580 1496 2664 quod
1515 2582 1651 2647 censoris

459 2709 593 2754 munere
613 2689 769 2777 fungatur
789 2686 959 2765 Claudius„
979 2689 1048 2775 ipse
1067 2689 1200 2773 ignarus
1220 2686 1346 2773 qualem
1366 2687 1482 2753 habeat
1500 2708 1650 2766 uxorem;

458 2794 494 2860 id
526 2794 610 2879 quod
639 2803 710 2860 tum
734 2794 865 2860 demum
888 2796 922 2863 in
945 2795 1030 2860 hunc
1052 2792 1161 2859 locum
1184 2796 1380 2872 conveniret,
1405 2797 1433 2859 si
1455 2794 1494 2861 de
1518 2793 1652 2866 claudio

455 2903 505 2967 ibi
537 2909 719 2968 narraretur
749 2903 890 2967 censoria
919 2903 1080 2989 gravitate
1110 2903 1310 2966 matrimonii
1332 2904 1579 2968 sanctimoniam
1602 2902 1652 2968 de·

456 3009 617 3076 fendente.
640 3016 685 3075 At
709 3010 884 3074 theatralem
907 3010 946 3074 ab
969 3030 1006 3075 eo
1029 3015 1209 3095 correptam
1232 3008 1383 3072 licentiam
1405 3008 1556 3096 legimus.
1582 3009 1651 3075 Iam

454 3138 533 3183 cum
564 3117 747 3181 matrimonii
770 3115 906 3182 alicuius
928 3116 1065 3196 ipaaram
1089 3116 1188 3181 inisse
1212 3113 1384 3183 claudium
1407 3114 1566 3205 legimus,
1589 3138 1651 3183 non

454 3244 628 3310 possumus
651 3245 714 3291 uon
737 3226 876 3310 cogitare
900 3221 938 3305 de
961 3220 1028 3287 illis
1047 3221 1121 3288 Silii
1139 3221 1394 3308 Messalinaeque
1414 3225 1553 3310 nuptiis,
1574 3219 1651 3310 quas

455 3353 520 3395 non
545 3352 601 3415 per
624 3333 727 3395 risum
749 3332 919 3415 iocumque
943 3329 1032 3395 fictas
1056 3329 1110 3395 sed
1137 3349 1226 3395 verae
1249 3332 1449 3416 sincerasque
1472 3330 1570 3397 fuisse
1593 3329 1650 3395 Ta·

456 3440 543 3503 citus
578 3440 645 3524 ipse
681 3436 816 3502 credidit
849 3443 882 3501 et
916 3433 1098 3522 legentibus
1129 3435 1318 3521 persuadere
1342 3441 1391 3501 est
1415 3442 1556 3502 conatus.
1586 3436 1648 3503 Res

456 3544 550 3609 nohis
584 3544 636 3609 hic
670 3551 718 3609 est
749 3564 824 3608 cum
854 3544 1077 3619 annotatione,
1109 3563 1208 3629 eaque
1239 3549 1406 3629 corrupta:
1437 3545 1470 3607 in
1501 3547 1647 3631 margine

454 3653 544 3716 enim
575 3649 614 3714 ad
644 3670 755 3716 vocem
779 3649 902 3730 ianaraa
926 3647 1147 3736 explicandam
1171 3648 1249 3714 olim
1274 3651 1439 3734 appictum
1462 3650 1526 3714 fuit
1547 3652 1650 3715 matri»

455 3756 549 3820 monii
578 3755 668 3832 attii,
698 3755 796 3841 idque
823 3757 869 3820 ita
892 3758 925 3819 in
951 3760 1076 3820 textum
1101 3754 1293 3820 translatum
1316 3761 1364 3819 est
1387 3761 1425 3820 ut
1448 3777 1465 3821 e
1488 3757 1559 3820 Silii
1582 3779 1649 3823 nas

454 3869 582 3928 caretur
614 3862 672 3927 cni.
717 3860 924 3926 Praeclarum
958 3862 1033 3926 huic
1068 3863 1269 3926 coniecturae
1304 3860 1484 3926 subsidium
1518 3864 1648 3947 praebet

453 3968 649 4033 ultimorum
679 3970 794 4053 capitis
824 3966 888 4032 ΧΗ
918 3969 1091 4033 verborum
1121 3967 1234 4045 lectio,
1268 3988 1365 4053 quam
1388 3968 1484 4033 codex
1508 3969 1647 4035 exhibet.

451 4076 504 4142 Ibi
526 4096 610 4140 nune
629 4081 714 4139 recte
732 4095 749 4139 e
769 4073 938 4140 Puteolani
958 4073 1178 4140 emendatione
1197 4074 1320 4138 editur:
1342 4080 1538 4160 „postremo,
1556 4074 1648 4141 velut

452 4179 610 4246 translata
647 4183 713 4246 iam
755 4181 900 4256 fortuna,
943 4182 1030 4246 servi
1063 4179 1174 4245 liberti
1209 4187 1339 4264 paratus
1374 4183 1527 4266 principis
1562 4183 1646 4267 apud

451 4287 622 4351 astutiarum
650 4287 870 4364 visebantur'’,
903 4289 936 4351 in
968 4287 1076 4352 codiee
1107 4304 1192 4351 esse:
1227 4286 1374 4363 „aiterum
1407 4291 1644 4375 suprascripto

443 4393 575 4479 fitinm'’
606 4393 818 4480 Nipperdeius
851 4393 962 4470 refert,
994 4393 1050 4458 scd
1075 4399 1131 4457 aut
1154 4391 1329 4479 Nipperdei
1354 4415 1441 4458 error
1464 4394 1516 4459 hic
1538 4394 1644 4481 depre

450 4500 617 4577 henditur,
640 4505 697 4565 aut
719 4497 869 4564 librarius
892 4502 925 4563 in
949 4497 1153 4565 describenda
1174 4502 1376 4564 annotatione
1393 4498 1464 4565 leve
1483 4504 1645 4566 commisit

451 4610 591 4673 vitium:
622 4606 662 4671 ad
692 4606 817 4672 atteram
847 4604 898 4671 vel
923 4605 961 4670 ad
985 4606 1154 4670 aduiteram
1179 4611 1266 4684 (nam
1290 4606 1349 4671 hoc
1372 4605 1501 4692 quidem
1525 4609 1643 4673 vitium

448 4714 576 4800 quando
608 4719 720 4777 natum
751 4715 794 4777 sit
826 4714 860 4777 in
893 4712 1033 4777 tenebris
1064 4710 1157 4793 latet)
1188 4713 1356 4798 adscripsit
1379 4711 1496 4797 aliquis
1518 4713 1642 4793 Siliam,

451 4828 549 4905 atque
571 4820 658 4884 idem
682 4817 778 4906 paulo
803 4824 875 4905 post
894 4818 1091 4884 adiectivum
1111 4820 1236 4901 ianam
1256 4819 1362 4885 verbis
1381 4820 1563 4904 matrimonii
1573 4821 1646 4885 Silii
