4525 5950
1074 661 1216 709 ricinus.
1364 627 1367 633 ’
1675 642 1737 706 195

539 826 603 889 hac
633 830 738 889 aetate
769 824 917 889 Tacitum
950 832 1095 890 accurate
1125 824 1263 911 legerit,
1296 828 1325 890 ei
1358 833 1424 890 tam
1454 825 1577 890 similes
1601 829 1684 891 inter
1707 847 1739 891 se

539 931 768 995 Domitianum
793 939 824 995 et
847 930 1012 996 Tiberium
1038 929 1162 996 videri?

587 1037 710 1116 Taciti,
732 1037 771 1102 de
791 1039 1041 1122 imperatoribus
1060 1059 1078 1102 e
1096 1038 1249 1124 gentibus
1268 1037 1353 1102 Iulia
1373 1034 1739 1122 Glandiaqneindicium

541 1145 675 1208 ferentis
707 1146 855 1228 quaesit
881 1142 978 1220 „fides
1001 1143 1186 1219 historica'’,
1211 1142 1334 1207 dudum
1359 1142 1456 1206 multi
1480 1142 1685 1228 disputarunt
1707 1149 1740 1207 et

543 1250 627 1313 acris
659 1249 721 1313 fuit
751 1249 789 1313 de
820 1249 879 1313 hac
910 1269 943 1313 re
966 1251 1051 1313 inter
1074 1250 1161 1312 viros
1186 1248 1294 1313 doctos
1317 1251 1487 1313 contentio.
1511 1249 1548 1314 ln
1571 1270 1607 1313 eo
1630 1255 1739 1313 autem

543 1361 651 1419 totam
674 1357 845 1419 consistere
869 1374 997 1419 causam
1022 1361 1058 1418 ut
1083 1362 1256 1438 quaeratur
1280 1353 1318 1418 de
1345 1354 1460 1418 Tiberio
1483 1360 1595 1418 utrum
1619 1375 1740 1439 aequus

544 1481 584 1524 an
610 1460 747 1545 cupidus
767 1460 864 1525 iudex
887 1460 986 1524 itrerit
1009 1458 1156 1535 Tacitus,
1181 1479 1307 1545 semper
1330 1480 1441 1523 omnes
1459 1459 1688 1525 intellexerunt
1702 1466 1740 1530 vet

541 1569 729 1650 nuperrime
760 1566 888 1631 disertis
918 1566 1023 1631 verbis
1054 1567 1278 1650 pronuntiavit
1309 1564 1509 1630 Boissierius.
1542 1566 1639 1631 Recte
1661 1587 1739 1652 ergo

541 1673 725 1737 Karstenus
749 1679 890 1749 nostras,
921 1694 995 1737 cum
1020 1674 1054 1735 in
1078 1672 1158 1736 hanc
1181 1691 1250 1734 rem
1274 1673 1468 1755 inquireret,
1492 1692 1529 1736 ea
1551 1675 1738 1757 praesertim

542 1778 679 1864 collegit
702 1798 784 1863 quae
807 1777 844 1843 de
863 1776 990 1843 Tiberio
1011 1798 1029 1841 a
1048 1776 1158 1841 Tacito
1178 1796 1291 1860 parum
1310 1797 1384 1840 vere
1405 1786 1530 1841 narrata
1543 1777 1738 1841 viderentur.

545 1884 651 1952 Cuius
670 1883 799 1949 libellus
819 1883 893 1962 („de
913 1883 973 1948 fide
992 1882 1096 1948 Taciti
1116 1885 1149 1946 in
1170 1903 1224 1946 sex
1238 1882 1400 1966 prioribus
1413 1881 1588 1947 Annalium
1600 1882 1738 1963 libris’'),

540 1993 583 2057 ab
616 1990 814 2056 adolescente
843 1992 1057 2075 conscriptus,
1082 1987 1188 2052 multa
1212 1988 1307 2052 habet
1330 1991 1512 2053 acutissime
1535 1989 1741 2074 prudentissi·

539 2118 659 2181 meque
683 2098 868 2173 observata,
890 2098 1082 2182 paucissima
1102 2115 1196 2170 vero,
1218 2100 1256 2157 ut
1276 2115 1335 2180 ego
1355 2097 1477 2178 opinor,
1499 2116 1636 2180 quorum
1655 2116 1739 2159 nunc

539 2207 668 2279 virum,
688 2205 809 2288 insigni
827 2201 922 2266 laude
942 2203 1166 2287 conspicuum,
1187 2199 1306 2285 pudeat
1324 2203 1537 2285 poeniteatve.
1558 2200 1636 2277 Sed,
1656 2200 1740 2285 quod

539 2308 733 2394 plerumque
764 2310 956 2373 nostratium
979 2307 1256 2371 lucubrationibus
1279 2306 1411 2382 accidit,
1435 2306 1468 2369 id
1491 2306 1643 2371 Karsteni
1665 2327 1740 2391 quo

540 2436 605 2500 que
635 2412 746 2478 libello
777 2415 919 2477 evenisse
951 2411 1095 2477 videtur:
1128 2433 1222 2476 nemo
1252 2414 1317 2475 iam
1347 2411 1443 2475 illum
1473 2414 1611 2496 respicit.
1648 2411 1739 2476 Felix

540 2520 628 2605 quod
658 2540 721 2583 non
745 2556 788 2567 —
812 2539 887 2582 nam
910 2519 943 2582 id
967 2539 1093 2602 quoque
1117 2539 1209 2603 saepe
1233 2517 1301 2580 fieri
1326 2517 1490 2594 videmus,
1515 2539 1589 2582 cum
1613 2525 1738 2583 nostrae

541 2627 653 2711 gentis
686 2623 802 2709 aliquia
832 2645 870 2689 ea
899 2626 933 2687 in
964 2623 1110 2688 medium
1135 2621 1289 2708 protulit,
1316 2643 1396 2707 quae
1421 2643 1523 2707 neque
1547 2625 1579 2686 in
1603 2623 1737 2686 dubium

541 2732 651 2796 vocari
683 2732 806 2815 possint
838 2737 870 2794 et
900 2731 1077 2793 maximam
1108 2728 1246 2792 habeant
1278 2726 1454 2792 utilitatem
1491 2764 1528 2775 —
1561 2734 1633 2813 post
1663 2749 1738 2793 eum

541 2835 661 2921 aliquis
693 2838 834 2918 exstitit,
867 2838 922 2920 qui
954 2834 1047 2919 plane
1070 2834 1157 2899 idem
1181 2834 1306 2898 doceret
1330 2881 1427 2898 .....
1452 2841 1485 2899 et
1508 2835 1639 2919 posthac
1660 2840 1739 2899 tam·

541 2963 641 3029 quam
671 2945 727 3027 qui
752 2942 871 3024 primae
892 2940 974 3006 illud
998 2940 1158 3006 docuisset
1183 2938 1283 3026 vulgo
1307 2960 1326 3004 a
1348 2942 1427 3005 viris
1451 2940 1550 3006 doctis
1575 2944 1737 3007 citaretur.

540 3048 589 3113 De
612 3047 675 3112 fide
699 3068 776 3133 ergo
800 3047 903 3112 Taciti
926 3047 1078 3111 scribitur
1101 3046 1364 3131 disputeturque,
1390 3054 1555 3132 tamquam
1580 3051 1606 3111 si
1629 3047 1739 3112 nullus

540 3174 687 3239 unquam
718 3152 894 3217 Karstenus
925 3155 1069 3217 vixisset.
1102 3152 1189 3233 Quae
1221 3174 1270 3216 res
1302 3174 1376 3217 cum
1407 3154 1489 3217 mihi
1512 3174 1638 3238 semper
1660 3154 1740 3217 indi·

539 3262 702 3347 gnissima
733 3262 801 3324 visa
831 3262 890 3336 sit,
914 3259 954 3323 ad
977 3257 1064 3323 idem
1088 3257 1238 3344 delapsus
1263 3267 1492 3344 argumentum
1515 3258 1738 3324 lubentissime

540 3367 600 3430 hac
634 3371 708 3429 utor
739 3367 899 3429 occasione
931 3367 999 3428 eius
1029 3364 1181 3429 laudandi
1206 3367 1287 3439 viri,
1319 3367 1374 3448 qui
1398 3373 1471 3429 ante
1495 3364 1617 3429 multos
1641 3386 1738 3429 annos

540 3471 793 3557 diligentissime
817 3471 1063 3555 doctissimeque
1086 3468 1170 3533 illud
1194 3472 1355 3533 tractarit.

586 3578 742 3643 Dicebam
766 3585 873 3642 autem
899 3598 973 3641 cum
997 3576 1069 3640 aliis
1092 3577 1188 3640 rebus
1212 3575 1271 3640 hoc
1292 3596 1418 3660 quoque
1438 3582 1483 3650 (et
1503 3577 1635 3641 fortasse
1657 3578 1738 3654 „hoc

537 3683 753 3772 praesertim’'
778 3682 948 3747 dicendum
972 3688 1051 3762 erat)
1076 3681 1239 3745 obstitisse
1263 3683 1435 3765 quominus
1459 3702 1579 3766 aequus
1598 3690 1680 3746 esset
1700 3681 1737 3747 de

537 3790 669 3855 Tiberio
699 3789 795 3853 iudex
827 3787 973 3865 Tacitus,
1006 3787 1091 3873 quod
1123 3786 1161 3851 de
1192 3786 1318 3851 Tiberio
1351 3787 1491 3852 scribens
1515 3787 1737 3852 Domitianum

535 3903 614 3962 ante
645 3893 754 3960 oculos
785 3895 932 3971 haberet,
966 3900 998 3958 et
1030 3895 1090 3958 sibi
1119 3895 1185 3957 iam
1210 3893 1248 3956 ab
1273 3894 1365 3956 initio
1391 3896 1598 3977 persuasisset
1622 3915 1736 3979 parum

534 4006 693 4067 interesse
728 4007 840 4065 utrum
875 3998 991 4084 aliquis
1027 3997 1064 4063 de
1100 3997 1220 4062 Tiberii
1252 4018 1292 4061 an
1324 3997 1362 4062 de
1393 3996 1571 4063 Domitiani
1600 4002 1736 4084 imperio

532 4109 739 4174 edoceretur:
760 4108 928 4189 utriusque
948 4107 1033 4169 enim
1049 4106 1254 4188 imperatoris
1275 4103 1408 4167 eandem
1421 4103 1518 4168 fuisse
1532 4107 1735 4187 pravitatem.

533 4214 633 4279 Nunc
664 4209 809 4296 singulos
840 4210 993 4295 quosdam
1023 4208 1259 4274 consideremus
1296 4208 1400 4284 locos,
1437 4211 1553 4294 quibus
1587 4213 1736 4294 iniquum

534 4317 671 4403 aliquod
703 4317 741 4383 da
772 4315 900 4381 Tiberio
924 4318 1125 4380 contineatur
1149 4314 1317 4378 iudicium.
1344 4315 1467 4391 Pauca,
1489 4322 1538 4379 sat
1562 4317 1644 4391 scic,
1669 4337 1736 4401 pro

533 4427 658 4499 seram,
683 4444 765 4506 quae
788 4444 850 4487 non
873 4443 892 4486 a
914 4421 1071 4486 Karsteno
1096 4420 1182 4484 dicta
1206 4427 1299 4495 aunt,
1329 4420 1383 4483 sed
1404 4421 1537 4485 fortasse
1561 4421 1734 4506 quaedam,

529 4531 573 4596 ad
598 4531 680 4593 hanc
704 4534 846 4614 spectata
868 4526 992 4600 lucem,
1017 4526 1136 4591 melius
1161 4526 1370 4610 apparebunt.

580 4638 620 4699 A.
644 4633 670 4711 I,
696 4633 748 4698 73.
779 4633 826 4698 De
850 4654 933 4697 novo
957 4635 1130 4696 criminum
1156 4652 1289 4718 genere,
1316 4631 1400 4716 quod
1425 4637 1496 4695 tum
1519 4634 1660 4716 primum
1684 4653 1735 4696 ex·

530 4744 675 4817 stiterit,
702 4741 777 4805 haec
802 4746 985 4804 narrantur:
