4525 5950
659 692 724 758 320
1026 698 1029 703 '
1177 710 1316 758 neurus.

653 881 685 940 et
708 896 801 940 sensu
825 875 1042 960 permodesto:
1069 875 1107 940 de
1130 876 1301 940 honoribus
1322 878 1461 960 parentis
1480 874 1726 952 consulturum,
1747 896 1840 959 neque

655 981 820 1046 abscedere
840 1002 858 1045 a
877 1002 1019 1065 corpore,
1033 981 1128 1065 idque
1142 1003 1242 1045 unum
1256 1003 1295 1046 ex
1307 981 1443 1066 publicis
1456 982 1646 1046 muneribus
1658 979 1839 1066 usurpare.”

700 1085 800 1151 Istam
820 1086 939 1151 Tiberii
960 1086 1291 1163 „dissimulationem”
1313 1088 1370 1151 hac
1390 1089 1476 1151 rein
1495 1087 1642 1151 medium
1662 1085 1841 1170 proferenda

655 1192 845 1278 redarguere
867 1191 995 1256 Tacitus
1019 1194 1150 1255 nititur:

701 1297 783 1374 „Sed
816 1297 963 1362 defuncto
995 1302 1144 1382 Augusto
1175 1300 1306 1383 signum
1330 1299 1498 1382 praetoriis
1520 1297 1708 1361 cohortibus
1733 1304 1771 1360 ut
1789 1299 1842 1361 im·

655 1410 780 1487 perator
803 1402 964 1467 dederat.'’

700 1512 744 1574 At
775 1516 897 1585 cuncta,
930 1529 1010 1593 quae
1041 1509 1093 1573 hic
1123 1516 1319 1587 narrantur,¹
1335 1510 1418 1574 facta
1440 1516 1515 1574 sunt
1537 1511 1604 1574 iam
1627 1515 1761 1574 mortuo
1783 1509 1841 1571 Au·

656 1620 771 1699 gusto,
803 1621 859 1678 aut
890 1621 976 1678 certe
1007 1636 1082 1679 oum
1112 1618 1147 1678 in
1170 1614 1306 1679 articulo
1330 1617 1443 1679 mortis
1465 1613 1521 1679 ille
1544 1620 1639 1678 esset.
1666 1613 1841 1679 Videndum

654 1741 731 1805 ergo
755 1740 859 1784 annon
885 1726 955 1804 post
978 1722 1031 1783 aed
1052 1720 1256 1785 inserendum
1281 1723 1340 1784 sit:
1366 1721 1416 1783 uic
1439 1718 1491 1784 vel
1514 1720 1646 1783 medum.

699 1824 724 1903 1,
750 1825 802 1889 22.
837 1825 907 1890 Hoc
939 1847 1065 1910 quoque
1096 1826 1165 1891 loco
1200 1825 1392 1891 vocabulum
1424 1825 1583 1911 quoddam
1607 1825 1765 1890 excidisse
1787 1845 1842 1910 ego

655 1933 807 2018 suspicor.
833 1931 894 1994 Per
918 1933 986 1994 vim
1011 1932 1170 1996 discordes
1192 1931 1447 1996 Pannonicorum
1466 1930 1633 2016 legionum
1653 1929 1779 1994 milites
1796 1950 1843 1994 eos

657 2057 695 2100 ex
726 2055 784 2100 suo
815 2057 966 2112 numero,
999 2058 1094 2121 quos,
1126 2043 1291 2122 tamquam
1322 2037 1486 2102 seditionis
1517 2043 1679 2114 auctores,
1716 2035 1843 2101 Blaesus

658 2140 723 2204 dux
754 2161 876 2205 carcere
908 2140 1013 2205 claudi
1040 2145 1193 2220 iusserat,
1219 2142 1365 2206 liberant.
1397 2141 1473 2206 Inde
1495 2161 1653 2206 novarum
1679 2142 1844 2207 turbarum
1885 2216 1886 2223 ἵ

656 2248 829 2330 instigator
859 2244 1054 2323 Vibulenus,
1086 2249 1255 2333 gregarius
1286 2245 1397 2323 miles,
1428 2247 1510 2311 hanc
1540 2246 1579 2310 ad
1610 2245 1845 2311 commilitones
1885 2230 1886 2267 ³

658 2350 782 2415 orditur
804 2354 979 2415 orationem
1003 2358 1076 2416 ente
1099 2355 1207 2436 ipsum
1232 2351 1337 2417 Blaesi
1361 2351 1517 2415 tribunal:
1885 2422 1886 2433 χ

704 2454 787 2533 „Vos
816 2456 947 2540 quidem
977 2457 1027 2521 his
1056 2459 1277 2522 innocentibus
1301 2465 1334 2523 et
1357 2460 1548 2522 miserrimis
1570 2456 1678 2521 lucem
1702 2463 1737 2522 et
1761 2459 1847 2542 spiri·
1885 2508 1886 2527 t

658 2566 728 2625 tum
758 2561 957 2638 reddidistis;
986 2562 1041 2627 sed
1064 2566 1136 2647 quis
1160 2564 1250 2627 fratri
1274 2585 1345 2628 meo
1370 2567 1490 2640 vitam,
1516 2565 1588 2647 quis
1611 2563 1748 2627 fratrem
1770 2562 1846 2627 mihi

657 2663 782 2730 reddit?
806 2688 901 2751 quem
925 2670 1062 2732 missum
1087 2668 1126 2733 ad
1151 2690 1207 2734 vos
1229 2690 1247 2733 a
1272 2668 1460 2733 Germanico
1484 2670 1625 2732 exercitu
1648 2666 1687 2732 de
1707 2688 1847 2732 commu-

657 2772 751 2835 nibus
775 2772 970 2850 eommodis,
995 2782 1087 2839 nocte
1110 2777 1257 2859 proxima
1279 2774 1447 2860 iugulavit
1469 2795 1525 2858 per
1542 2772 1742 2859 gladiatores
1761 2794 1846 2848 snos,

657 2897 736 2961 quos
758 2880 792 2941 in
816 2880 955 2942 exitium
979 2879 1122 2944 militurn
1146 2880 1240 2945 habet
1265 2886 1361 2965 atque
1381 2885 1495 2945 armat.
1514 2878 1698 2963 Responde,
1720 2877 1845 2955 Blaeso,

657 2985 713 3047 ubi
736 2984 870 3049 cadaver
892 2987 1042 3050 obieceris
1066 3007 1092 3051 e.
1107 3007 1137 3070 q.
1151 2987 1198 3050 s.''

702 3089 797 3154 Verbi
830 3091 978 3171 tuqrdcoit
1009 3093 1189 3157 subiectum
1222 3093 1328 3157 deesse
1356 3094 1484 3175 nequit,
1508 3092 1586 3176 quin
1609 3090 1784 3155 obscurum
1808 3092 1847 3153 sit

656 3195 860 3260 audientibus
891 3197 929 3260 de
952 3217 1015 3280 quo
1038 3198 1090 3262 hic
1114 3205 1239 3283 agatur.
1265 3198 1376 3284 Digito
1401 3205 1526 3274 antem,
1552 3204 1589 3260 nt
1612 3198 1738 3282 opinor,
1764 3195 1847 3259 Blae·

656 3323 729 3365 sum
760 3307 865 3365 orator
896 3309 1003 3366 noster
1033 3303 1167 3379 indicat,
1199 3324 1275 3389 ergo
1302 3303 1505 3369 inserendum
1530 3323 1640 3367 censeo
1665 3302 1742 3378 iate,
1767 3300 1846 3386 qnod

658 3414 730 3490 post
753 3407 903 3487 iuqrclaoit
926 3407 1019 3472 facile
1044 3408 1188 3472 excidere
1211 3411 1327 3493 potuit.

702 3510 727 3587 I,
753 3511 806 3574 32.
839 3510 885 3575 De
917 3510 1182 3578 Germanicarum
1207 3513 1373 3599 legionum
1398 3513 1553 3578 seditione
1576 3516 1609 3576 et
1632 3510 1695 3575 alia
1720 3511 1848 3575 ethaeo

658 3626 843 3680 narrantur:

706 3721 868 3806 „Repente
881 3723 1044 3809 lymphati
1056 3724 1215 3788 destrictis
1226 3724 1343 3810 gladiis
1355 3727 1387 3787 in
1401 3726 1600 3788 centuriones
1612 3722 1774 3787 invadunt
1776 3769 1847 3786 .....

658 3828 838 3893 Prostratos
862 3831 1046 3894 verberibus
1069 3830 1228 3906 mulcant,
1252 3833 1404 3915 sexageni
1428 3828 1590 3915 singulos,
1614 3834 1652 3893 ut
1675 3848 1847 3893 numerum

660 3936 884 3998 centurionum
914 3935 1125 4019 adaequarent
1131 3957 1140 4014 ;
1165 3944 1235 4000 turn
1258 3935 1428 4000 convulsos
1449 3934 1648 4020 laniatosque
1672 3942 1705 3998 et
1731 3936 1847 4019 partim

660 4044 825 4105 exanimos
848 4047 920 4104 ante
944 4040 1070 4104 vellum
1094 4044 1203 4105 autin
1229 4062 1356 4106 amnem
1380 4041 1529 4105 Rhenum
1552 4040 1749 4125 proiciunt.”

707 4147 756 4211 Ad
779 4148 918 4228 aecuqcnc'
940 4147 1073 4226 singulos
1097 4148 1174 4210 haec
1197 4153 1326 4211 annotat
1349 4146 1579 4231 Nipperdeius:

708 4252 788 4327 „Die
817 4251 968 4317 Soldateu
998 4253 1199 4329 betraohten,
1229 4273 1292 4316 was
1323 4253 1383 4316 den
1407 4252 1566 4317 einzelnen
1590 4273 1652 4317 von
1677 4252 1777 4317 ihnen
1800 4273 1851 4337 ge

660 4360 775 4435 schah,
797 4361 856 4422 wie
880 4358 951 4422 dem
975 4358 1099 4442 Korper
1122 4379 1162 4422 an
1185 4361 1289 4422 eiuem
1314 4357 1418 4433 Teile,
1442 4380 1475 4423 so
1499 4357 1545 4422 als
1569 4357 1651 4422 allen
1671 4360 1851 4443 insgesamt

660 4466 789 4550 gethan.
816 4466 885 4529 Wie
910 4464 976 4528 also
1001 4463 1043 4527 60
1067 4467 1273 4528 centurionen
1299 4464 1350 4527 die
1372 4464 1495 4549 Legion
1520 4461 1691 4549 schlugen,
1717 4486 1754 4528 so
1774 4462 1851 4527 wird

657 4573 737 4656 jetzt
767 4570 856 4655 jeder
891 4569 1044 4635 Centurio
1077 4591 1139 4634 von
1172 4569 1215 4633 60
1246 4568 1395 4634 Soldaten
1428 4568 1638 4655 geschlagen‚
1672 4590 1730 4632 um
1759 4570 1851 4655 jeden

664 4674 805 4739 desselbe
828 4674 939 4738 fiihlen
963 4695 1001 4738 zu
1025 4674 1145 4752 lassen,
1170 4696 1234 4739 was
1258 4676 1365 4739 bieher
1387 4674 1438 4738 die
1462 4674 1584 4759 Legion
1608 4673 1740 4759 gefiiblt
1765 4674 1852 4739 hat.’'

707 4780 749 4843 Et
779 4781 893 4865 probat
924 4783 985 4844 ista
1015 4780 1193 4846 Furneaux.
1219 4782 1262 4844 At
1285 4801 1345 4865 ego
1367 4782 1423 4843 vix
1447 4779 1538 4844 credo
1562 4785 1686 4844 tantam
1709 4783 1746 4843 in
1770 4779 1853 4845 mili·
