4525 5950
549 707 570 772 2
1019 724 1259 773 DRMOS'I‘HRNBS·
1300 764 1306 777 .

546 887 633 953 solos
664 888 778 953 habeat
808 885 966 950 διακόσιοι·
998 891 1129 953 accessit
1159 893 1268 952 autem
1298 886 1439 967 ἐλεύθεραι
1473 889 1729 955 6166616616-

545 999 683 1080 gustano
702 999 735 1059 et
752 992 834 1058 libro
855 992 954 1058 Paris.
976 992 1075 1058 2936.
1097 993 1340 1059 HicReislsiom
1353 995 1537 1059 audiamus:
1559 995 1729 1074 ,Α66161”,

542 1103 665 1186 inquit,
698 1099 871 1177 ,ἐλεύθεροο
907 1099 996 1180 Quod
1027 1103 1055 1165 si
1085 1102 1247 1185 probatur,
1280 1101 1437 1167 referetur
1466 1109 1524 1166 τῶν
1556 1100 1664 1166 ἄλλων
1694 1103 1730 1167 ad

544 1208 694 1283 σωμάτων
719 1209 814 1272 tacite
837 1206 1112 1272 subaudiendum:
1138 1210 1187 1272 sin
1211 1211 1335 1285 minus,
1360 1230 1485 1274 necesse
1510 1212 1572 1273 erit
1596 1231 1661 1275 non
1684 1233 1734 1273 οον

544 1315 662 1391 μάτων,
694 1314 748 1380 666
779 1316 908 1393 φορτίων
939 1314 1115 1380 subaudiri.
1141 1315 1251 1380 Etiam
1273 1318 1306 1379 in
1331 1337 1465 1380 numero
1488 1338 1662 1401 corporum
1685 1337 1734 1380 va·

543 1424 654 1486 riatur.
690 1420 758 1485 Alii
793 1420 931 1484 διακόσια
964 1421 1057 1498 dant,
1089 1420 1145 1486 alii
1176 1421 1356 1499 τριάκοντα,
1387 1443 1462 1486 cum
1492 1423 1613 1508 quibus
1645 1422 1734 1488 facio.

543 1526 627 1592 Nam
656 1525 840 1592 incredibile
868 1535 916 1592 est
938 1534 1093 1592 tercentos
1116 1527 1168 1594 vel
1192 1534 1224 1592 et
1247 1527 1398 1594 ducentos
1421 1528 1515 1593 modo
1537 1528 1661 1595 liberos
1684 1529 1736 1594 ho·

543 1637 645 1699 mines
667 1637 700 1698 in
723 1655 788 1699 una
806 1654 886 1699 nave
909 1636 1096 1699 mercatoria
1118 1633 1282 1700 conclusos
1307 1636 1414 1699 fuisse.
1438 1633 1500 1714 Qui
1518 1638 1546 1699 si
1564 1641 1616 1700 tot
1635 1636 1735 1712 suero,

543 1748 789 1807 consentaneum
819 1739 917 1826 duplo
948 1747 1004 1805 aut
1035 1740 1131 1825 triplo
1164 1739 1255 1826 plura
1287 1740 1384 1805 fuisse
1409 1742 1580 1826 mancipia.
1606 1740 1734 1829 quuae

542 1855 651 1912 autem
686 1849 777 1912 navis
810 1850 999 1912 mercatoria
1033 1851 1081 1912 tot
1116 1847 1263 1912 homines
1298 1849 1419 1931 capiat,
1461 1867 1535 1912 cum
1572 1851 1735 1913 maximae

542 1974 685 2040 quaeque
707 1975 803 2018 naves
826 1952 957 2018 bellicae
981 1975 1043 2018 non
1066 1952 1217 2039 legantur
1235 1953 1321 2019 ultra
1340 1960 1468 2018 centnm
1488 1955 1613 2039 viginti
1633 1955 1735 2019 homi·

540 2081 596 2124 nes
618 2062 737 2144 cepisse
745 2056 779 2123 1”
808 2057 1009 2124 Festinanter
1031 2061 1106 2124 haec
1129 2061 1257 2143 scripsit
1280 2059 1446 2136 Reiskios3
1471 2061 1594 2124 etenim
1618 2059 1733 2148 longae

540 2184 636 2229 naves
660 2164 767 2249 plnres
790 2163 942 2230 mortales
965 2166 1129 2249 capiebant
1153 2185 1249 2249 quam
1273 2169 1401 2229 centum
1426 2167 1543 2251 viginti
1568 2173 1621 2243 et,
1651 2165 1734 2251 quod

540 2269 579 2335 ad
598 2274 756 2336 onerarias
775 2291 872 2336 naves
891 2273 1015 2349 attinet,
1035 2274 1127 2336 navis
1147 2292 1209 2356 qua
1227 2270 1401 2336 vehebatur
1412 2270 1533 2336 Paulus
1544 2271 1732 2356 Apostolus,

540 2377 610 2441 Act.
635 2379 745 2462 Apost.
770 2377 895 2442 XXVII
915 2375 968 2454 37,
993 2378 1129 2442 vehebat
1148 2378 1294 2442 homines
1313 2375 1389 2455 276,
1408 2399 1465 2443 nec
1485 2378 1669 2464 quidquam
1688 2388 1733 2444 est

539 2505 596 2549 our
631 2490 818 2568 corruptum
853 2505 1025 2548 numerum
1061 2505 1127 2549 esse
1159 2491 1327 2568 potemus,
1360 2486 1486 2549 etiamsi
1517 2482 1576 2547 alii
1609 2485 1732 2550 codices

539 2593 643 2676 capita
663 2598 789 2656 tantum
811 2590 853 2657 76
876 2597 1127 2676 repraesentent,
1147 2611 1222 2656 nam
1241 2593 1332 2656 navis
1352 2612 1414 2676 qua
1429 2589 1562 2655 Flavius
1575 2590 1731 2678 Iosephus

537 2699 570 2760 in
603 2696 730 2763 ltaliam
760 2696 921 2781 profectus
944 2702 1007 2773 est,
1033 2695 1097 2760 Vit.
1121 2695 1204 2780 615,
1229 2697 1411 2762 continebat
1433 2697 1582 2761 homines
1606 2700 1731 2763 circiter

538 2810 710 2868 sexcentos.
742 2801 803 2868 Sed
835 2805 942 2889 pergit
973 2802 1123 2868 Reiskius
1153 2824 1211 2868 sua
1233 2804 1295 2868 sibi
1320 2805 1428 2867 vineta
1451 2801 1582 2868 caedere
1606 2804 1729 2888 sibique

538 2909 771 2996 quodammodo
806 2908 1008 2995 obloquitur:
1046 2907 1230 2996 „Mancipia
1261 2930 1278 2974 6
1308 2909 1411 2975 Ponto
1439 2929 1560 2996 magno
1594 2930 1726 2976 numero

537 3019 705 3103 quotannis
739 3022 903 3101 exportata
936 3020 969 3081 et
1005 3037 1263 3101 quaquaversum
1299 3014 1462 3081 divendita
1495 3015 1577 3080 olim
1613 3016 1726 3089 fuisso,

536 3123 621 3209 quod
652 3123 737 3187 idern
768 3122 861 3187 hodie
885 3143 1010 3207 quoque
1035 3122 1087 3199 fit,
1111 3127 1225 3187 notum
1250 3128 1283 3186 et
1306 3122 1537 3208 pervulgatum
1558 3123 1644 3186 est.’'
1669 3120 1725 3187 Sed

536 3235 692 3315 quantum
715 3228 824 3306 video,
846 3228 994 3293 Reislrios
1014 3235 1087 3293 ante
1106 3227 1266 3293 Blossium
1285 3232 1407 3293 nemini
1425 3231 1586 3313 persuasit
1605 3235 1640 3293 et
1660 3235 1725 3292 turn

536 3334 711 3411 Bekkerus,
735 3342 804 3400 tum
826 3332 866 3400 G.
887 3334 929 3398 H.
951 3333 1119 3400 Sebiferus
1140 3334 1333 3400 vocabulum
1353 3335 1468 3400 dubiae
1487 3334 1563 3399 fidei
1585 3335 1724 3413 ἐλεύθερο

535 3465 574 3508 ex
605 3449 695 3507 texto
727 3440 930 3526 expulerunt.
962 3440 1075 3518 Recte,
1100 3441 1202 3506 credo.
1233 3441 1316 3521 Quid
1339 3438 1447 3507 enim?
1470 3440 1548 3506 Erat
1573 3442 1723 3516 Λάμπος,

534 3551 552 3633 §
573 3548 592 3613 5
616 3570 647 3633 p.
668 3547 754 3614 908:
781 3550 893 3620 Δίωνος
917 3548 1092 3621 οἰκέτης·
1117 3550 1183 3613 iam
1205 3547 1348 3634 legimns
1371 3548 1409 3613 de
1432 3548 1490 3613 boe
1513 3548 1649 3614 homine
1672 3549 1723 3633 qui

532 3676 572 3719 ne
605 3656 765 3740 ingenuus
801 3653 931 3739 quidem
966 3658 1034 3718 erat
1065 3675 1101 3718 ac
1131 3654 1264 3719 fortasse
1294 3653 1481 3718 libertinus:
1516 3655 1665 3719 οξπώλεοε
1695 3655 1723 3717 ll

533 3762 626 3825 πλέον
657 3764 672 3834 ἢ
705 3761 868 3837 τροοὶωονποο
900 3759 1044 3835 σώματα.
1077 3758 1197 3825 Verum
1228 3760 1266 3825 66
1297 3759 1406 3824 liberis
1436 3760 1627 3826 hominibus
1663 3782 1722 3827 non

532 3870 753 3953 usurpavisset
782 3874 887 3932 orator
917 3869 1056 3932 activam
1079 3867 1227 3944 formam,
1253 3866 1307 3931 sed
1332 3872 1497 3931 neutram:
1523 3871 1672 3932 ἀπώλετο
1693 3868 1721 3931 ii

533 3974 625 4037 πλέον
657 3975 674 4047 ἢ
705 3974 870 4050 τροοὶκοντοο
902 3977 1045 4049 οώμωποο.
1075 3973 1146 4058 1666
1170 3973 1301 4058 Lampia
1324 3974 1464 4047 οὶπεοῶδνρ
1491 3973 1520 4036 ἓν
1545 3977 1589 4053 τῷ
1614 3974 1720 4051 λέμβῳ

533 4083 617 4155 μετὰ
641 4086 698 4143 τῶν
723 4078 826 4143 ἄλλων
852 4079 968 4143 παίδων
989 4086 1040 4143 ποῦ
1062 4081 1191 4150 Aloros·
1213 4078 1329 4164 reliqui
1348 4100 1473 4155 omnes,
1495 4083 1592 4164 pauci
1614 4080 1720 4156 oredo,

530 4190 664 4274 ingenui
694 4209 768 4252 cnm
800 4189 965 4272 mancipiis
996 4206 1076 4270 quae
1106 4185 1237 4269 Lampis
1266 4187 1300 4249 in
1332 4183 1499 4251 Graeciam
1526 4186 1720 4261 adducebat,

533 4315 595 4358 una
614 4296 744 4377 periere.
769 4293 816 4358 De
834 4296 904 4378 ipso
923 4314 1056 4357 numero
1075 4292 1120 4356 nil
1141 4292 1269 4358 definire
1289 4294 1404 4368 ausim,
1425 4291 1480 4357 sed
1503 4290 1612 4376 placet
1630 4294 1721 4357 maior

531 4420 683 4464 numerus
703 4399 872 4463 hominum
891 4398 1064 4463 ducentum
1082 4398 1136 4464 vel
1157 4404 1344 4475 tercentum,
1367 4420 1467 4484 quum
1483 4420 1561 4463 mox
1572 4398 1718 4487 legamus

532 4507 635 4573 πένθος
672 4506 701 4567 έν
737 4508 778 4583 τῷ
814 4504 951 4582 Βοσπόρῳ
983 4505 1099 4582 fuisso,
1132 4506 1170 4574 ὥς
1203 4506 1345 4569 ἐπύθοντο
1378 4508 1432 4579 τὴν
1463 4506 1635 4585 διαφθορὰν
1667 4514 1718 4580 τοῖς

531 4612 609 4683 νεώς.
631 4649 673 4659 -
694 4611 807 4678 Restat
828 4610 909 4676 11166
929 4613 1023 4691 χωρὶς
1043 4618 1101 4674 τῶν
1120 4609 1235 4689 ἄλλων,
1256 4610 1340 4696 6666
1359 4610 1496 4676 libenter
1515 4612 1717 4680 refinxerirn:

530 4719 623 4799 χωρὶς
647 4725 704 4783 τῶν
727 4717 950 4795 ἀγομένων·
969 4725 1093 4800 praeter
1115 4718 1318 4783 mercimonio.
