<?xml version="1.0" encoding="UTF-8"?>
<!DOCTYPE html PUBLIC "-//W3C//DTD XHTML 1.0 Transitional//EN"
    "http://www.w3.org/TR/xhtml1/DTD/xhtml1-transitional.dtd">
<html xmlns="http://www.w3.org/1999/xhtml" xml:lang="en" lang="en">
 <head>
  <title>
</title>
<meta http-equiv="Content-Type" content="text/html;charset=utf-8" />
  <meta name='ocr-system' content='tesseract 3.04.00' />
  <meta name='ocr-capabilities' content='ocr_page ocr_carea ocr_par ocr_line ocrx_word'/>
</head>
<body>
  <div class='ocr_page' id='page_1' title='image "./mnemosyne07verdgoog_0498.png"; bbox 0 0 4525 5950; ppageno 0'>
   <div class='ocr_carea' id='block_1_1' title="bbox 530 721 1243 789">
    <p class='ocr_par' dir='ltr' id='par_1_1' title="bbox 530 721 1243 789">
     <span class='ocr_line' id='line_1_1' title="bbox 530 721 1243 789; baseline 0.003 -4"><span class='ocrx_word' id='word_1_1' title='bbox 530 721 574 785; x_wconf 89' lang='grc'><strong><em>22</em></strong></span> <span class='ocrx_word' id='word_1_2' title='bbox 1001 740 1243 789; x_wconf 78' lang='lat' dir='ltr'><strong>onuosrnsnes.</strong></span> 
     </span>
    </p>
   </div>
   <div class='ocr_carea' id='block_1_2' title="bbox 530 903 1722 1185">
    <p class='ocr_par' dir='ltr' id='par_1_2' title="bbox 530 903 1722 1185">
     <span class='ocr_line' id='line_1_2' title="bbox 574 903 1721 992; baseline 0.004 -26"><span class='ocrx_word' id='word_1_3' title='bbox 574 906 592 989; x_wconf 79' lang='lat'>§</span> <span class='ocrx_word' id='word_1_4' title='bbox 614 903 633 966; x_wconf 82' lang='lat'><strong>3</strong></span> <span class='ocrx_word' id='word_1_5' title='bbox 657 929 688 992; x_wconf 89' lang='lat' dir='ltr'><strong><em>p.</em></strong></span> <span class='ocrx_word' id='word_1_6' title='bbox 714 904 811 971; x_wconf 87' lang='grc'><strong>1185.</strong></span> <span class='ocrx_word' id='word_1_7' title='bbox 834 904 950 972; x_wconf 84' lang='lat' dir='ltr'><strong>Pcsiou</strong></span> <span class='ocrx_word' id='word_1_8' title='bbox 973 904 1046 985; x_wconf 79' lang='grc' dir='ltr'><strong><em>ᾤετο</em></strong></span> <span class='ocrx_word' id='word_1_9' title='bbox 1070 908 1102 971; x_wconf 80' lang='grc' dir='ltr'><strong><em>οὗ</em></strong></span> <span class='ocrx_word' id='word_1_10' title='bbox 1127 907 1216 983; x_wconf 85' lang='grc' dir='ltr'><strong><em>μθνον</em></strong></span> <span class='ocrx_word' id='word_1_11' title='bbox 1238 906 1280 971; x_wconf 70' lang='lat' dir='ltr'><strong><em>roi</em></strong></span> <span class='ocrx_word' id='word_1_12' title='bbox 1302 906 1412 972; x_wconf 71' lang='grc' dir='ltr'><strong><em>ἑαυτοῦ</em></strong></span> <span class='ocrx_word' id='word_1_13' title='bbox 1435 910 1608 984; x_wconf 73' lang='grc' dir='ltr'><strong><em>κομιεῖσθαι</em></strong></span> <span class='ocrx_word' id='word_1_14' title='bbox 1629 907 1721 972; x_wconf 69' lang='grc' dir='ltr'><strong><em>ἄλλα</em></strong></span> 
     </span>
     <span class='ocr_line' id='line_1_3' title="bbox 531 1011 1722 1094; baseline 0.003 -18"><span class='ocrx_word' id='word_1_15' title='bbox 531 1013 582 1076; x_wconf 77' lang='grc' dir='ltr'><strong><em>καὶ</em></strong></span> <span class='ocrx_word' id='word_1_16' title='bbox 613 1011 712 1077; x_wconf 82' lang='grc' dir='ltr'><strong><em>οῖλλον</em></strong></span> <span class='ocrx_word' id='word_1_17' title='bbox 743 1012 780 1077; x_wconf 89' lang='grc' dir='ltr'><strong><em>εῖ</em></strong></span> <span class='ocrx_word' id='word_1_18' title='bbox 809 1017 861 1078; x_wconf 84' lang='grc' dir='ltr'><strong><em>τοῦ</em></strong></span> <span class='ocrx_word' id='word_1_19' title='bbox 893 1012 985 1077; x_wconf 76' lang='grc' dir='ltr'><strong><em>δέοιτο</em></strong></span> <span class='ocrx_word' id='word_1_20' title='bbox 1017 1015 1089 1093; x_wconf 80' lang='grc' dir='ltr'><strong><em>πρὸς</em></strong></span> <span class='ocrx_word' id='word_1_21' title='bbox 1120 1013 1267 1090; x_wconf 77' lang='grc' dir='ltr'><strong><em>Τιμόθεον</em></strong></span> <span class='ocrx_word' id='word_1_22' title='bbox 1298 1012 1413 1092; x_wconf 75' lang='grc' dir='ltr'><strong><em>πρᾶξαι</em></strong></span> <span class='ocrx_word' id='word_1_23' title='bbox 1446 1011 1594 1094; x_wconf 72' lang='grc' dir='ltr'><strong><em>ὑπθρξειν</em></strong></span> <span class='ocrx_word' id='word_1_24' title='bbox 1623 1014 1722 1094; x_wconf 73' lang='grc' dir='ltr'><strong><em>αὐτῷ.</em></strong></span> 
     </span>
     <span class='ocr_line' id='line_1_4' title="bbox 530 1116 1004 1185; baseline -0.002 0"><span class='ocrx_word' id='word_1_25' title='bbox 530 1118 637 1185; x_wconf 83' lang='lat' dir='ltr'><strong>Melo:</strong></span> <span class='ocrx_word' id='word_1_26' title='bbox 661 1117 761 1184; x_wconf 78' lang='grc' dir='ltr'><strong><em>ἄλλον</em></strong></span> <span class='ocrx_word' id='word_1_27' title='bbox 785 1116 877 1184; x_wconf 84' lang='grc' dir='ltr'><strong><em>θτον</em></strong></span> <span class='ocrx_word' id='word_1_28' title='bbox 900 1119 1004 1184; x_wconf 73' lang='grc' dir='ltr'><strong><em>δέοιτο.</em></strong></span> 
     </span>
    </p>
   </div>
   <div class='ocr_carea' id='block_1_3' title="bbox 532 1338 1726 1532">
    <p class='ocr_par' dir='ltr' id='par_1_3' title="bbox 532 1338 1726 1532">
     <span class='ocr_line' id='line_1_5' title="bbox 577 1338 1726 1424; baseline 0.004 -22"><span class='ocrx_word' id='word_1_29' title='bbox 577 1338 658 1424; x_wconf 75' lang='lat'><strong><em>§13</em></strong></span> <span class='ocrx_word' id='word_1_30' title='bbox 681 1361 713 1424; x_wconf 90' lang='lat' dir='ltr'><strong><em>p.</em></strong></span> <span class='ocrx_word' id='word_1_31' title='bbox 739 1338 843 1405; x_wconf 82' lang='lat'>1188:</span> <span class='ocrx_word' id='word_1_32' title='bbox 876 1340 909 1403; x_wconf 83' lang='grc' dir='ltr'><strong><em>οὐ</em></strong></span> <span class='ocrx_word' id='word_1_33' title='bbox 940 1340 1001 1419; x_wconf 75' lang='grc' dir='ltr'><strong><em>γὰρ</em></strong></span> <span class='ocrx_word' id='word_1_34' title='bbox 1026 1339 1168 1416; x_wconf 68' lang='grc' dir='ltr'><strong><em>ἀγνοεῖτε</em></strong></span> <span class='ocrx_word' id='word_1_35' title='bbox 1192 1339 1233 1402; x_wconf 82' lang='grc' dir='ltr'><strong><em>τοὶ</em></strong></span> <span class='ocrx_word' id='word_1_36' title='bbox 1259 1338 1479 1416; x_wconf 77' lang='grc' dir='ltr'><strong><em>λεγόμενα.</em></strong></span> <span class='ocrx_word' id='word_1_37' title='bbox 1514 1340 1656 1406; x_wconf 75' lang='lat' dir='ltr'>Prorsus</span> <span class='ocrx_word' id='word_1_38' title='bbox 1680 1363 1726 1408; x_wconf 88' lang='lat' dir='ltr'><strong>re·</strong></span> 
     </span>
     <span class='ocr_line' id='line_1_6' title="bbox 532 1445 977 1532; baseline -0.002 -21"><span class='ocrx_word' id='word_1_39' title='bbox 532 1448 673 1532; x_wconf 84' lang='lat' dir='ltr'><strong>quiritur</strong></span> <span class='ocrx_word' id='word_1_40' title='bbox 696 1446 738 1509; x_wconf 74' lang='grc' dir='ltr'><strong><em>τὰ</em></strong></span> <span class='ocrx_word' id='word_1_41' title='bbox 763 1445 977 1524; x_wconf 78' lang='grc' dir='ltr'><strong><em>γενόμενα.</em></strong></span> 
     </span>
    </p>
   </div>
   <div class='ocr_carea' id='block_1_4' title="bbox 533 1664 1730 2390">
    <p class='ocr_par' dir='ltr' id='par_1_4' title="bbox 533 1664 1730 2390">
     <span class='ocr_line' id='line_1_7' title="bbox 578 1664 1723 1751; baseline 0.001 -22"><span class='ocrx_word' id='word_1_42' title='bbox 578 1664 668 1750; x_wconf 59' lang='lat' dir='ltr'><strong>tls.</strong></span> <span class='ocrx_word' id='word_1_43' title='bbox 700 1688 731 1751; x_wconf 91' lang='lat' dir='ltr'><strong><em>p.</em></strong></span> <span class='ocrx_word' id='word_1_44' title='bbox 759 1664 855 1731; x_wconf 88' lang='grc'><strong>1189.</strong></span> <span class='ocrx_word' id='word_1_45' title='bbox 887 1665 1119 1732; x_wconf 80' lang='lat' dir='ltr'><strong>Herwerdenus</strong></span> <span class='ocrx_word' id='word_1_46' title='bbox 1151 1667 1263 1730; x_wconf 84' lang='grc' dir='ltr'><strong><em>Μινινι.</em></strong></span> <span class='ocrx_word' id='word_1_47' title='bbox 1297 1664 1383 1731; x_wconf 83' lang='grc'><strong>1875</strong></span> <span class='ocrx_word' id='word_1_48' title='bbox 1407 1687 1437 1751; x_wconf 90' lang='lat' dir='ltr'><strong><em>p.</em></strong></span> <span class='ocrx_word' id='word_1_49' title='bbox 1463 1664 1528 1731; x_wconf 83' lang='lat'><strong><em>353</em></strong></span> <span class='ocrx_word' id='word_1_50' title='bbox 1560 1669 1723 1751; x_wconf 80' lang='lat' dir='ltr'><strong>expunxit</strong></span> 
     </span>
     <span class='ocr_line' id='line_1_8' title="bbox 534 1768 1728 1857; baseline 0 -21"><span class='ocrx_word' id='word_1_51' title='bbox 534 1772 619 1857; x_wconf 89' lang='lat' dir='ltr'><strong>quod</strong></span> <span class='ocrx_word' id='word_1_52' title='bbox 650 1794 701 1838; x_wconf 92' lang='lat' dir='ltr'><strong>me</strong></span> <span class='ocrx_word' id='word_1_53' title='bbox 732 1793 859 1857; x_wconf 89' lang='lat' dir='ltr'><strong>quoque</strong></span> <span class='ocrx_word' id='word_1_54' title='bbox 889 1773 1086 1838; x_wconf 81' lang='lat' dir='ltr'>adverterat:</span> <span class='ocrx_word' id='word_1_55' title='bbox 1119 1768 1149 1842; x_wconf 80' lang='grc' dir='ltr'><strong><em>ῖς</em></strong></span> <span class='ocrx_word' id='word_1_56' title='bbox 1183 1773 1311 1837; x_wconf 82' lang='grc' dir='ltr'><strong><em>ἒτέτλει</em></strong></span> <span class='ocrx_word' id='word_1_57' title='bbox 1335 1772 1489 1848; x_wconf 74' lang='grc' dir='ltr'><strong><em>ταμιεύων</em></strong></span> <span class='ocrx_word' id='word_1_58' title='bbox 1513 1776 1664 1853; x_wconf 74' lang='grc' dir='ltr'><strong><em>Φιλῖττρ</em></strong></span> <span class='ocrx_word' id='word_1_59' title='bbox 1688 1775 1728 1851; x_wconf 73' lang='grc' dir='ltr'><strong><em>τῷ</em></strong></span> 
     </span>
     <span class='ocr_line' id='line_1_9' title="bbox 536 1877 1729 1964; baseline 0.001 -23"><span class='ocrx_word' id='word_1_60' title='bbox 536 1881 709 1959; x_wconf 73' lang='grc' dir='ltr'><strong><em>ναυκλήρῳ·</em></strong></span> <span class='ocrx_word' id='word_1_61' title='bbox 753 1878 807 1943; x_wconf 87' lang='lat' dir='ltr'><strong><em>sed</em></strong></span> <span class='ocrx_word' id='word_1_62' title='bbox 843 1878 927 1964; x_wconf 93' lang='lat' dir='ltr'><strong>quod</strong></span> <span class='ocrx_word' id='word_1_63' title='bbox 961 1878 1104 1944; x_wconf 88' lang='lat' dir='ltr'><strong>Blassius</strong></span> <span class='ocrx_word' id='word_1_64' title='bbox 1139 1878 1250 1943; x_wconf 77' lang='lat' dir='ltr'><strong>scribit</strong></span> <span class='ocrx_word' id='word_1_65' title='bbox 1283 1877 1536 1944; x_wconf 86' lang='lat' dir='ltr'><strong>Herwerdenum</strong></span> <span class='ocrx_word' id='word_1_66' title='bbox 1573 1880 1643 1942; x_wconf 80' lang='lat' dir='ltr'><strong>iure</strong></span> <span class='ocrx_word' id='word_1_67' title='bbox 1678 1901 1729 1942; x_wconf 84' lang='grc' dir='ltr'><strong><em>ιιιο</em></strong></span> 
     </span>
     <span class='ocr_line' id='line_1_10' title="bbox 535 1985 1729 2072; baseline 0.001 -21"><span class='ocrx_word' id='word_1_68' title='bbox 535 1989 722 2072; x_wconf 76' lang='lat' dir='ltr'><strong>scriptorem</strong></span> <span class='ocrx_word' id='word_1_69' title='bbox 753 1989 942 2064; x_wconf 78' lang='lat' dir='ltr'><strong>correxisse,</strong></span> <span class='ocrx_word' id='word_1_70' title='bbox 974 1985 1067 2072; x_wconf 80' lang='lat' dir='ltr'><strong>plene</strong></span> <span class='ocrx_word' id='word_1_71' title='bbox 1091 2008 1153 2051; x_wconf 91' lang='lat' dir='ltr'><strong><em>non</em></strong></span> <span class='ocrx_word' id='word_1_72' title='bbox 1176 1985 1325 2072; x_wconf 82' lang='lat' dir='ltr'><strong>intelligo</strong></span> <span class='ocrx_word' id='word_1_73' title='bbox 1349 2006 1413 2071; x_wconf 93' lang='lat' dir='ltr'><strong><em>quo</em></strong></span> <span class='ocrx_word' id='word_1_74' title='bbox 1435 1985 1579 2051; x_wconf 84' lang='lat' dir='ltr'><strong>aculeato</strong></span> <span class='ocrx_word' id='word_1_75' title='bbox 1603 1987 1729 2052; x_wconf 88' lang='lat' dir='ltr'><strong>dictum</strong></span> 
     </span>
     <span class='ocr_line' id='line_1_11' title="bbox 533 2090 1730 2178; baseline 0 -22"><span class='ocrx_word' id='word_1_76' title='bbox 533 2094 708 2178; x_wconf 84' lang='lat' dir='ltr'><strong>pertineat:</strong></span> <span class='ocrx_word' id='word_1_77' title='bbox 740 2097 847 2157; x_wconf 89' lang='lat' dir='ltr'><strong>nostro</strong></span> <span class='ocrx_word' id='word_1_78' title='bbox 877 2095 964 2157; x_wconf 89' lang='lat' dir='ltr'><strong>enim</strong></span> <span class='ocrx_word' id='word_1_79' title='bbox 993 2095 1063 2158; x_wconf 89' lang='lat' dir='ltr'><strong>iure</strong></span> <span class='ocrx_word' id='word_1_80' title='bbox 1092 2090 1239 2157; x_wconf 80' lang='lat' dir='ltr'><strong>librarios</strong></span> <span class='ocrx_word' id='word_1_81' title='bbox 1269 2094 1478 2178; x_wconf 76' lang='lat' dir='ltr'><strong>corrigimus,</strong></span> <span class='ocrx_word' id='word_1_82' title='bbox 1511 2091 1670 2157; x_wconf 84' lang='lat' dir='ltr'><strong>volumus</strong></span> <span class='ocrx_word' id='word_1_83' title='bbox 1698 2092 1730 2158; x_wconf 94' lang='lat' dir='ltr'><strong><em>id</em></strong></span> 
     </span>
     <span class='ocr_line' id='line_1_12' title="bbox 535 2197 1729 2286; baseline -0.001 -22"><span class='ocrx_word' id='word_1_84' title='bbox 535 2204 638 2276; x_wconf 88' lang='lat' dir='ltr'><strong>certe,</strong></span> <span class='ocrx_word' id='word_1_85' title='bbox 669 2220 731 2263; x_wconf 93' lang='lat' dir='ltr'><strong><em>non</em></strong></span> <span class='ocrx_word' id='word_1_86' title='bbox 761 2200 849 2283; x_wconf 90' lang='lat' dir='ltr'><strong>ipsos</strong></span> <span class='ocrx_word' id='word_1_87' title='bbox 878 2200 1055 2283; x_wconf 87' lang='lat' dir='ltr'><strong>scriptores.</strong></span> <span class='ocrx_word' id='word_1_88' title='bbox 1079 2197 1141 2264; x_wconf 82' lang='lat' dir='ltr'><strong>Sed</strong></span> <span class='ocrx_word' id='word_1_89' title='bbox 1163 2202 1196 2263; x_wconf 91' lang='lat' dir='ltr'><strong><em>in</em></strong></span> <span class='ocrx_word' id='word_1_90' title='bbox 1220 2199 1280 2264; x_wconf 89' lang='lat' dir='ltr'><strong><em>hac</em></strong></span> <span class='ocrx_word' id='word_1_91' title='bbox 1302 2200 1443 2264; x_wconf 80' lang='lat' dir='ltr'><strong>oratione</strong></span> <span class='ocrx_word' id='word_1_92' title='bbox 1465 2198 1729 2286; x_wconf 79' lang='lat' dir='ltr'><strong>interpolationes</strong></span> 
     </span>
     <span class='ocr_line' id='line_1_13' title="bbox 537 2303 991 2390; baseline -0.002 -19"><span class='ocrx_word' id='word_1_93' title='bbox 537 2310 570 2371; x_wconf 92' lang='lat' dir='ltr'><strong>et</strong></span> <span class='ocrx_word' id='word_1_94' title='bbox 591 2306 797 2390; x_wconf 74' lang='lat' dir='ltr'><strong>repetitiones</strong></span> <span class='ocrx_word' id='word_1_95' title='bbox 820 2303 991 2390; x_wconf 80' lang='lat' dir='ltr'><strong>pullulent.</strong></span> 
     </span>
    </p>
   </div>
   <div class='ocr_carea' id='block_1_5' title="bbox 538 2504 1734 2696">
    <p class='ocr_par' dir='ltr' id='par_1_5' title="bbox 538 2504 1734 2696">
     <span class='ocr_line' id='line_1_14' title="bbox 583 2504 1734 2595; baseline 0 -23"><span class='ocrx_word' id='word_1_96' title='bbox 583 2507 665 2592; x_wconf 79' lang='lat'><strong><em>§19</em></strong></span> <span class='ocrx_word' id='word_1_97' title='bbox 696 2531 728 2595; x_wconf 89' lang='lat' dir='ltr'><strong>p.</strong></span> <span class='ocrx_word' id='word_1_98' title='bbox 756 2504 859 2573; x_wconf 83' lang='grc' dir='ltr'><strong>119οε</strong></span> <span class='ocrx_word' id='word_1_99' title='bbox 893 2507 1091 2587; x_wconf 74' lang='grc' dir='ltr'><strong><em>προσκληθεὶς</em></strong></span> <span class='ocrx_word' id='word_1_100' title='bbox 1124 2508 1187 2572; x_wconf 70' lang='grc' dir='ltr'><strong><em>ἀπὸ</em></strong></span> <span class='ocrx_word' id='word_1_101' title='bbox 1216 2516 1271 2581; x_wconf 78' lang='grc' dir='ltr'><strong><em>τῆς</em></strong></span> <span class='ocrx_word' id='word_1_102' title='bbox 1296 2508 1394 2580; x_wconf 76' lang='grc' dir='ltr'><strong><em>οἰκίας</em></strong></span> <span class='ocrx_word' id='word_1_103' title='bbox 1417 2509 1466 2588; x_wconf 80' lang='grc' dir='ltr'><strong><em>(οὐ</em></strong></span> <span class='ocrx_word' id='word_1_104' title='bbox 1490 2506 1569 2585; x_wconf 84' lang='grc' dir='ltr'><strong><em>γθιρ</em></strong></span> <span class='ocrx_word' id='word_1_105' title='bbox 1595 2504 1636 2581; x_wconf 79' lang='grc' dir='ltr'><strong><em>ἦν</em></strong></span> <span class='ocrx_word' id='word_1_106' title='bbox 1663 2515 1734 2589; x_wconf 86' lang='grc' dir='ltr'><strong><em>Φα-</em></strong></span> 
     </span>
     <span class='ocr_line' id='line_1_15' title="bbox 538 2613 1731 2696; baseline 0.002 -18"><span class='ocrx_word' id='word_1_107' title='bbox 538 2639 576 2679; x_wconf 92' lang='grc' dir='ltr'><strong><em>νε</em></strong></span> <span class='ocrx_word' id='word_1_108' title='bbox 585 2614 624 2694; x_wconf 86' lang='grc' dir='ltr'><strong><em>ρθ</em></strong></span> <span class='ocrx_word' id='word_1_109' title='bbox 633 2622 661 2696; x_wconf 83' lang='grc' dir='ltr'><strong><em>ς)</em></strong></span> <span class='ocrx_word' id='word_1_110' title='bbox 685 2613 774 2679; x_wconf 81' lang='grc' dir='ltr'><strong><em>ἔλιπε</em></strong></span> <span class='ocrx_word' id='word_1_111' title='bbox 797 2619 851 2688; x_wconf 79' lang='grc' dir='ltr'><strong><em>την</em></strong></span> <span class='ocrx_word' id='word_1_112' title='bbox 873 2616 1043 2695; x_wconf 73' lang='grc' dir='ltr'><strong><em>μαρτυρίαν</em></strong></span> <span class='ocrx_word' id='word_1_113' title='bbox 1068 2615 1200 2686; x_wconf 76' lang='grc' dir='ltr'><strong><em>πεισθεὶς</em></strong></span> <span class='ocrx_word' id='word_1_114' title='bbox 1225 2616 1280 2679; x_wconf 81' lang='grc' dir='ltr'><strong><em>ὑπὸ</em></strong></span> <span class='ocrx_word' id='word_1_115' title='bbox 1304 2615 1422 2679; x_wconf 81' lang='grc' dir='ltr'><strong><em>τούτου.</em></strong></span> <span class='ocrx_word' id='word_1_116' title='bbox 1454 2613 1538 2680; x_wconf 82' lang='lat' dir='ltr'><strong>Mire</strong></span> <span class='ocrx_word' id='word_1_117' title='bbox 1561 2615 1622 2680; x_wconf 88' lang='lat' dir='ltr'><strong><em>hoc</em></strong></span> <span class='ocrx_word' id='word_1_118' title='bbox 1648 2616 1731 2680; x_wconf 87' lang='lat' dir='ltr'><strong>mihi</strong></span> 
     </span>
    </p>
   </div>
   <div class='ocr_carea' id='block_1_6' title="bbox 418 2720 1730 2807">
    <p class='ocr_par' dir='ltr' id='par_1_6' title="bbox 418 2720 1730 2807">
     <span class='ocr_line' id='line_1_16' title="bbox 418 2720 1730 2807; baseline -0.001 -19"><span class='ocrx_word' id='word_1_119' title='bbox 418 2780 422 2788; x_wconf 91' lang='lat'><strong><em>.</em></strong></span> <span class='ocrx_word' id='word_1_120' title='bbox 537 2721 661 2788; x_wconf 85' lang='lat' dir='ltr'><strong>dictum</strong></span> <span class='ocrx_word' id='word_1_121' title='bbox 685 2721 814 2788; x_wconf 85' lang='lat' dir='ltr'><strong>videtur</strong></span> <span class='ocrx_word' id='word_1_122' title='bbox 823 2742 831 2800; x_wconf 90' lang='lat'>;</span> <span class='ocrx_word' id='word_1_123' title='bbox 856 2722 966 2807; x_wconf 88' lang='lat' dir='ltr'><strong>quidni</strong></span> <span class='ocrx_word' id='word_1_124' title='bbox 991 2723 1053 2787; x_wconf 86' lang='lat' dir='ltr'><strong>sic:</strong></span> <span class='ocrx_word' id='word_1_125' title='bbox 1078 2721 1277 2800; x_wconf 76' lang='grc' dir='ltr'><strong><em>προσκληθεὶς</em></strong></span> <span class='ocrx_word' id='word_1_126' title='bbox 1300 2720 1363 2787; x_wconf 80' lang='grc' dir='ltr'><strong><em>οῖτό</em></strong></span> <span class='ocrx_word' id='word_1_127' title='bbox 1386 2728 1442 2795; x_wconf 76' lang='grc' dir='ltr'><strong><em>τῆς</em></strong></span> <span class='ocrx_word' id='word_1_128' title='bbox 1463 2723 1561 2793; x_wconf 82' lang='grc' dir='ltr'><strong><em>οῖιιῖας</em></strong></span> <span class='ocrx_word' id='word_1_129' title='bbox 1581 2720 1630 2802; x_wconf 79' lang='grc' dir='ltr'><strong><em>(οὗ</em></strong></span> <span class='ocrx_word' id='word_1_130' title='bbox 1654 2723 1730 2801; x_wconf 73' lang='grc' dir='ltr'><strong><em>γὰρ</em></strong></span> 
     </span>
    </p>
   </div>
   <div class='ocr_carea' id='block_1_7' title="bbox 540 2827 1283 2909">
    <p class='ocr_par' dir='ltr' id='par_1_7' title="bbox 540 2827 1283 2909">
     <span class='ocr_line' id='line_1_17' title="bbox 540 2827 1283 2909; baseline 0.001 -16"><span class='ocrx_word' id='word_1_131' title='bbox 540 2835 683 2909; x_wconf 75' lang='grc' dir='ltr'><strong><em>παρῆν)</em></strong></span> <span class='ocrx_word' id='word_1_132' title='bbox 706 2835 890 2908; x_wconf 80' lang='grc' dir='ltr'><strong><em>φανερῶς</em></strong></span> <span class='ocrx_word' id='word_1_133' title='bbox 913 2827 1000 2893; x_wconf 84' lang='grc' dir='ltr'><strong><em>ἔλιπε</em></strong></span> <span class='ocrx_word' id='word_1_134' title='bbox 1025 2830 1079 2903; x_wconf 75' lang='grc' dir='ltr'><strong><em>την</em></strong></span> <span class='ocrx_word' id='word_1_135' title='bbox 1103 2831 1283 2909; x_wconf 72' lang='grc' dir='ltr'><strong><em>μαρτυρίαι.</em></strong></span> 
     </span>
    </p>
   </div>
   <div class='ocr_carea' id='block_1_8' title="bbox 540 3044 1730 3240">
    <p class='ocr_par' dir='ltr' id='par_1_8' title="bbox 540 3044 1730 3240">
     <span class='ocr_line' id='line_1_18' title="bbox 584 3044 1730 3136; baseline 0.002 -22"><span class='ocrx_word' id='word_1_136' title='bbox 584 3049 665 3136; x_wconf 73' lang='lat'><strong><em>§30</em></strong></span> <span class='ocrx_word' id='word_1_137' title='bbox 696 3072 727 3135; x_wconf 90' lang='lat' dir='ltr'><strong>p.</strong></span> <span class='ocrx_word' id='word_1_138' title='bbox 755 3049 852 3116; x_wconf 88' lang='grc'><strong>1193.</strong></span> <span class='ocrx_word' id='word_1_139' title='bbox 884 3051 954 3116; x_wconf 90' lang='lat' dir='ltr'><strong><em>Una</em></strong></span> <span class='ocrx_word' id='word_1_140' title='bbox 984 3049 1116 3115; x_wconf 88' lang='lat' dir='ltr'><strong>literule</strong></span> <span class='ocrx_word' id='word_1_141' title='bbox 1145 3049 1281 3115; x_wconf 86' lang='lat' dir='ltr'><strong>excidit:</strong></span> <span class='ocrx_word' id='word_1_142' title='bbox 1315 3045 1399 3121; x_wconf 79' lang='grc' dir='ltr'><strong><em>οὗτος</em></strong></span> <span class='ocrx_word' id='word_1_143' title='bbox 1430 3049 1493 3129; x_wconf 76' lang='grc' dir='ltr'><strong><em>γὰρ</em></strong></span> <span class='ocrx_word' id='word_1_144' title='bbox 1517 3044 1550 3123; x_wconf 77' lang='grc' dir='ltr'><strong><em>ἦν</em></strong></span> <span class='ocrx_word' id='word_1_145' title='bbox 1575 3051 1590 3114; x_wconf 86' lang='grc' dir='ltr'><strong><em>θ</em></strong></span> <span class='ocrx_word' id='word_1_146' title='bbox 1614 3050 1730 3125; x_wconf 72' lang='grc' dir='ltr'><strong><em>δεηθεὶς</em></strong></span> 
     </span>
     <span class='ocr_line' id='line_1_19' title="bbox 540 3149 1688 3240; baseline 0.001 -18"><span class='ocrx_word' id='word_1_147' title='bbox 540 3162 592 3222; x_wconf 84' lang='grc' dir='ltr'><strong><em>τοῦ</em></strong></span> <span class='ocrx_word' id='word_1_148' title='bbox 617 3161 735 3237; x_wconf 78' lang='grc' dir='ltr'><strong><em>πατρὸς</em></strong></span> <span class='ocrx_word' id='word_1_149' title='bbox 759 3164 937 3240; x_wconf 76' lang='grc' dir='ltr'><strong><em>παρασχεῖν</em></strong></span> <span class='ocrx_word' id='word_1_150' title='bbox 960 3158 994 3221; x_wconf 81' lang='grc' dir='ltr'><strong><em>τὸ</em></strong></span> <span class='ocrx_word' id='word_1_151' title='bbox 1018 3163 1129 3221; x_wconf 80' lang='grc' dir='ltr'><strong><em>ναῦλον</em></strong></span> <span class='ocrx_word' id='word_1_152' title='bbox 1154 3163 1210 3221; x_wconf 79' lang='grc' dir='ltr'><strong><em>τῶν</em></strong></span> <span class='ocrx_word' id='word_1_153' title='bbox 1234 3156 1333 3232; x_wconf 79' lang='grc' dir='ltr'><strong><em>ξύλον</em></strong></span> <span class='ocrx_word' id='word_1_154' title='bbox 1356 3149 1406 3237; x_wconf 70' lang='lat' dir='ltr'><strong>(ci)</strong></span> <span class='ocrx_word' id='word_1_155' title='bbox 1429 3155 1481 3221; x_wconf 76' lang='grc' dir='ltr'><strong><em>καὶ</em></strong></span> <span class='ocrx_word' id='word_1_156' title='bbox 1506 3158 1615 3221; x_wconf 82' lang='grc' dir='ltr'><strong><em>τούτου</em></strong></span> <span class='ocrx_word' id='word_1_157' title='bbox 1641 3154 1688 3232; x_wconf 78' lang='grc' dir='ltr'><strong><em>ἦν.</em></strong></span> 
     </span>
    </p>
   </div>
   <div class='ocr_carea' id='block_1_9' title="bbox 540 3375 1733 3997">
    <p class='ocr_par' dir='ltr' id='par_1_9' title="bbox 540 3375 1733 3997">
     <span class='ocr_line' id='line_1_20' title="bbox 585 3375 1731 3463; baseline -0.003 -19"><span class='ocrx_word' id='word_1_158' title='bbox 585 3381 603 3463; x_wconf 77' lang='lat'>§</span> <span class='ocrx_word' id='word_1_159' title='bbox 624 3377 667 3444; x_wconf 87' lang='grc'><strong><em>30</em></strong></span> <span class='ocrx_word' id='word_1_160' title='bbox 687 3400 716 3463; x_wconf 88' lang='lat' dir='ltr'><strong><em>p.</em></strong></span> <span class='ocrx_word' id='word_1_161' title='bbox 740 3376 846 3442; x_wconf 86' lang='lat'>1193:</span> <span class='ocrx_word' id='word_1_162' title='bbox 871 3378 922 3441; x_wconf 76' lang='grc' dir='ltr'><strong><em>καὶ</em></strong></span> <span class='ocrx_word' id='word_1_163' title='bbox 944 3377 1108 3456; x_wconf 67' lang='grc' dir='ltr'><strong><em>ἐγράψατο</em></strong></span> <span class='ocrx_word' id='word_1_164' title='bbox 1127 3378 1183 3453; x_wconf 78' lang='grc' dir='ltr'><strong><em>μὲν</em></strong></span> <span class='ocrx_word' id='word_1_165' title='bbox 1204 3378 1369 3455; x_wconf 72' lang='grc' dir='ltr'><strong><em>ὀφείλοντα</em></strong></span> <span class='ocrx_word' id='word_1_166' title='bbox 1383 3376 1539 3454; x_wconf 80' lang='grc' dir='ltr'><strong><em>Τιμθθεον,</em></strong></span> <span class='ocrx_word' id='word_1_167' title='bbox 1557 3375 1731 3454; x_wconf 79' lang='grc' dir='ltr'><strong><em>ὑπόμνημα</em></strong></span> 
     </span>
     <span class='ocr_line' id='line_1_21' title="bbox 541 3474 1732 3564; baseline -0.002 -15"><span class='ocrx_word' id='word_1_168' title='bbox 541 3484 566 3549; x_wconf 74' lang='grc' dir='ltr'><strong><em>θ’</em></strong></span> <span class='ocrx_word' id='word_1_169' title='bbox 592 3486 868 3564; x_wconf 69' lang='grc' dir='ltr'><strong><em>ἀπεγράψατο</em></strong></span> <span class='ocrx_word' id='word_1_170' title='bbox 899 3486 954 3558; x_wconf 79' lang='grc' dir='ltr'><strong><em>τήν</em></strong></span> <span class='ocrx_word' id='word_1_171' title='bbox 986 3510 1020 3547; x_wconf 87' lang='grc' dir='ltr'><strong><em>τε</em></strong></span> <span class='ocrx_word' id='word_1_172' title='bbox 1051 3486 1158 3562; x_wconf 78' lang='grc' dir='ltr'><strong><em>χρείαν</em></strong></span> <span class='ocrx_word' id='word_1_173' title='bbox 1184 3485 1227 3555; x_wconf 76' lang='grc' dir='ltr'><strong><em>εἷς</em></strong></span> <span class='ocrx_word' id='word_1_174' title='bbox 1252 3474 1285 3556; x_wconf 71' lang='grc' dir='ltr'><strong><em>ἣν</em></strong></span> <span class='ocrx_word' id='word_1_175' title='bbox 1308 3482 1426 3559; x_wconf 70' lang='grc' dir='ltr'><strong><em>ἐλήφθη</em></strong></span> <span class='ocrx_word' id='word_1_176' title='bbox 1451 3483 1486 3548; x_wconf 80' lang='grc' dir='ltr'><strong><em>τὸ</em></strong></span> <span class='ocrx_word' id='word_1_177' title='bbox 1510 3479 1658 3562; x_wconf 77' lang='grc' dir='ltr'><strong><em>θργθριον</em></strong></span> <span class='ocrx_word' id='word_1_178' title='bbox 1683 3484 1732 3549; x_wconf 72' lang='grc' dir='ltr'><strong><em>καὶ</em></strong></span> 
     </span>
     <span class='ocr_line' id='line_1_22' title="bbox 540 3590 1732 3670; baseline 0.002 -16"><span class='ocrx_word' id='word_1_179' title='bbox 540 3592 574 3655; x_wconf 84' lang='grc' dir='ltr'><strong><em>τὸ</em></strong></span> <span class='ocrx_word' id='word_1_180' title='bbox 610 3591 703 3668; x_wconf 81' lang='grc' dir='ltr'><strong><em>ὄνομα</em></strong></span> <span class='ocrx_word' id='word_1_181' title='bbox 739 3597 791 3656; x_wconf 85' lang='grc' dir='ltr'><strong><em>τοῦ</em></strong></span> <span class='ocrx_word' id='word_1_182' title='bbox 828 3591 990 3668; x_wconf 81' lang='grc' dir='ltr'><strong><em>λαβθντοι.</em></strong></span> <span class='ocrx_word' id='word_1_183' title='bbox 1036 3591 1147 3657; x_wconf 88' lang='lat' dir='ltr'><strong>Nonne</strong></span> <span class='ocrx_word' id='word_1_184' title='bbox 1183 3590 1482 3670; x_wconf 68' lang='grc' dir='ltr'><strong><em>παρεγράψατο</em></strong></span> <span class='ocrx_word' id='word_1_185' title='bbox 1526 3591 1578 3655; x_wconf 91' lang='lat' dir='ltr'><strong><em>hic</em></strong></span> <span class='ocrx_word' id='word_1_186' title='bbox 1613 3590 1732 3656; x_wconf 90' lang='lat' dir='ltr'><strong>melius</strong></span> 
     </span>
     <span class='ocr_line' id='line_1_23' title="bbox 540 3695 1733 3784; baseline -0.003 -20"><span class='ocrx_word' id='word_1_187' title='bbox 540 3698 666 3764; x_wconf 81' lang='lat' dir='ltr'><strong>debebit</strong></span> <span class='ocrx_word' id='word_1_188' title='bbox 682 3695 823 3784; x_wconf 81' lang='lat' dir='ltr'><strong>placere?</strong></span> <span class='ocrx_word' id='word_1_189' title='bbox 842 3698 959 3763; x_wconf 89' lang='lat' dir='ltr'><strong>Itidem</strong></span> <span class='ocrx_word' id='word_1_190' title='bbox 980 3697 1030 3783; x_wconf 75' lang='lat'><strong><em>§8</em></strong></span> <span class='ocrx_word' id='word_1_191' title='bbox 1050 3720 1081 3783; x_wconf 88' lang='lat' dir='ltr'><strong><em>p.</em></strong></span> <span class='ocrx_word' id='word_1_192' title='bbox 1104 3697 1211 3763; x_wconf 82' lang='lat'>1186:</span> <span class='ocrx_word' id='word_1_193' title='bbox 1232 3697 1395 3775; x_wconf 68' lang='grc' dir='ltr'><strong><em>ἐγράψατο</em></strong></span> <span class='ocrx_word' id='word_1_194' title='bbox 1416 3698 1472 3770; x_wconf 75' lang='grc' dir='ltr'><strong><em>μὶν</em></strong></span> <span class='ocrx_word' id='word_1_195' title='bbox 1491 3696 1663 3774; x_wconf 74' lang='grc' dir='ltr'><strong><em>ὀφείλοντα</em></strong></span> <span class='ocrx_word' id='word_1_196' title='bbox 1684 3698 1733 3761; x_wconf 75' lang='grc' dir='ltr'><strong><em>τὸν</em></strong></span> 
     </span>
     <span class='ocr_line' id='line_1_24' title="bbox 542 3797 1732 3887; baseline -0.003 -17"><span class='ocrx_word' id='word_1_197' title='bbox 542 3808 733 3870; x_wconf 82' lang='grc' dir='ltr'><strong><em>κελεύσαντα</em></strong></span> <span class='ocrx_word' id='word_1_198' title='bbox 755 3814 870 3885; x_wconf 79' lang='grc' dir='ltr'><strong><em>χρῆται</em></strong></span> <span class='ocrx_word' id='word_1_199' title='bbox 891 3806 1048 3883; x_wconf 82' lang='grc' dir='ltr'><strong><em>Τιμόθεον,</em></strong></span> <span class='ocrx_word' id='word_1_200' title='bbox 1070 3804 1239 3880; x_wconf 79' lang='grc' dir='ltr'><strong><em>ὑπόμνημα</em></strong></span> <span class='ocrx_word' id='word_1_201' title='bbox 1258 3804 1283 3868; x_wconf 81' lang='grc' dir='ltr'><strong><em>δ’</em></strong></span> <span class='ocrx_word' id='word_1_202' title='bbox 1302 3805 1317 3865; x_wconf 83' lang='grc' dir='ltr'><strong><em>ε’</em></strong></span> <span class='ocrx_word' id='word_1_203' title='bbox 1324 3803 1492 3887; x_wconf 56' lang='lat' dir='ltr'><strong><em>ypofidius</em></strong></span> <span class='ocrx_word' id='word_1_204' title='bbox 1499 3826 1530 3880; x_wconf 87' lang='grc' dir='ltr'><strong><em>ο,</em></strong></span> <span class='ocrx_word' id='word_1_205' title='bbox 1549 3797 1571 3883; x_wconf 77' lang='grc' dir='ltr'><em>ᾧ</em></span> <span class='ocrx_word' id='word_1_206' title='bbox 1592 3827 1627 3867; x_wconf 92' lang='grc' dir='ltr'><strong><em>τε</em></strong></span> <span class='ocrx_word' id='word_1_207' title='bbox 1649 3800 1732 3874; x_wconf 76' lang='grc' dir='ltr'><strong><em>οὗτοι</em></strong></span> 
     </span>
     <span class='ocr_line' id='line_1_25' title="bbox 543 3909 1731 3997; baseline -0.001 -21"><span class='ocrx_word' id='word_1_208' title='bbox 543 3912 684 3976; x_wconf 71' lang='grc' dir='ltr'><strong><em>ἐκέλευσε</em></strong></span> <span class='ocrx_word' id='word_1_209' title='bbox 710 3913 825 3989; x_wconf 76' lang='grc' dir='ltr'><strong><em>δοῦναι,</em></strong></span> <span class='ocrx_word' id='word_1_210' title='bbox 850 3913 912 3975; x_wconf 80' lang='grc' dir='ltr'><strong><em>κτὲ.</em></strong></span> <span class='ocrx_word' id='word_1_211' title='bbox 933 3914 1052 3997; x_wconf 84' lang='lat' dir='ltr'><strong>pariter</strong></span> <span class='ocrx_word' id='word_1_212' title='bbox 1070 3914 1103 3975; x_wconf 91' lang='lat' dir='ltr'><strong><em>in</em></strong></span> <span class='ocrx_word' id='word_1_213' title='bbox 1123 3910 1234 3976; x_wconf 87' lang='lat' dir='ltr'><strong>eadem</strong></span> <span class='ocrx_word' id='word_1_214' title='bbox 1254 3932 1287 3975; x_wconf 89' lang='lat' dir='ltr'><strong>re</strong></span> <span class='ocrx_word' id='word_1_215' title='bbox 1305 3909 1416 3976; x_wconf 90' lang='lat' dir='ltr'><strong>eodem</strong></span> <span class='ocrx_word' id='word_1_216' title='bbox 1436 3912 1613 3995; x_wconf 89' lang='lat' dir='ltr'><strong>composito</strong></span> <span class='ocrx_word' id='word_1_217' title='bbox 1633 3910 1731 3976; x_wconf 81' lang='lat' dir='ltr'><strong>verbo</strong></span> 
     </span>
    </p>
   </div>
   <div class='ocr_carea' id='block_1_10' title="bbox 543 4015 1206 4107">
    <p class='ocr_par' dir='ltr' id='par_1_10' title="bbox 543 4015 1206 4107">
     <span class='ocr_line' id='line_1_26' title="bbox 543 4015 1206 4107; baseline -0.003 -23"><span class='ocrx_word' id='word_1_218' title='bbox 543 4041 623 4107; x_wconf 87' lang='lat' dir='ltr'><strong>opus</strong></span> <span class='ocrx_word' id='word_1_219' title='bbox 647 4026 704 4085; x_wconf 89' lang='lat' dir='ltr'><strong>est.</strong></span> <span class='ocrx_word' id='word_1_220' title='bbox 730 4015 940 4103; x_wconf 78' lang='lat' dir='ltr'><strong>Of.0a111pp.</strong></span> <span class='ocrx_word' id='word_1_221' title='bbox 966 4020 983 4102; x_wconf 57' lang='grc' dir='ltr'>ᾖ</span> <span class='ocrx_word' id='word_1_222' title='bbox 1005 4019 1025 4080; x_wconf 84' lang='grc'><strong>4</strong></span> <span class='ocrx_word' id='word_1_223' title='bbox 1051 4041 1080 4103; x_wconf 94' lang='lat' dir='ltr'><strong><em>p.</em></strong></span> <span class='ocrx_word' id='word_1_224' title='bbox 1108 4016 1206 4084; x_wconf 78' lang='grc'><strong>1237.</strong></span> 
     </span>
    </p>
   </div>
   <div class='ocr_carea' id='block_1_11' title="bbox 544 4221 1737 4945">
    <p class='ocr_par' dir='ltr' id='par_1_11' title="bbox 544 4221 1737 4945">
     <span class='ocr_line' id='line_1_27' title="bbox 589 4221 1733 4309; baseline -0.003 -21"><span class='ocrx_word' id='word_1_225' title='bbox 589 4228 606 4309; x_wconf 58' lang='grc' dir='ltr'><strong>ἓ</strong></span> <span class='ocrx_word' id='word_1_226' title='bbox 629 4222 670 4289; x_wconf 87' lang='grc'><strong><em>39</em></strong></span> <span class='ocrx_word' id='word_1_227' title='bbox 695 4246 725 4309; x_wconf 87' lang='lat' dir='ltr'><strong><em>p.</em></strong></span> <span class='ocrx_word' id='word_1_228' title='bbox 750 4222 853 4288; x_wconf 82' lang='lat'>1195:</span> <span class='ocrx_word' id='word_1_229' title='bbox 878 4223 970 4293; x_wconf 76' lang='grc' dir='ltr'><strong><em>αὐτὸς</em></strong></span> <span class='ocrx_word' id='word_1_230' title='bbox 992 4224 1130 4301; x_wconf 73' lang='grc' dir='ltr'><strong><em>μὲνγὰρ</em></strong></span> <span class='ocrx_word' id='word_1_231' title='bbox 1156 4223 1431 4300; x_wconf 77' lang='grc' dir='ltr'><strong><em>ὁμολογεῖται</em></strong></span> <span class='ocrx_word' id='word_1_232' title='bbox 1455 4221 1626 4297; x_wconf 69' lang='grc' dir='ltr'><strong><em>ἀποδημεῖν</em></strong></span> <span class='ocrx_word' id='word_1_233' title='bbox 1648 4221 1733 4300; x_wconf 74' lang='grc' dir='ltr'><strong><em>παρὰ</em></strong></span> 
     </span>
     <span class='ocr_line' id='line_1_28' title="bbox 544 4325 1733 4412; baseline -0.003 -19"><span class='ocrx_word' id='word_1_234' title='bbox 544 4331 689 4408; x_wconf 83' lang='grc' dir='ltr'><strong><em>βασιλεῖ,</em></strong></span> <span class='ocrx_word' id='word_1_235' title='bbox 722 4330 772 4392; x_wconf 81' lang='grc' dir='ltr'><strong><em>τὸν</em></strong></span> <span class='ocrx_word' id='word_1_236' title='bbox 804 4329 835 4394; x_wconf 71' lang='grc' dir='ltr'><strong><em>δὲ</em></strong></span> <span class='ocrx_word' id='word_1_237' title='bbox 868 4330 1021 4394; x_wconf 76' lang='grc' dir='ltr'><strong><em>Φιλώνδαν</em></strong></span> <span class='ocrx_word' id='word_1_238' title='bbox 1054 4325 1105 4412; x_wconf 73' lang='grc' dir='ltr'><strong><em>[ἓν</em></strong></span> <span class='ocrx_word' id='word_1_239' title='bbox 1138 4328 1327 4407; x_wconf 77' lang='grc' dir='ltr'><strong><em>ἔπεμψεν</em></strong></span> <span class='ocrx_word' id='word_1_240' title='bbox 1358 4327 1421 4391; x_wconf 73' lang='grc' dir='ltr'><strong><em>ἐπὶ</em></strong></span> <span class='ocrx_word' id='word_1_241' title='bbox 1454 4328 1504 4390; x_wconf 72' lang='grc' dir='ltr'><strong><em>τοὶ</em></strong></span> <span class='ocrx_word' id='word_1_242' title='bbox 1535 4325 1642 4398; x_wconf 74' lang='grc' dir='ltr'><strong><em>ξύλα</em></strong></span> <span class='ocrx_word' id='word_1_243' title='bbox 1670 4330 1733 4391; x_wconf 74' lang='grc' dir='ltr'><strong><em>καὶ</em></strong></span> 
     </span>
     <span class='ocr_line' id='line_1_29' title="bbox 544 4433 1734 4524; baseline -0.003 -23"><span class='ocrx_word' id='word_1_244' title='bbox 544 4437 740 4508; x_wconf 78' lang='grc' dir='ltr'><strong><em>οννέςηπε</em></strong></span> <span class='ocrx_word' id='word_1_245' title='bbox 776 4439 825 4515; x_wconf 79' lang='grc' dir='ltr'><strong><em>τῷ</em></strong></span> <span class='ocrx_word' id='word_1_246' title='bbox 863 4435 986 4515; x_wconf 73' lang='grc' dir='ltr'><strong><em>πατρὶ</em></strong></span> <span class='ocrx_word' id='word_1_247' title='bbox 1024 4438 1072 4514; x_wconf 77' lang='grc' dir='ltr'><strong><em>τῷ</em></strong></span> <span class='ocrx_word' id='word_1_248' title='bbox 1111 4435 1204 4524; x_wconf 80' lang='grc' dir='ltr'><strong><em>ἐμῷ]</em></strong></span> <span class='ocrx_word' id='word_1_249' title='bbox 1240 4434 1404 4506; x_wconf 73' lang='grc' dir='ltr'><strong><em>τεθνηκότα</em></strong></span> <span class='ocrx_word' id='word_1_250' title='bbox 1439 4433 1621 4510; x_wconf 76' lang='grc' dir='ltr'><strong><em>κατέλαβες</em></strong></span> <span class='ocrx_word' id='word_1_251' title='bbox 1659 4435 1734 4510; x_wconf 73' lang='grc' dir='ltr'><strong><em>ἥκων</em></strong></span> 
     </span>
     <span class='ocr_line' id='line_1_30' title="bbox 544 4538 1735 4627; baseline -0.002 -22"><span class='ocrx_word' id='word_1_252' title='bbox 544 4543 629 4619; x_wconf 79' lang='grc' dir='ltr'><strong><em>ταροὶ</em></strong></span> <span class='ocrx_word' id='word_1_253' title='bbox 661 4541 826 4618; x_wconf 77' lang='grc' dir='ltr'><strong><em>βασιλέως.</em></strong></span> <span class='ocrx_word' id='word_1_254' title='bbox 861 4543 981 4627; x_wconf 83' lang='lat' dir='ltr'><strong>Arguit</strong></span> <span class='ocrx_word' id='word_1_255' title='bbox 1012 4541 1149 4606; x_wconf 86' lang='lat' dir='ltr'><strong>secunda</strong></span> <span class='ocrx_word' id='word_1_256' title='bbox 1180 4561 1312 4625; x_wconf 84' lang='lat' dir='ltr'><strong>persona</strong></span> <span class='ocrx_word' id='word_1_257' title='bbox 1343 4538 1522 4616; x_wconf 72' lang='grc' dir='ltr'><strong><em>κατέλαβες</em></strong></span> <span class='ocrx_word' id='word_1_258' title='bbox 1553 4543 1655 4605; x_wconf 86' lang='lat' dir='ltr'><strong>etiem</strong></span> <span class='ocrx_word' id='word_1_259' title='bbox 1681 4560 1735 4625; x_wconf 90' lang='lat' dir='ltr'><strong>pro</strong></span> 
     </span>
     <span class='ocr_line' id='line_1_31' title="bbox 545 4646 1736 4730; baseline -0.004 -16"><span class='ocrx_word' id='word_1_260' title='bbox 545 4650 742 4725; x_wconf 79' lang='grc' dir='ltr'><strong><em>ὁμολογεῖται</em></strong></span> <span class='ocrx_word' id='word_1_261' title='bbox 767 4648 996 4712; x_wconf 87' lang='lat' dir='ltr'><strong>restituendam</strong></span> <span class='ocrx_word' id='word_1_262' title='bbox 1020 4669 1087 4712; x_wconf 89' lang='lat' dir='ltr'><strong>esse</strong></span> <span class='ocrx_word' id='word_1_263' title='bbox 1111 4646 1284 4712; x_wconf 86' lang='lat' dir='ltr'><strong>secundam</strong></span> <span class='ocrx_word' id='word_1_264' title='bbox 1307 4665 1493 4730; x_wconf 85' lang='lat' dir='ltr'><strong>personam:</strong></span> <span class='ocrx_word' id='word_1_265' title='bbox 1519 4646 1736 4722; x_wconf 73' lang='grc' dir='ltr'><strong><em>ὁμολογεῖ,</em></strong></span> 
     </span>
     <span class='ocr_line' id='line_1_32' title="bbox 545 4750 1736 4841; baseline -0.001 -23"><span class='ocrx_word' id='word_1_266' title='bbox 545 4777 608 4841; x_wconf 91' lang='lat' dir='ltr'><strong><em>qno</em></strong></span> <span class='ocrx_word' id='word_1_267' title='bbox 631 4755 712 4819; x_wconf 81' lang='lat' dir='ltr'><strong>scoto</strong></span> <span class='ocrx_word' id='word_1_268' title='bbox 737 4754 832 4819; x_wconf 83' lang='lat' dir='ltr'><strong>verbe</strong></span> <span class='ocrx_word' id='word_1_269' title='bbox 856 4757 980 4818; x_wconf 88' lang='lat' dir='ltr'><strong>uncinis</strong></span> <span class='ocrx_word' id='word_1_270' title='bbox 1003 4753 1124 4819; x_wconf 88' lang='lat' dir='ltr'><strong>inclusa</strong></span> <span class='ocrx_word' id='word_1_271' title='bbox 1146 4753 1229 4817; x_wconf 88' lang='lat' dir='ltr'><strong>ultro</strong></span> <span class='ocrx_word' id='word_1_272' title='bbox 1250 4752 1412 4829; x_wconf 79' lang='lat' dir='ltr'><strong>excideut3</strong></span> <span class='ocrx_word' id='word_1_273' title='bbox 1434 4752 1474 4816; x_wconf 86' lang='lat' dir='ltr'><strong><em>cs.</em></strong></span> <span class='ocrx_word' id='word_1_274' title='bbox 1494 4750 1568 4836; x_wconf 73' lang='lat'><strong><em>§26</em></strong></span> <span class='ocrx_word' id='word_1_275' title='bbox 1590 4774 1620 4837; x_wconf 90' lang='lat' dir='ltr'><strong><em>p.</em></strong></span> <span class='ocrx_word' id='word_1_276' title='bbox 1637 4752 1736 4817; x_wconf 87' lang='grc'><strong>1192.</strong></span> 
     </span>
     <span class='ocr_line' id='line_1_33' title="bbox 547 4859 1737 4945; baseline -0.002 -19"><span class='ocrx_word' id='word_1_277' title='bbox 547 4862 653 4927; x_wconf 74' lang='lat' dir='ltr'><strong>Etiam</strong></span> <span class='ocrx_word' id='word_1_278' title='bbox 678 4864 695 4945; x_wconf 59' lang='grc'><strong>3</strong></span> <span class='ocrx_word' id='word_1_279' title='bbox 717 4861 758 4925; x_wconf 81' lang='grc'><strong><em>64</em></strong></span> <span class='ocrx_word' id='word_1_280' title='bbox 783 4883 812 4945; x_wconf 94' lang='lat' dir='ltr'><strong><em>p.</em></strong></span> <span class='ocrx_word' id='word_1_281' title='bbox 841 4860 927 4925; x_wconf 87' lang='grc'><strong>1203</strong></span> <span class='ocrx_word' id='word_1_282' title='bbox 952 4861 1149 4926; x_wconf 88' lang='lat' dir='ltr'><strong>restituenda</strong></span> <span class='ocrx_word' id='word_1_283' title='bbox 1171 4862 1233 4925; x_wconf 86' lang='lat' dir='ltr'><strong>erit</strong></span> <span class='ocrx_word' id='word_1_284' title='bbox 1256 4859 1394 4925; x_wconf 88' lang='lat' dir='ltr'><strong>secunda</strong></span> <span class='ocrx_word' id='word_1_285' title='bbox 1418 4880 1550 4943; x_wconf 84' lang='lat' dir='ltr'><strong>persone</strong></span> <span class='ocrx_word' id='word_1_286' title='bbox 1574 4863 1737 4940; x_wconf 70' lang='grc' dir='ltr'><strong><em>φήσεις.</em></strong></span> 
     </span>
    </p>
   </div>
   <div class='ocr_carea' id='block_1_12' title="bbox 0 0 2286 5940">
    <p class='ocr_par' dir='ltr' id='par_1_12' title="bbox 0 0 2286 5940">
     <span class='ocr_line' id='line_1_34' title="bbox 0 0 2286 5940; baseline 0 0"><span class='ocrx_word' id='word_1_287' title='bbox 0 0 2286 5940; x_wconf 95' lang='lat' dir='ltr'><strong><em> </em></strong></span> 
     </span>
    </p>
   </div>
  </div>
 </body>
</html>
