4525 5950
530 674 551 740 8
1000 692 1242 743 uruoernrrue.

577 856 658 942 §56
689 880 719 944 p.
746 857 827 924 983:
858 859 950 938 Φύσει
982 857 1143 938 μάχεσθαι
1175 858 1231 935 μὶν
1265 857 1395 940 ἔχοντ’
1426 860 1479 925 οὐκ
1502 858 1628 938 coreb
1652 859 1714 936 ἔτι,

531 971 643 1049 γνῶναι
669 966 694 1028 δ’
718 965 804 1031 ittet·
827 960 925 1046 ἕτερον
948 965 1146 1042 ιιάτιτλῆξαι
1169 965 1276 1049 ρ’άδιον.
1309 965 1384 1031 Sine
1408 986 1502 1031 sensu
1525 969 1573 1032 ita
1596 964 1716 1043 editur3

532 1068 586 1135 sed
621 1071 754 1136 Athenis
789 1073 884 1137 bomo
917 1075 1076 1159 ingenuus
1108 1071 1397 1157 reprehendebatur
1427 1075 1454 1137 ei
1484 1072 1567 1138 forte
1600 1070 1718 1138 servuli

531 1178 633 1241 instar
662 1179 760 1243 citato
789 1178 894 1264 gradu
916 1200 971 1265 per
993 1178 1112 1266 plateas
1135 1183 1275 1244 curreret
1298 1177 1433 1263 indeque
1456 1181 1601 1264 requiro:
1627 1180 1718 1258 φύσει

533 1283 694 1364 μάχεσθαι
726 1284 783 1360 μὲν
805 1310 823 1348 τ
831 1285 868 1363 ρί
876 1287 983 1364 χοντΙ
1009 1286 1062 1350 οὐκ
1085 1284 1218 1363 εὕτορον,
1243 1286 1299 1369 qui
1322 1285 1402 1350 forte
1424 1284 1553 1350 fortuna
1578 1288 1719 1350 senarius

534 1397 591 1454 eet.
630 1388 778 1455 Habebat
811 1390 871 1456 hoo
902 1390 1096 1457 Nicobulue:
1127 1391 1201 1456 vide
1232 1391 1317 1476 §52
1348 1412 1378 1475 p.
1411 1390 1494 1456 981:
1528 1391 1720 1467 Νικόβουλος

534 1496 660 1577 ταχέως
684 1495 804 1577 βαδίζει
829 1498 881 1562 καί
904 1498 993 1576 μίγα
1017 1499 1195 1577 Φίέγγεται
1220 1499 1271 1561 καί
1296 1497 1471 1579 βακτηρίαν
1489 1505 1580 1578 φορεῖ
1596 1506 1628 1564 et
1647 1505 1722 1564 nota

534 1602 761 1689 reprehensum
781 1604 840 1670 hoo
859 1605 957 1671 fuisse
976 1608 1073 1671 etiam
1092 1608 1125 1670 in
1148 1605 1278 1670 homine
1296 1626 1392 1690 quem
1411 1603 1602 1671 libertinum
1623 1605 1722 1671 fuisse

536 1709 733 1776 crediderim.
765 1710 848 1777 Item
878 1710 957 1796 §55
990 1733 1021 1797 p.
1046 1711 1122 1789 982,
1157 1711 1276 1798 Evergi
1306 1712 1402 1778 verba
1425 1718 1518 1777 eunt:
1543 1707 1724 1784 τοιοῦτοςῶ

538 1817 722 1882 Πανταίνετ’
753 1819 832 1896 eye,
867 1818 880 1882 ί
912 1817 1000 1900 ταχὺ
1037 1816 1173 1899 βαδίζων
1204 1819 1255 1882 καί
1290 1823 1422 1891 τοιοῦτος
1454 1817 1491 1883 σὺ
1524 1816 1537 1881 ί
1571 1817 1725 1897 άτρέριας.

538 1922 627 1988 Adde
649 1944 675 1989 a.
700 1922 810 2010 Steph.
834 1923 946 2010 1§77
970 1948 1001 2012 p.
1028 1925 1132 1991 1124:
1159 1925 1219 2001 ἐγὼ
1244 1924 1274 1989 δὲ
1298 1935 1354 1998 τῆς
1379 1926 1434 1999 μὲν
1453 1923 1548 2003 ίψειοι
1570 1934 1610 2005 τῇ
1631 1924 1725 2004 Φύσει

537 2031 588 2096 καί
621 2031 663 2111 τιῖο
692 2031 814 2113 ταχίους
839 2028 976 2111 βαδίζειν
1001 2033 1053 2095 καί
1079 2040 1189 2096 λαλεῖν
1213 2030 1301 2109 μέγα
1325 2033 1357 2096 οὐ
1380 2038 1439 2096 τῶν
1462 2032 1600 2109 εὐτυχῶς
1626 2037 1727 2110 τεφυ-

536 2136 629 2201 ιοίτοον
651 2136 784 2212 ἐμαυτὸν
803 2139 899 2215 κρίνω.
921 2137 1132 2226 Appellabant
1152 2139 1210 2203 hoo
1230 2137 1501 2223 quemadmodum
1521 2158 1579 2203 noe
1595 2140 1726 2225 proprio

536 2245 664 2308 nomine
695 2243 850 2310 τίτεσίαι.
883 2246 998 2311 Athen.
1023 2243 1066 2309 Vl
1097 2267 1128 2331 p.
1154 2243 1278 2309 244D:
1308 2245 1437 2322 Ἀλεξα
1469 2244 1496 2308 δ’
1520 2245 1550 2307 ἒν
1576 2246 1725 2323 Πυραύνῳ

540 2348 689 2429 Στράτιον
719 2349 770 2414 τὸν
801 2352 971 2427 παράσιτον
1002 2351 1123 2428 εἰσάγει
1157 2350 1397 2430 δυσχεραίνοντα
1432 2354 1472 2430 τῷ
1504 2348 1650 2431 τρίΦοντι
1677 2353 1726 2415 zai

538 2455 673 2535 λέγοντα
696 2456 789 2522 τάδε·

763 2564 851 2640 Ἐμοί
876 2573 1058 2645 παρασιτεῖν
1081 2572 1214 2645 κρεῖττον
1240 2561 1274 2637 ἦν
1297 2565 1338 2644 τῶ
1363 2562 1502 2643 Πιργάσιρ

763 2673 780 2747 ἢ
804 2678 865 2742 τοῖς
891 2671 1052 2751 Βορεάδαις
1077 2671 1094 2747 ἢ
1119 2669 1147 2736 εί
1168 2695 1198 2735 τι
1222 2672 1332 2735 ίοῖττον
1356 2671 1401 2736 ίτι
1425 2670 1539 2751 τρίχει,

764 2778 781 2853 ἣ
807 2777 919 2862 Δημέα
944 2779 1097 2860 Λάχητος
1119 2779 1365 2859 Ἐτεοβουτάδρ·

765 2883 895 2950 τίτεται
918 2885 980 2966 γάρ
1004 2882 1106 2958 οὗτοι·
1132 2887 1165 2951 οὐ
1189 2883 1309 2965 βαδίζει
1335 2886 1393 2957 τάς
1419 2883 1512 2958 tarde.

914 3084 1027 3142 ΠΡΟΣ
1051 3083 1354 3141 ΝΛΤΣΙΜΑΧΟΝ.

586 3241 605 3326 §
625 3238 644 3305 5
664 3262 695 3326 p.
721 3238 804 3307 986:
833 3236 909 3306 οὕτω
932 3241 1029 3307 τοίνυν
1053 3239 1212 3322 (τάλαι)
1238 3240 1289 3304 καί
1314 3240 1398 3315 μετά
1422 3242 1544 3305 πολλῶν
1568 3241 1726 3322 μαρτύριον

541 3353 597 3420 τοῖς
621 3348 760 3426 άφέσεως
784 3348 962 3425 γεγονυίας.
987 3348 1082 3414 Vides
1105 3347 1183 3434 quid
1206 3347 1369 3413 exciderit.

584 3554 602 3636 ᾖ
623 3552 643 3618 6
674 3574 705 3638 p.
731 3551 815 3617 986:
849 3554 900 3616 καί
928 3554 1088 3617 τάντιον
1112 3560 1171 3618 τῶν
1194 3553 1339 3629 τλείτων,
1363 3552 1430 3619 soil.
1455 3554 1727 3626 τετελευτναίτυν.

539 3657 621 3723 Sunt
651 3656 691 3724 G.
717 3658 759 3723 H.
792 3658 940 3725 Sohifero
965 3660 1105 3745 plerique
1136 3682 1231 3724 οιιιοιον
1260 3664 1292 3725 et
1315 3658 1448 3725 lectores
1472 3659 1618 3725 oonserre
1642 3661 1728 3725 iubet

542 3765 623 3830 Xan.
655 3763 773 3853 Oyrop.
799 3764 851 3829 Vl.
877 3765 983 3831 228:
1018 3767 1069 3829 καί
1102 3766 1144 3829 τά
1168 3766 1250 3844 ἑΦίά
1275 3765 1305 3829 δὲ
1330 3767 1437 3829 πάντα
1460 3767 1528 3842 μοί
1552 3763 1666 3837 ὕδατος
1691 3766 1728 3830 τά

543 3878 660 3939 τλεῑτα
692 3871 877 3950 acerbare»,
910 3894 967 3939 neo
999 3880 1105 3938 tamen
1135 3873 1194 3936 hoo
1217 3872 1360 3938 Dobraeo
1384 3873 1516 3958 probare
1539 3876 1651 3957 potuit
1675 3874 1726 3959 qui

543 4000 573 4064 p.
599 3977 665 4044 500
696 3977 867 4045 delendum
897 3982 1012 4046 statuit
1041 3979 1075 4043 id
1106 3979 1190 4064 quod
1222 3986 1288 4045 est:
1320 3986 1378 4043 τῶν
1402 3979 1544 4045 τλείτοον.
1570 3979 1728 4064 Equidem

543 4089 721 4173 corrigam:
745 4087 829 4161 μετά
854 4086 904 4150 τὸν
929 4087 1040 4150 ἐκείνου
1064 4086 1193 4151 θάνατον
1319 4086 1371 4152 καί
1397 4094 1452 4160 τῆς
1477 4086 1594 4149 ἑαυτῶν
1617 4085 1728 4167 μητρίς

644 4195 695 4256 καί
721 4193 881 4266 διαιτητῶν
902 4194 953 4256 καί
975 4193 1135 4273 μαρτιίροιν
1156 4193 1207 4257 καὶ
1229 4192 1401 4260 διααςῶν
1421 4198 1479 4256 τῶν
1499 4193 1647 4270 τλείςιον,
1670 4191 1728 4256 xri.

588 4396 670 4480 §10
702 4418 732 4482 p.
765 4395 848 4463 987:
886 4398 936 4460 καί
969 4399 1032 4475 γάρ
1062 4402 1168 4462 τοῦτον
1203 4396 1392 4476 ἔγραψαν
1426 4397 1468 4468 είς
1500 4397 1534 4461 τδ
1569 4394 1728 4475 ἔγκλημα.

543 4503 701 4588 Requiro:
726 4504 1033 4584 προσέγραψαν.

589 4707 667 4792 §11
690 4729 721 4792 p.
743 4704 819 4772 987.
845 4707 1083 4793 Supplendum:
1104 4707 1228 4785 μίγα-οι
1248 4708 1305 4783 μὲν
1323 4705 1373 4773 οὖν
1394 4710 1467 4787 ἡμῖν
1486 4707 1561 4773 είσιν
1585 4711 1731 4790 (αὐτοὶ)

546 4809 626 4878 οὗτοι
649 4813 811 4895 μάρτυρες.
