4525 5950
996 681 1132 730 ovmrus.
1585 664 1650 729 405

457 851 485 913 si
517 869 575 934 pro
605 852 691 913 certo
721 850 880 912 constaret
910 847 949 912 ab
980 848 1051 931 ipso
1081 868 1135 912 eos
1166 849 1360 932 compositos
1384 846 1499 913 Ouidio
1522 867 1585 911 non
1608 845 1655 926 (id

459 954 545 1039 quod
576 953 616 1018 de
645 951 808 1018 nonnullis
832 972 888 1038 pro
912 958 998 1018 certo
1021 954 1177 1032 sciamus)
1200 951 1330 1018 aliunde
1356 958 1505 1038 sumptos
1529 990 1571 1001 —
1596 954 1658 1038 pri-

457 1081 552 1125 mum
571 1058 610 1125 de
630 1057 739 1124 Ovidii
758 1061 792 1123 iu
811 1058 1120 1144 Metamorphosesin
1141 1059 1284 1124 fontibus
1303 1058 1474 1144 disputabo
1487 1060 1654 1145 quaedam.

457 1164 512 1231 Sic
535 1167 656 1250 optime
680 1164 845 1250 apparebit
868 1162 950 1228 illud
973 1163 1230 1229 adversariorum
1253 1171 1484 1251 argumentum
1505 1165 1657 1231 adversus

457 1291 565 1335 meam
597 1270 850 1354 disputationem
881 1267 987 1333 multu
1013 1271 1122 1334 minus
1146 1268 1253 1335 valere
1276 1290 1374 1355 quam
1397 1273 1503 1356 primo
1525 1275 1656 1356 aspectu

455 1376 616 1441 videatur.
634 1374 719 1441 Nam
731 1376 837 1461 primo
848 1380 978 1459 aspectu
990 1372 1073 1438 illud
1085 1395 1153 1440 esse
1165 1378 1400 1462 gravissimum
1411 1378 1547 1441 minime
1558 1396 1653 1461 nego.

505 1481 582 1547 Fuit
613 1502 692 1567 ergo
724 1482 963 1547 versatissimus
986 1482 1019 1544 iu
1038 1480 1127 1563 poesi
1150 1481 1266 1562 tropica
1289 1481 1433 1548 Ovidius.
1457 1481 1561 1562 Quam
1584 1503 1652 1548 rem

457 1587 539 1654 olim
571 1608 634 1652 uno
665 1587 831 1673 alteroque
861 1585 1018 1651 afferendo
1042 1585 1110 1651 loco
1133 1587 1200 1652 iam
1222 1587 1379 1653 indicavit
1402 1588 1596 1654 Ribbeokius
1619 1590 1654 1652 in

455 1692 675 1778 pulcherrimo
705 1691 787 1758 libro
819 1691 857 1756 de
880 1690 1025 1756 Romana
1050 1692 1234 1778 tragoedia,
1258 1714 1361 1779 nuper
1382 1714 1457 1760 vero
1480 1682 1666 1758 Ehwaldus'

455 1800 696 1864 accuratissime
728 1797 974 1882 doctissimeque
1005 1795 1185 1862 illustravit
1214 1802 1347 1886 egregio
1377 1798 1436 1864 illo
1468 1799 1507 1864 ad
1538 1797 1654 1864 illvm

455 1903 601 1969 Heroida
630 1905 859 1968 commentario
874 1901 909 1983 ¹).
945 1901 989 1967 ut
1018 1904 1090 1988 quis
1121 1905 1252 1969 omnino
1283 1903 1322 1969 de
1354 1905 1412 1970 hac
1442 1924 1477 1969 re
1508 1905 1655 1970 dubitare

456 2012 560 2096 possit
588 2030 665 2075 cum
695 2010 756 2074 sibi
780 2029 860 2094 quae
883 2007 923 2073 de
947 2007 1055 2074 Ovidii
1077 2009 1193 2075 Medea
1215 2014 1291 2074 sunt
1314 2010 1431 2077 tradita
1453 2013 1487 2075 in
1510 2015 1654 2077 mentem

455 2113 608 2181 revocet?
639 2114 718 2195 Quis
749 2136 811 2180 non
842 2121 977 2196 spectare
1007 2116 1069 2179 sibi
1093 2116 1235 2181 Procnen
1260 2115 1558 2202 Philomelamque,
1582 2119 1655 2202 quis

454 2243 521 2286 non
544 2223 696 2286 nuntium
721 2223 882 2307 tragicum
906 2221 945 2286 de
968 2226 1071 2286 morte
1093 2221 1253 2309 Meleagri
1273 2223 1508 2289 avunculorum
1528 2246 1654 2286 sarran-

456 2335 515 2392 tem
539 2328 647 2392 audire
670 2324 821 2394 videtur?

640 2432 749 2520 thue
771 2438 839 2499 erut
860 2435 1034 2519 impatiens
1057 2434 1141 2512 irae,
1166 2433 1274 2521 Sigeia
1299 2438 1391 2501 torvo

641 2538 751 2605 Litora
773 2541 914 2625 respexit
936 2536 1133 2624 classemque
1155 2541 1189 2603 in
1211 2538 1307 2606 litore
1329 2540 1440 2620 vultu,

639 2643 873 2730 Intendensque
895 2665 1008 2710 manus
1032 2665 1102 2729 eq.
1115 2666 1140 2710 s.

453 2751 587 2830 Talem,
619 2756 657 2816 ut
682 2754 803 2838 opinor,
828 2752 958 2816 Aiacem
982 2751 1200 2837 spectantibus
1222 2751 1412 2818 exhibuerat
1433 2754 1595 2818 Pacuvius
1617 2755 1652 2818 in

453 2860 613 2922 Armorum
635 2857 764 2922 Iudicio
788 2858 831 2922 Et
853 2857 936 2943 quod
960 2857 999 2923 de
1020 2855 1139 2944 Ulysse
1161 2859 1207 2922 sic
1228 2863 1337 2923 narrat
1358 2857 1509 2923 Ovidius:

1118 2962 1265 3030 Laertius
1288 2964 1381 3030 heros

638 3070 754 3135 Astitit
776 3074 872 3155 atque
896 3067 1006 3135 oculos
1028 3068 1164 3155 paulum
1188 3069 1305 3136 tellure
1328 3076 1468 3137 moratos

636 3173 779 3241 Sustulit
802 3175 841 3240 ad
864 3196 1008 3260 proceres
1031 3182 1277 3261 exspectatoque
1300 3176 1433 3244 resolvit

640 3280 703 3346 Ora
725 3302 801 3347 sono

452 3409 519 3453 non
543 3387 715 3453 Homerica
736 3385 795 3452 illa

639 3492 786 3557 ’στάσκεν
806 3491 881 3555 ὑπαὶ
903 3491 934 3556 dl
955 3491 1079 3556 'eliscus
1098 3492 1185 3557 κατὰ
1204 3493 1311 3575 χθονὸς
1330 3492 1465 3571 ὄμματα
1484 3492 1588 3570 πήξας

455 3605 509 3664 ct:
643 3600 718 3662 ἀλλ’
742 3594 793 3662 ὅτε
818 3597 853 3669 tu
876 3598 953 3663 νότοι
977 3621 1012 3662 τε
1035 3600 1184 3675 μεγάλην
1210 3600 1243 3663 ἐκ
1267 3600 1391 3673 στήθεος
1416 3597 1452 3665 l‘u

453 3710 582 3770 vertere
615 3703 754 3781 videtur,
785 3703 840 3768 sed
870 3706 976 3789 potius
1007 3703 1110 3769 redire
1144 3708 1177 3769 iu
1212 3708 1399 3771 memoriam
1432 3705 1558 3772 fabulae
1588 3708 1651 3772 sibi

453 3814 633 3895 spectatae,
657 3810 749 3873 cuius
773 3813 866 3894 poeta
887 3806 1042 3896 Ulyssem
1065 3830 1162 3875 suum
1182 3810 1222 3875 ad
1239 3831 1352 3876 versus
1369 3810 1444 3878 illos
1464 3812 1652 3879 Homericos

452 3914 758 3981 accommodaverit.

500 4021 551 4086 Ad
570 4020 720 4086 Medeam
734 4040 810 4085 vero
823 4020 906 4105 quod
919 4022 1049 4099 attinet,
1063 4041 1167 4086 nonne
1178 4022 1255 4087 haec
1267 4021 1411 4103 (Heroid.
1425 4023 1499 4102 XII,
1515 4023 1576 4090 181
1591 4032 1652 4111 sq.)

452 4128 618 4214 legentes:
676 4154 681 4166 ·

637 4233 724 4299 Dum
747 4235 869 4299 ferrum
891 4233 1103 4320 flammaeque
1126 4235 1261 4301 aderunt
1283 4258 1442 4323 sucusque
1464 4241 1593 4317 veneni,

683 4340 797 4406 Hostis
820 4339 953 4405 Medeae
975 4340 1085 4405 nullus
1107 4341 1232 4407 inultus
1255 4344 1318 4407 erit

449 4444 586 4512 eandem
620 4444 714 4512 illam
749 4448 954 4532 agnoscimus
988 4467 1086 4533 quam
1121 4447 1206 4532 apud
1240 4447 1428 4534 Euripidem
1463 4450 1649 4517 audivimus

451 4553 651 4617 minantem:

490 4718 516 4775 1)
539 4717 568 4767 It.
592 4716 699 4766 Ehwald.
722 4717 889 4782 Exegeiiscber
907 4719 1065 4769 Kommentar
1080 4735 1123 4770 xur
1141 4720 1199 4770 xlv
1217 4720 1322 4771 Heroide
1338 4721 1414 4771 Ovide
1431 4722 1511 4772 (iotha
1528 4723 1593 4773 1⁹00
1612 4723 1649 4789 (iu
1735 4708 1744 4722 ⁰

454 4799 638 4862 Programmsta
654 4799 778 4862 Gymnuii
794 4798 938 4865 Ernestini).
