<?xml version="1.0" encoding="UTF-8"?>
<!DOCTYPE html PUBLIC "-//W3C//DTD XHTML 1.0 Transitional//EN"
    "http://www.w3.org/TR/xhtml1/DTD/xhtml1-transitional.dtd">
<html xmlns="http://www.w3.org/1999/xhtml" xml:lang="en" lang="en">
 <head>
  <title>
</title>
<meta http-equiv="Content-Type" content="text/html;charset=utf-8" />
  <meta name='ocr-system' content='tesseract 3.04.00' />
  <meta name='ocr-capabilities' content='ocr_page ocr_carea ocr_par ocr_line ocrx_word'/>
</head>
<body>
  <div class='ocr_page' id='page_1' title='image "./mnemosyne07verdgoog_0039.png"; bbox 0 0 4525 5950; ppageno 0'>
   <div class='ocr_carea' id='block_1_1' title="bbox 538 676 1216 742">
    <p class='ocr_par' dir='ltr' id='par_1_1' title="bbox 538 676 1216 742">
     <span class='ocr_line' id='line_1_1' title="bbox 538 676 1216 742; baseline 0.012 -8"><span class='ocrx_word' id='word_1_1' title='bbox 538 676 581 742; x_wconf 80' lang='lat'><strong>24</strong></span> <span class='ocrx_word' id='word_1_2' title='bbox 1042 694 1216 742; x_wconf 71' lang='lat' dir='ltr'><strong>assumor.</strong></span> 
     </span>
    </p>
   </div>
   <div class='ocr_carea' id='block_1_2' title="bbox 533 858 1729 1262">
    <p class='ocr_par' dir='ltr' id='par_1_2' title="bbox 535 858 1729 1050">
     <span class='ocr_line' id='line_1_2' title="bbox 535 858 1729 945; baseline 0 -22"><span class='ocrx_word' id='word_1_3' title='bbox 535 866 570 923; x_wconf 80' lang='lat' dir='ltr'><strong>ut</strong></span> <span class='ocrx_word' id='word_1_4' title='bbox 585 859 676 943; x_wconf 77' lang='lat' dir='ltr'><strong>sclao</strong></span> <span class='ocrx_word' id='word_1_5' title='bbox 699 858 832 936; x_wconf 80' lang='lat' dir='ltr'><strong>dicebat,</strong></span> <span class='ocrx_word' id='word_1_6' title='bbox 857 859 1019 923; x_wconf 76' lang='lat' dir='ltr'><strong>mercandi</strong></span> <span class='ocrx_word' id='word_1_7' title='bbox 1042 878 1154 938; x_wconf 85' lang='lat' dir='ltr'><strong>cansa,</strong></span> <span class='ocrx_word' id='word_1_8' title='bbox 1180 858 1234 923; x_wconf 90' lang='lat' dir='ltr'><strong>aed</strong></span> <span class='ocrx_word' id='word_1_9' title='bbox 1257 879 1291 923; x_wconf 90' lang='lat' dir='ltr'><strong>re</strong></span> <span class='ocrx_word' id='word_1_10' title='bbox 1314 879 1390 924; x_wconf 87' lang='lat' dir='ltr'><strong>vera</strong></span> <span class='ocrx_word' id='word_1_11' title='bbox 1413 865 1450 924; x_wconf 91' lang='lat' dir='ltr'><strong>ut</strong></span> <span class='ocrx_word' id='word_1_12' title='bbox 1467 861 1577 945; x_wconf 89' lang='lat' dir='ltr'><strong>ipsum</strong></span> <span class='ocrx_word' id='word_1_13' title='bbox 1597 879 1729 945; x_wconf 78' lang='lat' dir='ltr'><strong>peregre</strong></span> 
     </span>
     <span class='ocr_line' id='line_1_3' title="bbox 535 963 1501 1050; baseline -0.001 -20"><span class='ocrx_word' id='word_1_14' title='bbox 535 965 758 1031; x_wconf 83' lang='lat' dir='ltr'><strong>venumdaret.</strong></span> <span class='ocrx_word' id='word_1_15' title='bbox 782 963 885 1044; x_wconf 78' lang='lat' dir='ltr'><strong>Quare</strong></span> <span class='ocrx_word' id='word_1_16' title='bbox 909 969 1110 1050; x_wconf 87' lang='lat' dir='ltr'><strong>exspectatur</strong></span> <span class='ocrx_word' id='word_1_17' title='bbox 1134 963 1256 1050; x_wconf 91' lang='lat' dir='ltr'><strong>aliquid</strong></span> <span class='ocrx_word' id='word_1_18' title='bbox 1278 964 1501 1031; x_wconf 89' lang='lat' dir='ltr'><strong>huiuscemodi</strong></span> 
     </span>
    </p>

    <p class='ocr_par' dir='ltr' id='par_1_3' title="bbox 533 1069 1637 1262">
     <span class='ocr_line' id='line_1_4' title="bbox 715 1069 1305 1149; baseline 0 -15"><span class='ocrx_word' id='word_1_19' title='bbox 715 1071 764 1141; x_wconf 78' lang='grc' dir='ltr'><strong>ὥς</strong></span> <span class='ocrx_word' id='word_1_20' title='bbox 788 1077 844 1149; x_wconf 75' lang='grc' dir='ltr'><strong>φῆ</strong></span> <span class='ocrx_word' id='word_1_21' title='bbox 869 1069 1141 1148; x_wconf 79' lang='grc' dir='ltr'><strong><em>ψενδθμενος,</em></strong></span> <span class='ocrx_word' id='word_1_22' title='bbox 1167 1069 1216 1135; x_wconf 79' lang='grc' dir='ltr'><strong>θνα</strong></span> <span class='ocrx_word' id='word_1_23' title='bbox 1240 1070 1305 1135; x_wconf 80' lang='grc' dir='ltr'><strong>κτὲ.</strong></span> 
     </span>
     <span class='ocr_line' id='line_1_5' title="bbox 533 1174 1637 1262; baseline 0 -22"><span class='ocrx_word' id='word_1_24' title='bbox 533 1174 595 1241; x_wconf 81' lang='lat' dir='ltr'><strong>Sed</strong></span> <span class='ocrx_word' id='word_1_25' title='bbox 618 1175 767 1240; x_wconf 88' lang='lat' dir='ltr'><strong>dictionis</strong></span> <span class='ocrx_word' id='word_1_26' title='bbox 790 1176 967 1241; x_wconf 79' lang='lat' dir='ltr'>obscuritas</span> <span class='ocrx_word' id='word_1_27' title='bbox 990 1175 1121 1241; x_wconf 84' lang='lat' dir='ltr'><strong>fortasse</strong></span> <span class='ocrx_word' id='word_1_28' title='bbox 1143 1177 1207 1260; x_wconf 91' lang='lat' dir='ltr'><strong>ipsi</strong></span> <span class='ocrx_word' id='word_1_29' title='bbox 1230 1180 1341 1262; x_wconf 87' lang='lat' dir='ltr'><strong>poetae</strong></span> <span class='ocrx_word' id='word_1_30' title='bbox 1364 1175 1555 1261; x_wconf 90' lang='lat' dir='ltr'><strong>imputanda</strong></span> <span class='ocrx_word' id='word_1_31' title='bbox 1578 1182 1637 1242; x_wconf 90' lang='lat' dir='ltr'><strong>est.</strong></span> 
     </span>
    </p>
   </div>
   <div class='ocr_carea' id='block_1_3' title="bbox 533 1496 1733 2205">
    <p class='ocr_par' dir='ltr' id='par_1_4' title="bbox 533 1496 1733 2205">
     <span class='ocr_line' id='line_1_6' title="bbox 716 1496 1615 1579; baseline 0 -16"><span class='ocrx_word' id='word_1_32' title='bbox 716 1498 874 1577; x_wconf 73' lang='grc' dir='ltr'><strong><em>πνννλθς,</em></strong></span> <span class='ocrx_word' id='word_1_33' title='bbox 899 1500 999 1579; x_wconf 82' lang='grc' dir='ltr'><strong><em>αὐτάρ</em></strong></span> <span class='ocrx_word' id='word_1_34' title='bbox 1023 1496 1131 1577; x_wconf 81' lang='grc' dir='ltr'><strong><em>ὕπερθε</em></strong></span> <span class='ocrx_word' id='word_1_35' title='bbox 1154 1500 1231 1579; x_wconf 80' lang='grc' dir='ltr'><strong><em>χιὼν</em></strong></span> <span class='ocrx_word' id='word_1_36' title='bbox 1255 1499 1358 1576; x_wconf 72' lang='grc' dir='ltr'><strong><em>γένετ’</em></strong></span> <span class='ocrx_word' id='word_1_37' title='bbox 1382 1501 1455 1574; x_wconf 73' lang='grc' dir='ltr'><strong><em>ἦν’τε</em></strong></span> <span class='ocrx_word' id='word_1_38' title='bbox 1480 1499 1615 1578; x_wconf 77' lang='grc' dir='ltr'><strong><em>λάχνη</em></strong></span> 
     </span>
     <span class='ocr_line' id='line_1_7' title="bbox 715 1603 1572 1684; baseline 0.004 -16"><span class='ocrx_word' id='word_1_39' title='bbox 715 1606 872 1684; x_wconf 74' lang='grc' dir='ltr'><strong><em>ψυχρή,</em></strong></span> <span class='ocrx_word' id='word_1_40' title='bbox 898 1604 949 1667; x_wconf 73' lang='grc' dir='ltr'><strong>καὶ</strong></span> <span class='ocrx_word' id='word_1_41' title='bbox 973 1604 1118 1668; x_wconf 75' lang='grc' dir='ltr'><strong>σακέεσσι</strong></span> <span class='ocrx_word' id='word_1_42' title='bbox 1144 1603 1345 1684; x_wconf 75' lang='grc' dir='ltr'><strong><em>περιτρέφετο</em></strong></span> <span class='ocrx_word' id='word_1_43' title='bbox 1368 1605 1572 1682; x_wconf 81' lang='grc' dir='ltr'><strong><em>κρύσταλλος.</em></strong></span> 
     </span>
     <span class='ocr_line' id='line_1_8' title="bbox 533 1708 1733 1798; baseline 0.004 -24"><span class='ocrx_word' id='word_1_44' title='bbox 533 1709 637 1789; x_wconf 81' lang='lat' dir='ltr'><strong>Quam</strong></span> <span class='ocrx_word' id='word_1_45' title='bbox 669 1716 743 1795; x_wconf 92' lang='lat' dir='ltr'><strong>apta</strong></span> <span class='ocrx_word' id='word_1_46' title='bbox 775 1714 824 1774; x_wconf 91' lang='lat' dir='ltr'><strong>est</strong></span> <span class='ocrx_word' id='word_1_47' title='bbox 846 1709 964 1775; x_wconf 89' lang='lat' dir='ltr'><strong>Naberi</strong></span> <span class='ocrx_word' id='word_1_48' title='bbox 988 1708 1169 1774; x_wconf 82' lang='lat' dir='ltr'><strong>emendatio</strong></span> <span class='ocrx_word' id='word_1_49' title='bbox 1192 1731 1249 1795; x_wconf 91' lang='lat' dir='ltr'><strong>pro</strong></span> <span class='ocrx_word' id='word_1_50' title='bbox 1273 1709 1397 1788; x_wconf 83' lang='grc' dir='ltr'><strong><em>λάχνν,</em></strong></span> <span class='ocrx_word' id='word_1_51' title='bbox 1422 1712 1537 1775; x_wconf 88' lang='lat' dir='ltr'><strong>merito</strong></span> <span class='ocrx_word' id='word_1_52' title='bbox 1560 1717 1690 1798; x_wconf 88' lang='lat' dir='ltr'><strong>recepta</strong></span> <span class='ocrx_word' id='word_1_53' title='bbox 1714 1736 1733 1779; x_wconf 94' lang='lat' dir='ltr'><strong>a</strong></span> 
     </span>
     <span class='ocr_line' id='line_1_9' title="bbox 533 1813 1733 1903; baseline 0.004 -24"><span class='ocrx_word' id='word_1_54' title='bbox 533 1815 821 1901; x_wconf 83' lang='lat' dir='ltr'><strong>Lugdunensibus,</strong></span> <span class='ocrx_word' id='word_1_55' title='bbox 845 1823 913 1879; x_wconf 92' lang='lat' dir='ltr'><strong>tam</strong></span> <span class='ocrx_word' id='word_1_56' title='bbox 935 1813 1051 1880; x_wconf 80' lang='lat' dir='ltr'><strong>infelix</strong></span> <span class='ocrx_word' id='word_1_57' title='bbox 1074 1819 1123 1879; x_wconf 91' lang='lat' dir='ltr'><strong>est</strong></span> <span class='ocrx_word' id='word_1_58' title='bbox 1146 1814 1290 1879; x_wconf 91' lang='lat' dir='ltr'><strong>eiusdem</strong></span> <span class='ocrx_word' id='word_1_59' title='bbox 1310 1818 1493 1880; x_wconf 89' lang='lat' dir='ltr'><strong>coniectura</strong></span> <span class='ocrx_word' id='word_1_60' title='bbox 1511 1815 1624 1894; x_wconf 77' lang='grc' dir='ltr'><strong><em>ψεδνιὶ,</em></strong></span> <span class='ocrx_word' id='word_1_61' title='bbox 1644 1818 1733 1903; x_wconf 92' lang='lat' dir='ltr'><strong>quod</strong></span> 
     </span>
     <span class='ocr_line' id='line_1_10' title="bbox 533 1919 1733 2007; baseline 0.003 -23"><span class='ocrx_word' id='word_1_62' title='bbox 533 1944 606 1984; x_wconf 84' lang='grc' dir='ltr'><strong><em>ιαισ</em></strong></span> <span class='ocrx_word' id='word_1_63' title='bbox 637 1920 821 2007; x_wconf 81' lang='lat' dir='ltr'><strong>significans</strong></span> <span class='ocrx_word' id='word_1_64' title='bbox 850 1942 913 1986; x_wconf 94' lang='lat' dir='ltr'><strong>non</strong></span> <span class='ocrx_word' id='word_1_65' title='bbox 945 1925 994 1985; x_wconf 88' lang='lat' dir='ltr'><strong>est</strong></span> <span class='ocrx_word' id='word_1_66' title='bbox 1024 1921 1121 1985; x_wconf 91' lang='lat' dir='ltr'><strong>huius</strong></span> <span class='ocrx_word' id='word_1_67' title='bbox 1152 1919 1230 2003; x_wconf 89' lang='lat' dir='ltr'><strong>loci,</strong></span> <span class='ocrx_word' id='word_1_68' title='bbox 1263 1922 1320 2004; x_wconf 92' lang='lat' dir='ltr'><strong>qui</strong></span> <span class='ocrx_word' id='word_1_69' title='bbox 1343 1920 1513 1986; x_wconf 85' lang='lat' dir='ltr'><strong>manifeste</strong></span> <span class='ocrx_word' id='word_1_70' title='bbox 1535 1925 1733 1988; x_wconf 89' lang='lat' dir='ltr'><strong>contrariam</strong></span> 
     </span>
     <span class='ocr_line' id='line_1_11' title="bbox 534 2023 1733 2111; baseline 0.003 -20"><span class='ocrx_word' id='word_1_71' title='bbox 534 2029 698 2091; x_wconf 87' lang='lat' dir='ltr'><strong>notionem</strong></span> <span class='ocrx_word' id='word_1_72' title='bbox 728 2028 838 2104; x_wconf 78' lang='lat' dir='ltr'><strong>denec,</strong></span> <span class='ocrx_word' id='word_1_73' title='bbox 873 2026 972 2109; x_wconf 72' lang='lat' dir='ltr'><strong>episto</strong></span> <span class='ocrx_word' id='word_1_74' title='bbox 1002 2023 1154 2111; x_wconf 88' lang='lat' dir='ltr'><strong>postulat.</strong></span> <span class='ocrx_word' id='word_1_75' title='bbox 1191 2024 1392 2111; x_wconf 78' lang='lat' dir='ltr'><strong>Quapropter</strong></span> <span class='ocrx_word' id='word_1_76' title='bbox 1420 2029 1526 2092; x_wconf 91' lang='lat' dir='ltr'><strong>nescio</strong></span> <span class='ocrx_word' id='word_1_77' title='bbox 1557 2048 1597 2092; x_wconf 89' lang='lat' dir='ltr'><strong>an</strong></span> <span class='ocrx_word' id='word_1_78' title='bbox 1629 2027 1733 2094; x_wconf 87' lang='lat' dir='ltr'><strong>lateat</strong></span> 
     </span>
     <span class='ocr_line' id='line_1_12' title="bbox 536 2133 674 2205; baseline 0.014 -11"><span class='ocrx_word' id='word_1_79' title='bbox 536 2133 674 2205; x_wconf 73' lang='grc' dir='ltr'><strong><em>πυκνή.</em></strong></span> 
     </span>
    </p>
   </div>
   <div class='ocr_carea' id='block_1_4' title="bbox 533 2327 1733 2839">
    <p class='ocr_par' dir='ltr' id='par_1_5' title="bbox 533 2327 1733 2839">
     <span class='ocr_line' id='line_1_13' title="bbox 579 2327 1546 2413; baseline 0.004 -17"><span class='ocrx_word' id='word_1_80' title='bbox 579 2330 684 2410; x_wconf 80' lang='grc' dir='ltr'><strong><em>ρ235.</em></strong></span> <span class='ocrx_word' id='word_1_81' title='bbox 1048 2327 1062 2396; x_wconf 83' lang='grc' dir='ltr'><strong><em>θ</em></strong></span> <span class='ocrx_word' id='word_1_82' title='bbox 1087 2332 1113 2397; x_wconf 90' lang='grc' dir='ltr'><strong>δ’</strong></span> <span class='ocrx_word' id='word_1_83' title='bbox 1138 2332 1336 2411; x_wconf 75' lang='grc' dir='ltr'><strong><em>θμερμιὶριξεν</em></strong></span> <span class='ocrx_word' id='word_1_84' title='bbox 1361 2333 1546 2413; x_wconf 74' lang='grc' dir='ltr'><strong><em>Ὀδυσσεύς,</em></strong></span> 
     </span>
     <span class='ocr_line' id='line_1_14' title="bbox 715 2436 1393 2517; baseline 0.003 -16"><span class='ocrx_word' id='word_1_85' title='bbox 715 2438 747 2512; x_wconf 73' lang='grc' dir='ltr'><strong>ἥδ</strong></span> <span class='ocrx_word' id='word_1_86' title='bbox 771 2436 928 2513; x_wconf 74' lang='grc' dir='ltr'><strong>μεταΐξας</strong></span> <span class='ocrx_word' id='word_1_87' title='bbox 952 2437 1075 2517; x_wconf 80' lang='grc' dir='ltr'><strong><em>ῥοπάλῳ</em></strong></span> <span class='ocrx_word' id='word_1_88' title='bbox 1100 2438 1134 2501; x_wconf 74' lang='grc' dir='ltr'><strong>ἐκ</strong></span> <span class='ocrx_word' id='word_1_89' title='bbox 1158 2439 1250 2513; x_wconf 85' lang='grc' dir='ltr'><strong><em>θνμθν</em></strong></span> <span class='ocrx_word' id='word_1_90' title='bbox 1275 2436 1393 2517; x_wconf 80' lang='grc' dir='ltr'><strong><em>ἕλοιτο,</em></strong></span> 
     </span>
     <span class='ocr_line' id='line_1_15' title="bbox 716 2541 1522 2622; baseline 0.006 -16"><span class='ocrx_word' id='word_1_91' title='bbox 716 2542 733 2618; x_wconf 77' lang='grc' dir='ltr'><strong><em>ἣ</em></strong></span> <span class='ocrx_word' id='word_1_92' title='bbox 759 2567 783 2606; x_wconf 92' lang='grc' dir='ltr'><strong><em>π</em></strong></span> <span class='ocrx_word' id='word_1_93' title='bbox 792 2543 853 2621; x_wconf 78' lang='grc' dir='ltr'><strong>ρθς</strong></span> <span class='ocrx_word' id='word_1_94' title='bbox 878 2550 954 2619; x_wconf 72' lang='grc' dir='ltr'><strong>γῆν</strong></span> <span class='ocrx_word' id='word_1_95' title='bbox 977 2541 1100 2606; x_wconf 78' lang='grc' dir='ltr'><strong><em>ἐλάσειε</em></strong></span> <span class='ocrx_word' id='word_1_96' title='bbox 1125 2544 1201 2622; x_wconf 84' lang='grc' dir='ltr'><strong><em>κάρν</em></strong></span> <span class='ocrx_word' id='word_1_97' title='bbox 1226 2543 1382 2621; x_wconf 76' lang='grc' dir='ltr'><strong><em>άμΦονδὶς</em></strong></span> <span class='ocrx_word' id='word_1_98' title='bbox 1406 2543 1522 2621; x_wconf 79' lang='grc' dir='ltr'><strong><em>άεθρατ.</em></strong></span> 
     </span>
     <span class='ocr_line' id='line_1_16' title="bbox 533 2646 1733 2740; baseline 0.008 -28"><span class='ocrx_word' id='word_1_99' title='bbox 533 2646 687 2733; x_wconf 76' lang='lat' dir='ltr'><strong>Suspecta</strong></span> <span class='ocrx_word' id='word_1_100' title='bbox 718 2648 771 2713; x_wconf 90' lang='lat' dir='ltr'><strong>hic</strong></span> <span class='ocrx_word' id='word_1_101' title='bbox 800 2654 832 2713; x_wconf 90' lang='lat' dir='ltr'><strong>et</strong></span> <span class='ocrx_word' id='word_1_102' title='bbox 855 2647 934 2713; x_wconf 89' lang='lat' dir='ltr'><strong>alibi</strong></span> <span class='ocrx_word' id='word_1_103' title='bbox 957 2651 991 2713; x_wconf 91' lang='lat' dir='ltr'><strong>in</strong></span> <span class='ocrx_word' id='word_1_104' title='bbox 1013 2648 1195 2714; x_wconf 83' lang='lat' dir='ltr'><strong>Homericis</strong></span> <span class='ocrx_word' id='word_1_105' title='bbox 1217 2650 1319 2714; x_wconf 88' lang='lat' dir='ltr'><strong>forma</strong></span> <span class='ocrx_word' id='word_1_106' title='bbox 1343 2652 1467 2716; x_wconf 86' lang='lat' dir='ltr'><strong>novicia</strong></span> <span class='ocrx_word' id='word_1_107' title='bbox 1490 2659 1532 2729; x_wconf 75' lang='lat' dir='ltr'><strong>ai</strong></span> <span class='ocrx_word' id='word_1_108' title='bbox 1558 2672 1614 2737; x_wconf 91' lang='lat' dir='ltr'><strong>pro</strong></span> <span class='ocrx_word' id='word_1_109' title='bbox 1639 2657 1733 2740; x_wconf 90' lang='lat' dir='ltr'><strong>epica</strong></span> 
     </span>
     <span class='ocr_line' id='line_1_17' title="bbox 535 2740 1702 2839; baseline 0.006 -22"><span class='ocrx_word' id='word_1_110' title='bbox 535 2761 627 2829; x_wconf 74' lang='grc' dir='ltr'><strong><em>γαΐα.</em></strong></span> <span class='ocrx_word' id='word_1_111' title='bbox 653 2753 739 2819; x_wconf 85' lang='lat' dir='ltr'><strong>Fieri</strong></span> <span class='ocrx_word' id='word_1_112' title='bbox 762 2758 867 2839; x_wconf 88' lang='lat' dir='ltr'><strong>potest</strong></span> <span class='ocrx_word' id='word_1_113' title='bbox 890 2760 928 2818; x_wconf 90' lang='lat' dir='ltr'><strong>ut</strong></span> <span class='ocrx_word' id='word_1_114' title='bbox 950 2740 1103 2839; x_wconf 83' lang='lat' dir='ltr'><strong>primitus</strong></span> <span class='ocrx_word' id='word_1_115' title='bbox 1124 2754 1224 2820; x_wconf 84' lang='lat' dir='ltr'><strong>fucrit</strong></span> <span class='ocrx_word' id='word_1_116' title='bbox 1247 2756 1285 2828; x_wconf 73' lang='grc' dir='ltr'><strong>ἠὲ</strong></span> <span class='ocrx_word' id='word_1_117' title='bbox 1311 2755 1463 2820; x_wconf 74' lang='grc' dir='ltr'><strong><em>πέδονδ·</em></strong></span> <span class='ocrx_word' id='word_1_118' title='bbox 1488 2756 1610 2822; x_wconf 73' lang='grc' dir='ltr'><strong><em>ἐλάσειε</em></strong></span> <span class='ocrx_word' id='word_1_119' title='bbox 1635 2761 1702 2824; x_wconf 83' lang='grc' dir='ltr'><strong>κπὲ.</strong></span> 
     </span>
    </p>
   </div>
   <div class='ocr_carea' id='block_1_5' title="bbox 532 2969 1731 3479">
    <p class='ocr_par' dir='ltr' id='par_1_6' title="bbox 532 2969 1731 3479">
     <span class='ocr_line' id='line_1_18' title="bbox 578 2969 1455 3051; baseline 0.002 -16"><span class='ocrx_word' id='word_1_120' title='bbox 578 2969 682 3051; x_wconf 87' lang='grc' dir='ltr'><strong><em>ρ384.</em></strong></span> <span class='ocrx_word' id='word_1_121' title='bbox 715 2971 826 3046; x_wconf 90' lang='grc' dir='ltr'><strong><em>μάντιν</em></strong></span> <span class='ocrx_word' id='word_1_122' title='bbox 852 2970 868 3046; x_wconf 73' lang='grc' dir='ltr'><strong><em>ἢ</em></strong></span> <span class='ocrx_word' id='word_1_123' title='bbox 894 2970 1003 3048; x_wconf 77' lang='grc' dir='ltr'><strong><em>θντῆρα</em></strong></span> <span class='ocrx_word' id='word_1_124' title='bbox 1029 2978 1128 3036; x_wconf 79' lang='grc' dir='ltr'><strong><em>κακῶν</em></strong></span> <span class='ocrx_word' id='word_1_125' title='bbox 1153 2970 1170 3046; x_wconf 75' lang='grc' dir='ltr'>ἢ</span> <span class='ocrx_word' id='word_1_126' title='bbox 1195 2971 1326 3037; x_wconf 69' lang='grc' dir='ltr'><strong><em>τέκτονα</em></strong></span> <span class='ocrx_word' id='word_1_127' title='bbox 1349 2972 1455 3050; x_wconf 78' lang='grc' dir='ltr'><strong><em>δούρων</em></strong></span> 
     </span>
     <span class='ocr_line' id='line_1_19' title="bbox 714 3074 1575 3157; baseline 0.007 -18"><span class='ocrx_word' id='word_1_128' title='bbox 714 3076 809 3150; x_wconf 65' lang='lat' dir='ltr'><strong>dccl</strong></span> <span class='ocrx_word' id='word_1_129' title='bbox 834 3077 977 3140; x_wconf 75' lang='grc' dir='ltr'><strong><em>θέσπιν</em></strong></span> <span class='ocrx_word' id='word_1_130' title='bbox 1000 3076 1153 3155; x_wconf 87' lang='grc' dir='ltr'><strong><em>άοιδθν,</em></strong></span> <span class='ocrx_word' id='word_1_131' title='bbox 1178 3074 1267 3143; x_wconf 81' lang='grc' dir='ltr'><strong><em>άκεν</em></strong></span> <span class='ocrx_word' id='word_1_132' title='bbox 1291 3079 1434 3157; x_wconf 66' lang='grc' dir='ltr'><strong><em>τέρπῃσιν</em></strong></span> <span class='ocrx_word' id='word_1_133' title='bbox 1459 3080 1575 3147; x_wconf 83' lang='grc' dir='ltr'><strong><em>άεθδων.</em></strong></span> 
     </span>
     <span class='ocr_line' id='line_1_20' title="bbox 532 3179 1731 3268; baseline 0.005 -21"><span class='ocrx_word' id='word_1_134' title='bbox 532 3181 607 3247; x_wconf 90' lang='lat' dir='ltr'><strong>Huc</strong></span> <span class='ocrx_word' id='word_1_135' title='bbox 631 3179 814 3247; x_wconf 86' lang='lat' dir='ltr'><strong>rettulerim</strong></span> <span class='ocrx_word' id='word_1_136' title='bbox 837 3180 995 3268; x_wconf 86' lang='lat' dir='ltr'><strong>Hesychii</strong></span> <span class='ocrx_word' id='word_1_137' title='bbox 1018 3180 1161 3268; x_wconf 81' lang='lat' dir='ltr'><strong>glossam</strong></span> <span class='ocrx_word' id='word_1_138' title='bbox 1185 3184 1464 3256; x_wconf 60' lang='lat' dir='ltr'><strong>destrictius·</strong></span> <span class='ocrx_word' id='word_1_139' title='bbox 1490 3187 1628 3265; x_wconf 74' lang='grc' dir='ltr'><strong><em>ποιητής,</em></strong></span> <span class='ocrx_word' id='word_1_140' title='bbox 1648 3186 1731 3254; x_wconf 86' lang='lat' dir='ltr'><strong>levi-</strong></span> 
     </span>
     <span class='ocr_line' id='line_1_21' title="bbox 532 3287 1730 3379; baseline 0.008 -28"><span class='ocrx_word' id='word_1_141' title='bbox 532 3294 581 3352; x_wconf 90' lang='lat' dir='ltr'><strong>ter</strong></span> <span class='ocrx_word' id='word_1_142' title='bbox 612 3287 817 3373; x_wconf 87' lang='lat' dir='ltr'><strong>depravatam</strong></span> <span class='ocrx_word' id='word_1_143' title='bbox 847 3308 886 3353; x_wconf 83' lang='lat' dir='ltr'><strong>sx</strong></span> <span class='ocrx_word' id='word_1_144' title='bbox 918 3288 1103 3364; x_wconf 75' lang='grc' dir='ltr'><strong><em>θέσπκς)</em></strong></span> <span class='ocrx_word' id='word_1_145' title='bbox 1136 3288 1281 3361; x_wconf 82' lang='grc' dir='ltr'><strong><em>άοιδάς.</em></strong></span> <span class='ocrx_word' id='word_1_146' title='bbox 1317 3290 1406 3356; x_wconf 91' lang='lat' dir='ltr'><strong>Num</strong></span> <span class='ocrx_word' id='word_1_147' title='bbox 1437 3293 1524 3356; x_wconf 89' lang='lat' dir='ltr'><strong>enim</strong></span> <span class='ocrx_word' id='word_1_148' title='bbox 1555 3296 1730 3379; x_wconf 92' lang='lat' dir='ltr'><strong>quisquam</strong></span> 
     </span>
     <span class='ocr_line' id='line_1_22' title="bbox 532 3393 1502 3479; baseline 0.002 -20"><span class='ocrx_word' id='word_1_149' title='bbox 532 3401 660 3478; x_wconf 87' lang='lat' dir='ltr'><strong>poetam</strong></span> <span class='ocrx_word' id='word_1_150' title='bbox 683 3393 869 3458; x_wconf 85' lang='grc' dir='ltr'><strong><em>θεσπιάοιδον</em></strong></span> <span class='ocrx_word' id='word_1_151' title='bbox 893 3414 1005 3459; x_wconf 86' lang='lat' dir='ltr'><strong>vocare</strong></span> <span class='ocrx_word' id='word_1_152' title='bbox 1028 3396 1187 3479; x_wconf 86' lang='lat' dir='ltr'><strong>potuerit,</strong></span> <span class='ocrx_word' id='word_1_153' title='bbox 1212 3394 1355 3460; x_wconf 89' lang='lat' dir='ltr'><strong>multum</strong></span> <span class='ocrx_word' id='word_1_154' title='bbox 1379 3396 1502 3462; x_wconf 84' lang='lat' dir='ltr'><strong>dubito.</strong></span> 
     </span>
    </p>
   </div>
   <div class='ocr_carea' id='block_1_6' title="bbox 531 3613 1730 4525">
    <p class='ocr_par' dir='ltr' id='par_1_7' title="bbox 531 3613 1730 4525">
     <span class='ocr_line' id='line_1_23' title="bbox 580 3613 1483 3699; baseline 0.002 -20"><span class='ocrx_word' id='word_1_155' title='bbox 580 3615 666 3681; x_wconf 88' lang='grc' dir='ltr'><strong><em>σ84.</em></strong></span> <span class='ocrx_word' id='word_1_156' title='bbox 720 3615 836 3691; x_wconf 73' lang='grc' dir='ltr'><strong><em>πέμψω</em></strong></span> <span class='ocrx_word' id='word_1_157' title='bbox 861 3617 889 3678; x_wconf 83' lang='grc' dir='ltr'><strong>π’</strong></span> <span class='ocrx_word' id='word_1_158' title='bbox 914 3613 1065 3691; x_wconf 76' lang='grc' dir='ltr'><strong><em>ἦπειρθνδε</em></strong></span> <span class='ocrx_word' id='word_1_159' title='bbox 1090 3614 1198 3691; x_wconf 77' lang='grc' dir='ltr'><strong><em>βαλὼν</em></strong></span> <span class='ocrx_word' id='word_1_160' title='bbox 1224 3616 1254 3678; x_wconf 83' lang='grc' dir='ltr'><strong>ἐν</strong></span> <span class='ocrx_word' id='word_1_161' title='bbox 1279 3616 1323 3690; x_wconf 78' lang='grc' dir='ltr'><strong><em>νιν)</em></strong></span> <span class='ocrx_word' id='word_1_162' title='bbox 1349 3618 1483 3699; x_wconf 67' lang='grc' dir='ltr'><strong><em>μελαθνν</em></strong></span> 
     </span>
     <span class='ocr_line' id='line_1_24' title="bbox 714 3720 1578 3800; baseline 0.001 -15"><span class='ocrx_word' id='word_1_163' title='bbox 714 3722 757 3790; x_wconf 74' lang='grc' dir='ltr'><strong><em>εἷς</em></strong></span> <span class='ocrx_word' id='word_1_164' title='bbox 778 3720 915 3799; x_wconf 81' lang='grc' dir='ltr'><strong><em>Ἔχετον</em></strong></span> <span class='ocrx_word' id='word_1_165' title='bbox 937 3720 1097 3798; x_wconf 69' lang='grc' dir='ltr'><strong><em>βασιλῆα,</em></strong></span> <span class='ocrx_word' id='word_1_166' title='bbox 1122 3720 1237 3798; x_wconf 78' lang='grc' dir='ltr'><strong><em>βροτῶν</em></strong></span> <span class='ocrx_word' id='word_1_167' title='bbox 1262 3721 1419 3798; x_wconf 75' lang='grc' dir='ltr'><strong><em>δνλιὶμονα</em></strong></span> <span class='ocrx_word' id='word_1_168' title='bbox 1443 3721 1578 3800; x_wconf 79' lang='grc' dir='ltr'><strong><em>πάντων,</em></strong></span> 
     </span>
     <span class='ocr_line' id='line_1_25' title="bbox 714 3818 1559 3907; baseline 0 -15"><span class='ocrx_word' id='word_1_169' title='bbox 714 3824 745 3899; x_wconf 75' lang='lat' dir='ltr'><strong>dc</strong></span> <span class='ocrx_word' id='word_1_170' title='bbox 770 3828 798 3889; x_wconf 89' lang='grc' dir='ltr'><strong>κ’</strong></span> <span class='ocrx_word' id='word_1_171' title='bbox 822 3827 884 3890; x_wconf 82' lang='grc' dir='ltr'><strong><em>άπὸ</em></strong></span> <span class='ocrx_word' id='word_1_172' title='bbox 907 3828 973 3905; x_wconf 73' lang='grc' dir='ltr'><strong><em>ρ’ῒνα</em></strong></span> <span class='ocrx_word' id='word_1_173' title='bbox 995 3826 1113 3906; x_wconf 73' lang='grc' dir='ltr'><strong><em>τάμνει</em></strong></span> <span class='ocrx_word' id='word_1_174' title='bbox 1139 3818 1193 3890; x_wconf 77' lang='grc' dir='ltr'><strong>καθ</strong></span> <span class='ocrx_word' id='word_1_175' title='bbox 1217 3825 1316 3891; x_wconf 86' lang='grc' dir='ltr'><strong><em>οθατα</em></strong></span> <span class='ocrx_word' id='word_1_176' title='bbox 1341 3827 1422 3898; x_wconf 79' lang='grc' dir='ltr'><strong><em>ννλέι</em></strong></span> <span class='ocrx_word' id='word_1_177' title='bbox 1446 3830 1559 3907; x_wconf 74' lang='grc' dir='ltr'><strong><em>χαλκῷ</em></strong></span> 
     </span>
     <span class='ocr_line' id='line_1_26' title="bbox 715 3929 1566 4010; baseline 0.002 -14"><span class='ocrx_word' id='word_1_178' title='bbox 715 3930 816 4007; x_wconf 72' lang='grc' dir='ltr'><strong><em>μήδεά</em></strong></span> <span class='ocrx_word' id='word_1_179' title='bbox 840 3931 869 3994; x_wconf 90' lang='grc' dir='ltr'><strong><em>τ’</em></strong></span> <span class='ocrx_word' id='word_1_180' title='bbox 895 3929 1092 4007; x_wconf 75' lang='grc' dir='ltr'><strong><em>ἐξερύσαι</em></strong></span> <span class='ocrx_word' id='word_1_181' title='bbox 1114 3932 1174 4010; x_wconf 75' lang='grc' dir='ltr'><strong>δάν</strong></span> <span class='ocrx_word' id='word_1_182' title='bbox 1197 3932 1281 3996; x_wconf 79' lang='grc' dir='ltr'><strong><em>κυσὶν</em></strong></span> <span class='ocrx_word' id='word_1_183' title='bbox 1306 3933 1376 4007; x_wconf 83' lang='grc' dir='ltr'><strong>ὠμά</strong></span> <span class='ocrx_word' id='word_1_184' title='bbox 1401 3932 1566 3999; x_wconf 73' lang='grc' dir='ltr'><strong><em>δάσασθαι.</em></strong></span> 
     </span>
     <span class='ocr_line' id='line_1_27' title="bbox 534 4038 1685 4124; baseline 0.003 -23"><span class='ocrx_word' id='word_1_185' title='bbox 534 4038 687 4103; x_wconf 88' lang='lat' dir='ltr'><strong>Pudenda</strong></span> <span class='ocrx_word' id='word_1_186' title='bbox 710 4038 799 4101; x_wconf 81' lang='lat' dir='ltr'><strong>evelli</strong></span> <span class='ocrx_word' id='word_1_187' title='bbox 821 4043 1000 4121; x_wconf 90' lang='lat' dir='ltr'><strong>nequeunt,</strong></span> <span class='ocrx_word' id='word_1_188' title='bbox 1025 4044 1161 4121; x_wconf 90' lang='lat' dir='ltr'><strong>possunt</strong></span> <span class='ocrx_word' id='word_1_189' title='bbox 1183 4038 1299 4115; x_wconf 74' lang='grc' dir='ltr'><strong><em>ιναάθ,</em></strong></span> <span class='ocrx_word' id='word_1_190' title='bbox 1323 4059 1421 4122; x_wconf 93' lang='lat' dir='ltr'><strong>quare</strong></span> <span class='ocrx_word' id='word_1_191' title='bbox 1444 4040 1685 4124; x_wconf 86' lang='lat' dir='ltr'><strong>exspectabam:</strong></span> 
     </span>
     <span class='ocr_line' id='line_1_28' title="bbox 716 4142 1460 4221; baseline 0.004 -16"><span class='ocrx_word' id='word_1_192' title='bbox 716 4142 818 4219; x_wconf 69' lang='grc' dir='ltr'><strong><em>μήδεά</em></strong></span> <span class='ocrx_word' id='word_1_193' title='bbox 843 4142 871 4205; x_wconf 89' lang='grc' dir='ltr'><strong><em>τ’</em></strong></span> <span class='ocrx_word' id='word_1_194' title='bbox 897 4143 1095 4220; x_wconf 75' lang='grc' dir='ltr'><strong><em>θκκὲρσας</em></strong></span> <span class='ocrx_word' id='word_1_195' title='bbox 1118 4142 1194 4221; x_wconf 82' lang='grc' dir='ltr'><strong><em>κτὲ.,</em></strong></span> <span class='ocrx_word' id='word_1_196' title='bbox 1219 4145 1282 4208; x_wconf 87' lang='lat' dir='ltr'><strong>i.e.</strong></span> <span class='ocrx_word' id='word_1_197' title='bbox 1308 4143 1460 4217; x_wconf 73' lang='grc' dir='ltr'><strong><em>ἐκτεμεῖν.</em></strong></span> 
     </span>
     <span class='ocr_line' id='line_1_29' title="bbox 531 4247 1729 4334; baseline 0.006 -22"><span class='ocrx_word' id='word_1_198' title='bbox 531 4247 594 4313; x_wconf 80' lang='lat' dir='ltr'><strong>Sed</strong></span> <span class='ocrx_word' id='word_1_199' title='bbox 624 4253 788 4313; x_wconf 82' lang='lat' dir='ltr'><strong>vetustam</strong></span> <span class='ocrx_word' id='word_1_200' title='bbox 819 4269 894 4314; x_wconf 89' lang='lat' dir='ltr'><strong>sane</strong></span> <span class='ocrx_word' id='word_1_201' title='bbox 925 4248 1083 4313; x_wconf 91' lang='lat' dir='ltr'><strong>librorum</strong></span> <span class='ocrx_word' id='word_1_202' title='bbox 1114 4251 1309 4334; x_wconf 88' lang='lat' dir='ltr'><strong>scripturam</strong></span> <span class='ocrx_word' id='word_1_203' title='bbox 1341 4271 1407 4315; x_wconf 88' lang='lat' dir='ltr'><strong>csse</strong></span> <span class='ocrx_word' id='word_1_204' title='bbox 1431 4253 1501 4315; x_wconf 87' lang='lat' dir='ltr'><strong>sive</strong></span> <span class='ocrx_word' id='word_1_205' title='bbox 1524 4272 1634 4315; x_wconf 82' lang='lat' dir='ltr'><strong>varam</strong></span> <span class='ocrx_word' id='word_1_206' title='bbox 1657 4254 1729 4320; x_wconf 83' lang='lat' dir='ltr'><strong>siva</strong></span> 
     </span>
     <span class='ocr_line' id='line_1_30' title="bbox 531 4351 1730 4440; baseline 0.007 -23"><span class='ocrx_word' id='word_1_207' title='bbox 531 4353 662 4431; x_wconf 89' lang='lat' dir='ltr'><strong>falsam,</strong></span> <span class='ocrx_word' id='word_1_208' title='bbox 698 4356 807 4440; x_wconf 82' lang='lat' dir='ltr'><strong>arguit</strong></span> <span class='ocrx_word' id='word_1_209' title='bbox 841 4352 929 4419; x_wconf 91' lang='lat' dir='ltr'><strong>locus</strong></span> <span class='ocrx_word' id='word_1_210' title='bbox 964 4353 1152 4419; x_wconf 90' lang='lat' dir='ltr'><strong>simillimus</strong></span> <span class='ocrx_word' id='word_1_211' title='bbox 1182 4351 1298 4436; x_wconf 80' lang='grc' dir='ltr'><strong>χ476,</strong></span> <span class='ocrx_word' id='word_1_212' title='bbox 1329 4357 1385 4439; x_wconf 89' lang='lat' dir='ltr'><strong>qui</strong></span> <span class='ocrx_word' id='word_1_213' title='bbox 1416 4356 1548 4421; x_wconf 90' lang='lat' dir='ltr'><strong>eandem</strong></span> <span class='ocrx_word' id='word_1_214' title='bbox 1580 4355 1730 4425; x_wconf 90' lang='lat' dir='ltr'><strong>admittit</strong></span> 
     </span>
     <span class='ocr_line' id='line_1_31' title="bbox 532 4445 1028 4525; baseline -0.002 -2"><span class='ocrx_word' id='word_1_215' title='bbox 532 4462 756 4524; x_wconf 89' lang='lat' dir='ltr'><strong>mutationem.</strong></span> <span class='ocrx_word' id='word_1_216' title='bbox 781 4458 925 4525; x_wconf 86' lang='lat' dir='ltr'><strong>Indicant</strong></span> <span class='ocrx_word' id='word_1_217' title='bbox 949 4445 1028 4524; x_wconf 54' lang='lat' dir='ltr'><strong>aliis</strong></span> 
     </span>
    </p>
   </div>
   <div class='ocr_carea' id='block_1_7' title="bbox 530 4658 1726 4848">
    <p class='ocr_par' dir='ltr' id='par_1_8' title="bbox 530 4658 1726 4848">
     <span class='ocr_line' id='line_1_32' title="bbox 577 4658 1726 4748; baseline 0.007 -24"><span class='ocrx_word' id='word_1_218' title='bbox 577 4659 691 4724; x_wconf 79' lang='grc' dir='ltr'><strong><em>σ112.</em></strong></span> <span class='ocrx_word' id='word_1_219' title='bbox 729 4658 858 4723; x_wconf 82' lang='lat' dir='ltr'><strong>Ulixem</strong></span> <span class='ocrx_word' id='word_1_220' title='bbox 889 4661 1044 4724; x_wconf 87' lang='lat' dir='ltr'><strong>victorem</strong></span> <span class='ocrx_word' id='word_1_221' title='bbox 1079 4681 1096 4726; x_wconf 92' lang='lat' dir='ltr'><strong>s</strong></span> <span class='ocrx_word' id='word_1_222' title='bbox 1128 4681 1239 4748; x_wconf 81' lang='lat' dir='ltr'><strong>pugna</strong></span> <span class='ocrx_word' id='word_1_223' title='bbox 1270 4683 1344 4727; x_wconf 89' lang='lat' dir='ltr'><strong>cum</strong></span> <span class='ocrx_word' id='word_1_224' title='bbox 1374 4663 1425 4730; x_wconf 90' lang='lat' dir='ltr'><strong>Iro</strong></span> <span class='ocrx_word' id='word_1_225' title='bbox 1454 4663 1643 4730; x_wconf 88' lang='lat' dir='ltr'><strong>redeuntem</strong></span> <span class='ocrx_word' id='word_1_226' title='bbox 1674 4667 1726 4732; x_wconf 91' lang='lat' dir='ltr'><strong>his</strong></span> 
     </span>
     <span class='ocr_line' id='line_1_33' title="bbox 530 4763 927 4848; baseline -0.005 -19"><span class='ocrx_word' id='word_1_227' title='bbox 530 4764 638 4829; x_wconf 85' lang='lat' dir='ltr'><strong>verbis</strong></span> <span class='ocrx_word' id='word_1_228' title='bbox 662 4765 749 4848; x_wconf 93' lang='lat' dir='ltr'><strong>proci</strong></span> <span class='ocrx_word' id='word_1_229' title='bbox 770 4763 927 4829; x_wconf 88' lang='lat' dir='ltr'><strong>salutant:</strong></span> 
     </span>
    </p>
   </div>
   <div class='ocr_carea' id='block_1_8' title="bbox 0 0 2268 5942">
    <p class='ocr_par' dir='ltr' id='par_1_9' title="bbox 0 0 2268 5942">
     <span class='ocr_line' id='line_1_34' title="bbox 0 0 2268 5942; baseline 0 0"><span class='ocrx_word' id='word_1_230' title='bbox 0 0 2268 5942; x_wconf 95' lang='lat' dir='ltr'><strong> </strong></span> 
     </span>
    </p>
   </div>
  </div>
 </body>
</html>
