4525 5950
534 648 599 713 256
1023 666 1065 712 on
1088 664 1232 712 ussurus.

530 832 658 909 Φεύγων
689 830 722 907 ἐξ
750 833 884 909 Ἄργεος
913 826 1006 906 ἄνδρα
1039 828 1216 905 κειτιικτιὲε,
1243 866 1284 877 -
1309 827 1356 892 nil
1387 831 1474 894 enim
1498 827 1657 905 solverat,
1684 865 1726 875 -

530 939 708 1022 praesentia
731 956 789 1000 sua
811 938 945 1001 minime
969 938 1117 1020 inquinat
1141 934 1342 1000 sacrificium.
1367 936 1516 999 Primum
1537 933 1726 1019 exemplum

531 1044 671 1108 hominis
702 1043 735 1105 ob
766 1043 881 1105 caedem
911 1041 1041 1107 lustrati
1072 1048 1177 1106 exstat
1204 1044 1238 1105 in
1262 1062 1356 1126 opere
1381 1042 1636 1127 posthomsrico;
1664 1041 1726 1105 fuit

531 1146 689 1226 Achilles,
723 1150 778 1231 qui
808 1147 955 1213 Thersite
985 1151 1180 1233 interempto
1213 1149 1251 1212 ab
1284 1146 1380 1212 Ulixe
1404 1185 1445 1195 -
1470 1169 1490 1213 a
1512 1146 1595 1213 laico
1620 1149 1726 1234 igitur

531 1255 660 1320 homine
685 1290 726 1301 -
751 1253 846 1318 Lesbi
876 1252 1035 1318 lustratur
1050 1251 1084 1333 ¹).
1109 1290 1152 1302 -
1178 1252 1342 1332 Quantum
1375 1253 1506 1317 aberant
1536 1253 1615 1318 haec
1645 1260 1725 1319 tem·

532 1382 608 1445 pora
638 1360 677 1424 ab
709 1359 793 1437 illis,
822 1360 938 1443 quibus
969 1360 1198 1436 Athenienses,
1230 1359 1335 1424 caedis
1364 1359 1403 1423 ab
1428 1359 1501 1422 aliis
1523 1365 1724 1446 perpetratae

531 1467 637 1529 centio
672 1465 766 1529 modo
801 1465 915 1542 allato,
952 1486 984 1529 se
1019 1468 1106 1550 ipsos
1137 1485 1204 1529 csse
1234 1467 1417 1549 inquinatos
1440 1464 1649 1549 putabant2).
1683 1504 1723 1515 -

531 1573 773 1637 Lustrationum
798 1578 908 1636 autem
931 1573 1030 1648 ritus,
1054 1592 1129 1635 eum
1149 1592 1166 1634 e
1186 1568 1298 1647 Oreta,
1320 1569 1585 1656 Epimenidarum
1604 1574 1723 1656 patrie,

531 1686 621 1744 ortus
657 1700 724 1743 esse
758 1677 914 1755 videatur,
946 1714 986 1725 -
1014 1675 1197 1762 Apollinem
1231 1679 1338 1761 ipsum
1373 1676 1524 1762 Pythone
1559 1678 1723 1741 interfecto

531 1785 670 1850 'l'arrhae
691 1787 725 1847 in
749 1782 845 1850 Crete
867 1784 906 1847 ab
931 1782 1122 1849 Carmanore
1145 1782 1320 1847 lustratum
1344 1769 1443 1849 fuisse
1466 1789 1626 1848 memorat
1645 1783 1723 1848 Pau-

531 1893 651 1966 sanias,
679 1927 719 1937 —
745 1887 903 1976 Apollinis
925 1891 1086 1974 imprimis
1108 1888 1265 1973 religione
1287 1895 1484 1974 propagatus
1502 1890 1536 1952 in
1556 1891 1722 1974 maiusque

532 2002 644 2061 auctus
680 2002 737 2061 est.
773 1994 826 2059 Sic
860 1998 894 2058 in
928 1992 1049 2060 Garnae
1084 2015 1210 2080 quoque
1241 1999 1313 2080 post
1344 1993 1550 2059 Doriensium
1582 1995 1722 2059 reditum

533 2124 602 2166 mos
625 2103 818 2177 insinuavit,
845 2103 900 2184 qui
931 2098 1043 2164 deinde
1073 2102 1107 2163 in
1137 2099 1205 2165 dies
1234 2102 1340 2186 magis
1371 2097 1528 2177 invaluit,
1561 2106 1599 2164 ut
1630 2101 1725 2187 Apol-

531 2207 608 2272 linis
637 2209 719 2271 iram
749 2204 846 2272 Oarni
877 2206 917 2270 ob
951 2211 1089 2271 mortem
1110 2217 1313 2290 conceptam,
1338 2225 1401 2290 qua
1424 2203 1518 2270 caede
1541 2228 1640 2269 omnes
1662 2227 1724 2270 ma·

532 2312 655 2379 culatos
685 2334 717 2377 se
746 2318 914 2398 putarent,
947 2315 1041 2376 certis
1065 2311 1258 2396 quibusdam
1282 2311 1445 2376 sacrificiis
1468 2317 1612 2376 avertere
1636 2333 1723 2377 cona-

530 2424 656 2497 rentur;
678 2439 780 2502 neque
799 2420 931 2494 iniuria,
952 2438 1026 2482 cum
1039 2416 1198 2503 Apollinis
1210 2419 1258 2482 ira
1270 2416 1724 2503 manifestareturpestilentia

533 2527 663 2589 aestive.
688 2523 780 2588 Hauc
803 2523 995 2588 obcausam
1017 2523 1146 2609 legibus
1169 2526 1328 2587 sancitum
1351 2528 1399 2587 est
1422 2529 1459 2587 ut
1482 2530 1562 2586 totus
1586 2522 1724 2610 populus
1761 2524 1763 2528 ’

533 2633 630 2695 sacris
661 2632 830 2693 interesset
859 2631 1078 2713 exercitusque
1102 2631 1186 2692 intra
1208 2628 1286 2693 fines
1309 2635 1468 2706 maneret3
1494 2634 1567 2693 tum
1592 2629 1724 2693 demum

532 2735 727 2821 Hippotem,
756 2735 923 2813 φκρρικκόν
948 2734 1061 2811 illum,
1083 2737 1136 2799 cui
1159 2736 1301 2799 cotannis
1324 2734 1441 2798 finibus
1463 2735 1723 2812 interdicebatur,

532 2842 658 2906 νιιιειὶιινι
682 2840 885 2905 Doriensium
909 2841 1004 2926 culpa
1022 2846 1175 2906 onustum
1194 2841 1379 2926 fugiturum
1396 2840 1575 2905 credebant.
1600 2840 1724 2926 Epulas

533 2969 625 3024 vero,
658 2947 774 3031 quibus
796 2948 976 3032 antiquitus
998 2948 1171 3012 utebantur
1193 2969 1306 3022 munes,
1329 2947 1462 3012 umbrae
1485 2967 1564 3032 quas
1589 2950 1725 3013 maiores

532 3073 649 3140 ponere
680 3050 823 3118 solebant
854 3076 965 3131 omnes,
998 3074 1060 3117 non
1090 3056 1123 3116 in
1155 3052 1399 3118 desuetudinem
1423 3052 1554 3136 quidem
1577 3053 1725 3118 abierunt

532 3160 587 3225 sed
618 3179 636 3223 a
659 3158 865 3223 Doriensibus
887 3161 934 3224 ita
958 3167 1033 3223 sunt
1057 3162 1201 3224 minutae
1225 3165 1262 3223 ut
1285 3160 1401 3224 noveni
1425 3159 1521 3224 modo
1545 3180 1562 3224 e
1587 3159 1726 3245 singulis

532 3264 642 3353 phylis
672 3268 805 3330 iuvenes
836 3265 995 3345 (μειράκια
1020 3265 1156 3330 audiunt
1178 3264 1262 3350 apud
1287 3264 1443 3349 Hesych.)
1467 3268 1640 3350 antiquum
1664 3287 1725 3331 ser-

532 3376 644 3437 varent
667 3392 808 3447 morem,
832 3392 933 3456 neque
957 3372 1068 3436 dubito
1093 3373 1170 3456 quiu
1195 3370 1350 3457 quidquid
1373 3369 1516 3436 militare
1537 3374 1572 3435 in
1596 3392 1726 3437 consue-

533 3477 659 3542 tudines
684 3476 803 3541 festum
827 3479 994 3562 agentium
1013 3479 1192 3563 irrepserit,
1213 3476 1422 3541 Doriensibus
1441 3480 1484 3541 sit
1504 3478 1725 3543 tribuendum.

533 3581 654 3649 Ceteris
678 3582 812 3646 fortasse
836 3580 947 3666 epulae
972 3603 1159 3648 communes
1182 3583 1383 3667 parabantur.

577 3687 639 3751 Sed
670 3685 840 3751 Musarum
874 3709 1000 3772 quoque
1032 3693 1191 3753 certamen
1222 3709 1297 3752 cum
1329 3688 1459 3755 Oarneis
1490 3691 1727 3754 coniunxerunt

532 3791 717 3869 Dorienses,
743 3791 782 3856 de
806 3792 922 3876 quibus
946 3795 1061 3858 merito
1085 3795 1200 3857 cecinit
1223 3792 1375 3858 Alcman:

715 3893 795 3974 ἕρπει
821 3898 884 3975 γὰρ
909 3895 990 3960 ἄντα
1013 3900 1054 3976 τῷ
1079 3900 1187 3977 σιδάρῳ
1213 3900 1247 3963 τὸ
1271 3903 1372 3969 καλῶς
1398 3899 1587 3977 κιθαρίσδειν.

533 4002 677 4066 Tradidit
700 4004 786 4067 euim
810 4003 994 4068 Athenaeus
1009 4002 1048 4083 3);
1074 4005 1114 4066 τὰ
1141 4004 1273 4083 Κάρνεια
1297 4012 1409 4084 πρῶτος
1436 4005 1558 4069 πάντων
1583 4004 1725 4085 Τέρπαν-

534 4110 596 4187 δρος
622 4115 708 4191 νικᾷ,
729 4110 768 4180 ὥς
790 4108 973 4178 Ἑλλάνικος
994 4111 1107 4187 ἱστορεῖ
1128 4108 1158 4173 ἓν
1182 4135 1213 4173 τε
1235 4119 1296 4180 τοῖς
1320 4109 1480 4188 ἐμμέτροις
1500 4112 1725 4189 Καρνειινίκειις

534 4216 585 4279 καὶ
622 4216 651 4278 ἐν
686 4223 748 4285 τοῖς
781 4216 1012 4292 κκτιιιιρριέδην.
1047 4216 1229 4281 Secundum
1262 4216 1438 4281 Eusebium
1452 4215 1478 4297 4)
1511 4217 1525 4280 ι’
1559 4217 1726 4297 κιθαρῳδῶν

531 4320 618 4395 ἁγών
650 4342 732 4386 anno
764 4321 894 4386 demum
919 4321 984 4388 676
1008 4343 1036 4387 a.
1062 4322 1097 4388 Ο.
1122 4346 1153 4386 n.
1178 4329 1224 4387 est
1250 4325 1420 4388 institutus
1429 4343 1437 4400 ;
1462 4322 1547 4388 haud
1573 4323 1670 4389 dubie
1693 4332 1726 4390 et

570 4607 594 4670 l)
613 4607 736 4672 Aethiopis
755 4608 858 4671 Wagner
876 4623 898 4671 p.
915 4609 973 4658 242.

567 4690 594 4750 2)
613 4689 677 4738 Plut.
696 4705 774 4754 praec.
791 4705 841 4752 ger.
859 4687 929 4737 xvn
946 4706 970 4754 p.
989 4691 1074 4739 8148.

567 4771 594 4832 s)
608 4768 663 4820 xlv
682 4770 759 4820 63616
1134 4775 1159 4834 4)
1177 4771 1260 4822 Euseb.
1279 4774 1368 4824 (ihren.
1385 4775 1397 4823 1
1416 4775 1471 4825 198.
