4525 5950
532 714 598 782 370
1049 731 1190 781 sumnus.

530 897 691 963 illustrare
719 902 850 962 conatus
881 901 939 961 est.
963 896 1123 962 Adiectiri
1148 899 1271 978 ignarus
1295 896 1483 975 „absolute”
1507 900 1605 983 positi
1629 917 1718 982 egre-

530 1009 624 1092 gium
662 1004 817 1069 hahemus
856 1002 1039 1089 exemplum
1074 1006 1111 1070 A.
1147 1003 1172 1081 I,
1205 1003 1243 1070 6:
1285 1007 1449 1090 „primum
1484 1003 1607 1069 facinus
1642 1005 1718 1067 novi

531 1113 727 1197 principatus
755 1110 818 1174 fuit
848 1109 996 1174 Postumi
1027 1111 1190 1197 Agrippae
1221 1109 1346 1189 caedes3
1379 1132 1475 1197 quem
1497 1113 1648 1198 ignarum
1672 1111 1719 1173 in·

530 1235 720 1301 armumque
743 1217 893 1301 quamvis
916 1214 1061 1280 firmatus
1084 1218 1191 1280 animo
1214 1218 1355 1281 centurio
1379 1236 1473 1303 aegre
1497 1214 1666 1282 confecit.’'

575 1322 612 1388 ln
643 1324 713 1407 ipsa
742 1320 782 1387 de
810 1320 878 1386 illis
905 1320 980 1387 Silii
1002 1321 1256 1408 Messalinaeqne
1282 1323 1446 1409 „nuptiis”
1470 1325 1652 1389 narratione
1674 1323 1720 1385 in-

531 1430 745 1495 sulsissimam
764 1428 856 1493 scioli
876 1428 1142 1515 deprehendimus
1162 1432 1407 1495 annotationem.
1428 1428 1558 1495 Tacitus
1573 1430 1718 1514 scripsit:

533 1539 664 1624 „urgeri
694 1534 818 1621 praela,
849 1534 946 1601 fluere
974 1536 1080 1613 Iaous;
1109 1543 1141 1602 et
1164 1536 1300 1602 feminae
1324 1536 1463 1622 pellibus
1486 1540 1644 1602 accinctae
1668 1535 1721 1600 ad-

531 1642 708 1721 sultabant;
741 1645 809 1728 ipsa
840 1645 926 1708 crine
949 1641 1054 1722 tinxo,
1079 1643 1230 1730 thyrsum
1254 1646 1416 1729 quatiens,
1440 1647 1596 1729 iuxtaque
1618 1641 1719 1707 Silius

530 1749 647 1816 hedera
665 1752 811 1827 vinctus,
832 1770 942 1836 gerere
961 1750 1150 1828 cothurnos,
1170 1753 1272 1816 iacere
1292 1756 1403 1837 caput,
1423 1755 1583 1836 strepente
1595 1752 1718 1815 circum

530 1858 655 1943 procaci
684 1855 800 1921 choro”
831 1855 1070 1943 elegantissima
1100 1857 1258 1922 brevitate
1288 1856 1322 1921 id
1345 1859 1479 1922 reticens
1502 1856 1588 1943 quod
1612 1858 1720 1941 quiris

530 1984 594 2028 non
613 1960 706 2047 plane
724 1961 873 2028 indoctus
891 1969 1003 2047 sponte
1014 1965 1180 2029 coniiciat:
1194 1985 1331 2049 quorum
1343 1962 1476 2029 deorum
1486 1964 1722 2048 hominumque

531 2068 648 2146 Silius,
668 2067 859 2147 Messalina,
880 2069 994 2134 chorus
1014 2072 1079 2135 sint
1098 2069 1201 2134 functi
1221 2071 1375 2155 partibus.
1402 2071 1445 2135 At
1463 2069 1596 2147 sciolus,
1616 2074 1721 2134 cetera

531 2177 640 2241 omnia
658 2172 784 2240 stlentio
805 2178 1079 2261 praetermittens,
1101 2175 1140 2241 ad
1161 2197 1263 2242 unum
1282 2174 1362 2241 illud
1379 2175 1722 2263 feminecpclb'bceoc·

530 2281 645 2346 doctae
664 2284 845 2346 annotavit:
868 2288 927 2360 „ut
945 2281 1156 2348 sacrificantes
1175 2282 1227 2348 vel
1246 2286 1439 2348 insanientes
1452 2282 1626 2359 Bacchae,''
1640 2302 1723 2366 quae

531 2389 629 2454 verba
639 2390 759 2473 inepta,
772 2388 910 2474 stupida,
923 2389 1068 2466 absurda,
1081 2411 1166 2454 nunc
1177 2390 1268 2456 nobis
1280 2410 1336 2474 pro
1348 2387 1485 2454 Taciteis
1495 2385 1721 2454 venditantur!

577 2493 634 2571 XI,
656 2492 709 2558 34.
732 2492 1046 2580 Appropinquantem
1058 2494 1097 2560 ad
1108 2496 1222 2560 urbem
1234 2493 1407 2562 Claudium
1419 2494 1587 2560 Narcissus
1600 2493 1722 2579 aliique

532 2604 566 2666 in
585 2598 793 2666 Messalinam
813 2603 986 2688 instigant,
1006 2605 1075 2688 ipsa
1094 2602 1260 2688 precihus,
1279 2603 1390 2667 amicis
1402 2600 1596 2687 allegandis,
1610 2600 1723 2665 liberis

532 2706 697 2773 offerendis
720 2709 875 2772 maritum
899 2711 1050 2795 mttigare
1074 2709 1199 2785 etudet;
1224 2729 1332 2774 omnes
1355 2706 1523 2772 Narcissus
1547 2706 1722 2772 amolitur:

578 2812 761 2890 „Vibidiam
792 2810 950 2898 depellere
971 2817 1136 2899 nequivit,
1161 2817 1238 2899 quin
1262 2813 1366 2878 multa
1390 2835 1463 2879 cnm
1485 2813 1610 2878 invidia
1632 2812 1724 2900 flagi·

532 2926 615 2988 taret
646 2907 686 2987 ne
717 2920 878 2987 indefensa
902 2943 983 2987 uxor
1007 2924 1104 2988 exitio
1129 2922 1267 2988 daretur.
1291 2922 1399 3009 Igitur
1421 2921 1610 2988 auditurum
1633 2924 1722 3007 prin-

531 3031 635 3115 cipem
654 3033 686 3093 et
705 3027 772 3093 fore
790 3027 934 3094 diluendi
954 3031 1097 3094 criminis
1116 3028 1304 3095 facultatem
1319 3030 1495 3114 respondit:
1515 3032 1577 3094 Iret
1588 3031 1723 3095 interim

532 3142 564 3201 et
587 3156 674 3200 sacra
697 3135 906 3221 capesseret.’'

578 3240 742 3329 Virginem
777 3241 939 3307 Vestalem
974 3241 1072 3307 fuisse
1106 3241 1267 3308 Vibidiam
1298 3264 1323 3308 c.
1350 3242 1392 3309 32
1425 3245 1654 3330 cognovimns,
1689 3249 1722 3309 et

532 3349 644 3414 haecce
674 3347 818 3435 legentes
849 3351 960 3413 stetim
992 3348 1204 3413 recordamur.
1237 3349 1320 3429 Quid
1350 3370 1427 3436 ergo
1458 3348 1516 3414 illo
1539 3349 1636 3414 faciae
1662 3353 1719 3435 qui

532 3458 655 3541 primus
685 3456 748 3521 huo
775 3457 961 3542 emargine
984 3454 1184 3520 transtulerit
1206 3462 1238 3521 et
1261 3461 1333 3540 post
1356 3456 1476 3519 interim
1499 3459 1643 3540 posuerit
1668 3478 1723 3522 vo·

532 3585 601 3629 cem
624 3560 727 3644 virgo?
750 3562 806 3627 Nil
829 3562 978 3648 equidem
1002 3582 1143 3647 unquam
1167 3562 1234 3626 ridi
1257 3564 1408 3646 ineptius.

577 3668 792 3746 A.x11,24.
825 3667 937 3734 Verbis
968 3690 1031 3733 non
1062 3689 1142 3753 opus
1174 3676 1222 3734 est
1245 3673 1282 3733 ut
1304 3667 1420 3754 puerili
1444 3668 1662 3735 additamento
1687 3670 1725 3735 li-

532 3778 661 3842 beretur
683 3775 830 3854 TacItus;
856 3777 983 3861 scripsit
1006 3777 1109 3839 enirn:

579 3883 706 3962 „Atrox
725 3882 789 3946 odii
812 3883 991 3968 Agrippina
1015 3902 1050 3947 ac
1073 3880 1198 3946 Lolliae
1220 3881 1343 3947 infensa
1444 3881 1577 3946 molitur
1598 3885 1723 3949 crimen

532 3995 565 4055 et
588 3995 820 4064 accusatorem,
845 3990 901 4074 qui
924 3989 1061 4054 obiceret
1084 3985 1276 4065 Chaldaeos,
1300 3991 1600 4074 interrogatumque
1627 3990 1724 4076 Apol·

531 4094 607 4161 linis
631 4094 729 4163 Clarii
753 4093 961 4159 simulacrum
986 4116 1081 4180 super
1104 4096 1227 4179 nuptiis
1250 4094 1473 4180 imperatoris''

578 4201 633 4266 sed
655 4204 688 4265 in
712 4200 817 4266 codice
840 4205 914 4287 post
939 4201 1102 4264 Chaldaeos
1125 4198 1248 4286 legitur
1273 4204 1370 4265 etiam
1393 4222 1502 4282 moyes.

578 4308 648 4372 Non
679 4309 787 4371 minus
817 4309 963 4391 ineptum
989 4313 1036 4372 est
1059 4306 1145 4392 quod
1168 4305 1257 4383 XIII,
1284 4306 1325 4371 10
1350 4310 1468 4371 eremit
1491 4306 1725 4393 Nipperdeius:

580 4413 804 4498 „Quamquam
826 4416 1023 4479 censuissent
1046 4420 1169 4499 patres,
1195 4419 1232 4478 ut
1256 4416 1449 4499 principium
1473 4416 1548 4477 anni
1567 4417 1727 4501 inciperet

533 4541 641 4585 mense
676 4519 862 4596 Decembri,
898 4542 961 4605 quo
996 4525 1085 4585 ortus
1119 4526 1187 4586 erat
1221 4519 1324 4598 Nero,
1354 4525 1497 4585 veterem
1530 4520 1725 4607 religionem

532 4624 741 4691 kalendarum
764 4625 984 4691 Ianuariarum
1008 4625 1196 4708 [inchoando
1220 4628 1314 4708 anno]
1339 4627 1506 4691 retinuit.’'

577 4732 662 4797 Illud
692 4737 799 4796 tamen
831 4732 933 4797 denno
963 4734 997 4796 in
1028 4738 1156 4797 textum
1187 4732 1315 4796 reduxit
1346 4731 1534 4812 Fumeaux;
1572 4736 1726 4820 equidem

532 4841 639 4925 potine
662 4839 858 4903 kalendarum
882 4838 1097 4902 secundorum
1119 4859 1245 4924 quoque
1269 4836 1454 4905 deleverim.
