4525 5950
646 678 713 745 262
1161 696 1337 744 sumimus.

691 860 744 926 Vs.
769 860 845 928 232.
870 858 996 927 Chorus
1020 860 1060 925 ad
1084 859 1314 927 Hermionam:

827 965 969 1044 δέσποιν’,
993 962 1059 1029 όοον
1083 989 1129 1030 σοι
1154 966 1259 1050 ρ’ριδόοις
1286 967 1584 1045 προπέπταται,

828 1071 949 1137 τοσόνδε
974 1074 1076 1136 πεόόου
1100 1071 1173 1151 τῇδε
1198 1074 1356 1147 συμβῆναι
1380 1073 1495 1149 λόγοις.

645 1177 734 1243 Alias
764 1176 978 1263 impersonale
1012 1177 1218 1254 προπέπταται
1250 1180 1318 1243 sive
1350 1177 1562 1254 repleveras,
1586 1182 1740 1261 quaeest
1764 1176 1834 1242 v.l

644 1283 711 1349 eod.
736 1283 773 1360 P,
805 1290 996 1359 constanter,
1023 1285 1160 1348 sirecte
1185 1285 1330 1360 memini,
1356 1281 1516 1368 signifieat
1538 1283 1620 1346 venit
1641 1283 1676 1346 νἰι
1699 1290 1842 1359 περαίαν,

643 1410 823 1474 numquam
845 1389 990 1473 facultas
1013 1395 1074 1465 est,
1100 1396 1139 1453 nt
1162 1389 1194 1454 h.
1218 1388 1243 1454 l.
1267 1388 1481 1474 intellegunt,
1505 1388 1589 1472 qnod
1613 1389 1749 1467 πάρεστι
1773 1391 1843 1454 sire

644 1497 776 1577 παρέχει
797 1498 866 1560 sive
888 1494 1047 1573 ἐνδέχεται
1069 1494 1132 1559 diei
1152 1493 1277 1560 assolet.
1298 1494 1348 1560 Ita
1366 1501 1474 1560 tamen
1486 1500 1658 1580 praeeunte
1669 1493 1843 1560 scholiasta

644 1597 724 1682 (ὅσον
748 1625 792 1664 σοι
815 1601 946 1672 εὐκόλως
970 1601 1021 1664 καὶ
1044 1602 1178 1671 δυνατῶς
1200 1603 1351 1678 Φαίνεται
1371 1601 1423 1665 καὶ
1444 1601 1655 1679 πάρόοταται,
1677 1601 1749 1664 άντὶ
1770 1605 1839 1663 τοῦ·

644 1704 711 1772 ὅσον
743 1707 917 1786 ἐνδέχεται)
950 1705 1141 1793 explicatur.
1174 1704 1377 1791 Quamquam
1408 1707 1460 1771 hio
1491 1708 1698 1783 προπέπταται
1724 1706 1839 1792 legisse

644 1812 782 1890 videtur,
811 1813 944 1878 fortasse
967 1817 1075 1876 tamen
1101 1812 1295 1890 raptaretur
1320 1817 1370 1877 est
1392 1813 1533 1897 genuina
1555 1810 1668 1888 leotio,
1694 1811 1751 1876 sed
1774 1832 1838 1896 per-

643 1917 796 1984 sonaliter
829 1917 1012 2003 aoaipienda
1045 1924 1078 1982 et
1113 1920 1159 1981 sia
1189 1917 1442 2002 interpretanda:
1477 1916 1654 1995 „Domina,
1679 1924 1836 2001 quantum

642 2022 736 2089 facile
767 2043 786 2087 a
816 2028 847 2088 te
870 2022 1057 2103 ινδάυροόυν,
1085 2028 1214 2086 tantum
1237 2025 1304 2087 sine
1327 2022 1386 2086 tibi
1412 2022 1595 2106 persuaderi
1619 2029 1657 2087 nt
1680 2043 1757 2088 oum
1780 2023 1835 2086 hae

644 2131 750 2196 verbis
772 2128 963 2215 transigas'.
988 2127 1113 2212 Quippe
1137 2127 1230 2193 facile
1253 2135 1301 2193 est
1325 2128 1385 2192 hoo
1405 2131 1434 2193 ei
1454 2128 1622 2194 concedere
1642 2129 1723 2206 tibi,
1744 2148 1836 2213 penes

645 2257 742 2321 quam
765 2242 891 2312 tamen,
917 2239 1030 2319 utpote
1053 2233 1229 2310 dominam,
1253 2239 1352 2299 restet
1376 2236 1519 2299 viatoria.

690 2454 743 2520 Vs.
770 2453 845 2519 304.
870 2453 1025 2530 παρέλυσε
1049 2453 1075 2516 δ’
1100 2449 1137 2516 άν
1162 2449 1349 2530 (Οκοοοᾶοα)
1372 2448 1525 2521 Ἑλλάδος
1550 2448 1717 2527 άλρεινοὺς

871 2559 1024 2638 μόχθους,
1049 2553 1096 2628 οὓς
1121 2557 1209 2633 άμΦὶ
1233 2556 1346 2635 Τροόοιν
1369 2556 1503 2636 (Τρωΐαν
1527 2556 1638 2636 Dind.)

871 2663 1004 2734 δεκέτεις
1028 2663 1239 2734 άλάλκντο
1263 2664 1342 2727 νέοι
1367 2663 1559 2744 λόγχαις.

645 2773 799 2835 Ἀλάοάαι
823 2770 958 2849 μόχθους
982 2768 1105 2834 dietum
1126 2769 1317 2853 praesertim
1341 2767 1379 2832 de
1403 2771 1444 2832 iis
1468 2771 1523 2852 qui
1546 2767 1659 2834 eodem
1682 2767 1753 2834 loeo
1776 2789 1837 2833 rna·

644 2883 753 2941 nentes
782 2880 929 2961 pugnant
959 2874 1035 2938 ferri
1058 2875 1187 2958 nequit,
1211 2894 1269 2938 neo
1292 2874 1349 2936 νέοι
1372 2880 1445 2958 apte
1470 2879 1626 2939 vocantur
1648 2871 1764 2939 Troiae
1786 2896 1837 2958 op

644 2988 855 3068 pugnatores,
892 2981 1009 3065 quibus
1041 2978 1140 3043 multi
1170 2981 1345 3043 intererant
1375 2981 1439 3044 viri
1469 2982 1583 3045 aetatis
1617 2982 1835 3064 provectioris.

642 3086 768 3151 Ultima
790 3088 895 3172 igitur
918 3085 1016 3149 verba
1038 3086 1155 3148 misere
1179 3082 1352 3167 depravata
1374 3084 1535 3148 videntur.
1558 3083 1759 3169 llxpeotatur
1781 3083 1835 3149 ali·

644 3193 720 3278 quid
744 3190 984 3257 huiuscemodi:

871 3296 1002 3367 δεκέτεις
1028 3293 1154 3359 έτλοον
1179 3293 1455 3375 μυριόλονχοι

644 3400 901 3478 οο11.Ἔλλκνες,
922 3401 1008 3485 quod
1027 3399 1192 3466 commode
1212 3399 1322 3465 audias
1339 3422 1553 3488 epraegresso
1565 3400 1698 3471 Ἑλλάς.
1720 3401 1839 3466 Lenius

644 3516 751 3573 tamen
774 3510 802 3572 si
826 3510 899 3591 quis
922 3505 1102 3571 remedium
1127 3507 1376 3591 excogitaverit,
1401 3507 1512 3572 fecerit
1534 3507 1617 3571 mihi
1636 3513 1838 3592 pergratum.

691 3724 744 3790 Vs.
770 3722 846 3790 397.
870 3725 953 3801 άτάρ
976 3723 1008 3786 τό
1031 3728 1136 3786 ταῦτα
1159 3722 1304 3800 δόροικιοι,
1329 3723 1372 3785 τά
1395 3722 1422 3786 δ’
1445 3724 1475 3786 έν
1499 3722 1587 3787 ποσὶν

871 3832 925 3893 οὐκ
950 3828 1154 3908 ἕξικραάζυ
1179 3829 1230 3891 καὶ
1257 3824 1422 3905 λογίζομαι
1448 3830 1531 3891 κακά
1541 3849 1549 3907 ;

645 3937 708 4000 Ροο
733 3935 829 4000 verbo
852 3941 1002 4018 corrupto
1025 3955 1120 3999 nemo
1145 3934 1222 3998 dum
1247 3937 1449 4019 proposuisse
1468 3935 1608 4013 videtur,
1630 3935 1716 4019 quod
1737 3935 1842 4001 solum

646 4039 808 4127 probabile
831 4039 912 4104 mihi
936 4039 1066 4105 videtur
1091 4038 1283 4119 ἐξετάζω.
1628 4063 1630 4068 ’

691 4242 744 4307 Vs.
770 4241 847 4305 445.
874 4237 894 4304 ὦ
920 4245 1016 4304 πᾶσιν
1040 4242 1233 4321 άνόρόποιοιν
1258 4242 1391 4322 έχόιστοι
1414 4242 1530 4323 βροτῶν

873 4347 1020 4423 Σπάρτης
1046 4343 1160 4424 ένοικοι,
1186 4345 1272 4410 δόλιοι
1297 4347 1520 4427 βουλευτήρια,

873 4450 990 4528 ψευδῶν
1014 4448 1156 4530 άνακτες,
1183 4454 1418 4532 μκχανορράφοι
1444 4458 1556 4532 κακῶν,

872 4557 981 4620 έλικτά
1006 4555 1108 4619 κούδέν
1134 4556 1236 4635 ὑγιές,
1261 4559 1349 4621 άλλά
1374 4564 1437 4622 πάν
1462 4556 1578 4633 πέριξ

870 4665 1068 4738 Φρονοῡντες,
1093 4662 1206 4734 άδέκοις
1231 4665 1389 4741 εὐτυχεῖτ’
1414 4666 1462 4727 άν’
1485 4663 1639 4728 Ἐλλάδα.

645 4766 727 4846 Quia
757 4786 850 4830 nemo
881 4765 965 4829 mihi
995 4765 1153 4850 explicuit
1184 4788 1286 4852 neque
1318 4768 1478 4854 explicare
1508 4772 1645 4855 poterit,
1684 4770 1765 4854 quid
1798 4772 1840 4834 eit
