4525 5950
951 680 1106 729 nonanus.
1560 663 1623 728 231

486 846 560 912 118.
597 847 647 911 Ad
671 848 806 913 verbum
833 846 1064 932 „comperisse”
1093 847 1240 912 adnotat:
1265 868 1342 934 ergo
1365 847 1403 911 ab
1427 846 1500 912 aliis
1520 844 1625 926 (sanel

435 975 512 1019 nam
544 951 697 1020 Chremes
727 954 910 1040 sepulturae
939 974 1003 1018 non
1033 954 1202 1034 interfuit),
1227 960 1264 1018 ut
1288 960 1437 1039 appareat
1460 975 1625 1032 eversum,

435 1060 522 1145 quod
553 1063 599 1125 ait
630 1067 723 1138 „tum
752 1083 815 1126 uno
846 1082 898 1126 ore
929 1060 1059 1126 omnes”
1091 1058 1162 1139 (69)
1193 1070 1225 1125 11
1258 1061 1337 1137 „hac
1359 1061 1445 1126 sama
1467 1060 1627 1147 impulsus

437 1165 613 1234 Chremes’'
637 1166 718 1247 (72).
1354 1240 1358 1249 ‚

485 1273 567 1354 Quid
587 1277 630 1339 sit
652 1274 843 1352 „eversum”
863 1295 926 1339 non
945 1272 1102 1360 intelligo.
1123 1273 1350 1360 legendumne
1370 1294 1458 1350 „esse
1470 1271 1627 1339 verum”?

437 1379 524 1445 'lum
548 1381 710 1446 adnotatio
734 1403 795 1446 non
819 1380 948 1466 quidem
972 1380 1051 1446 falsa
1075 1387 1140 1459 est,
1165 1379 1219 1446 sed
1242 1387 1348 1445 tamen
1373 1383 1486 1446 otiosa.

489 1563 549 1628 121
578 1563 634 1646 (3).
667 1564 779 1630 Nonne
810 1566 856 1628 sic
886 1563 1077 1651 legendum:
1109 1563 1212 1629 adhuc
1242 1570 1386 1650 superest
1407 1571 1445 1629 ut
1468 1566 1627 1642 ostendat,

436 1690 537 1756 quarn
562 1691 623 1734 non
647 1673 690 1735 111
712 1669 914 1736 irascendum
939 1670 1049 1748 <sibi>
1074 1672 1152 1756 quin
1174 1673 1258 1735 iuste
1280 1668 1455 1736 irascatur?

488 1853 561 1918 125.
598 1853 700 1938 Prope
724 1853 831 1929 adest,
855 1874 929 1918 curn
953 1852 1056 1918 alieno
1081 1874 1169 1918 more
1193 1853 1398 1918 vivendumst
1421 1854 1504 1918 mihi

485 1958 626 2025 Donatus
656 1958 863 2044 simpliciter:
895 1980 992 2044 prope
1024 1959 1140 2024 adsunt
1172 1962 1315 2045 nuptiae.
1350 1958 1538 2046 Philosophi
1562 1981 1627 2026 am-

435 2064 548 2152 pliatio
567 2088 635 2131 esse
658 2066 784 2131 videtur
803 2065 888 2151 quod
909 2069 1070 2150 sequitur:
1092 2067 1124 2131 id
1145 2075 1192 2132 est
1211 2070 1244 2131 in
1264 2070 1408 2153 proximo
1428 2074 1503 2132 sunt
1522 2074 1628 2133 metae

432 2171 595 2238 libertatis
619 2179 651 2238 et
672 2172 744 2237 ideo
764 2172 891 2238 avidius
915 2172 1121 2259 voluptuaria
1145 2173 1204 2238 sub
1227 2173 1289 2239 fine
1311 2174 1465 2260 carpenda
1488 2182 1574 2238 sunt.

485 2356 559 2421 135.
584 2356 656 2422 Non
679 2359 783 2433 enim,
806 2359 929 2442 inquit,
953 2357 1082 2442 prodest
1104 2356 1170 2423 filio
1194 2378 1300 2423 amara
1323 2361 1535 2424 meretricem.

484 2462 654 2528 Adnotatio
678 2483 806 2548 prorsus
828 2461 926 2527 fatua.

485 2641 559 2708 137.
585 2641 674 2706 Mala
697 2662 804 2719 mens,
829 2639 936 2707 malus
958 2643 1095 2708 animus.

484 2749 582 2815 Don.:
614 2755 841 2835 argumentum
867 2769 885 2814 a
908 2754 1032 2813 natura.
1056 2747 1155 2812 Addit
1178 2747 1250 2813 illo:
1276 2755 1371 2814 etan
1395 2747 1511 2835 aliquis
1534 2750 1625 2826 (sit)

433 2860 505 2922 aine
529 2875 623 2922 eausa
647 2854 753 2920 malus
776 2875 815 2919 an
839 2855 878 2919 ab
900 2853 1104 2941 impulsione.

484 3037 499 3102 l
523 3037 622 3102 314.
648 3036 760 3101 Meum
783 3044 921 3123 gnatum
945 3058 1055 3102 rumor
1078 3043 1126 3103 est
1149 3058 1255 3103 amare

484 3142 634 3209 Graviter
656 3150 901 3230 constanterque
926 3165 1020 3208 senex
1043 3144 1184 3209 nondum
1209 3142 1625 3223 111111111111111111111.

434 3252 513 3337 quia
535 3250 618 3315 dixit
642 3271 773 3327 ,rumor
796 3250 881 3330 est’')
912 3271 970 3315 nec
993 3271 1105 3315 verum
1130 3254 1227 3328 11111,
1252 3271 1291 3316 11
1315 3254 1444 3316 amittat
1466 3254 1534 3318 vim
1558 3253 1626 3317 vin·

434 3357 590 3434 dicaturi,
615 3360 642 3421 si
666 3360 817 3422 rescierit.
887 3356 1061 3422 Adnotatio
1084 3378 1102 3423 a
1127 3360 1262 3422 veritate
1285 3378 1414 3442 prorsus
1436 3357 1549 3423 aliena.

482 3540 536 3606 23.
561 3540 672 3607 Davus
695 3563 767 3606 sum
790 3563 852 3607 uon
876 3539 1016 3626 Oedipus

482 3647 580 3713 Don.:
613 3648 713 3713 facete
744 3669 777 3712 se
808 3651 942 3734 negavit
973 3646 1152 3732 Oedipum,
1184 3655 1222 3712 ut
1252 3668 1359 3712 senem
1391 3645 1535 3734 Sphinga
1559 3670 1626 3715 esse

436 3754 611 3819 confirmet.
633 3752 736 3818 Phil:
758 3753 935 3840 Multiplex
955 3753 1164 3819 contumelia:
1187 3760 1292 3839 potest
1311 3756 1396 3818 enim
1416 3775 1523 3819 senem
1535 3758 1627 3840 quasi

433 3860 615 3946 Sphingam
639 3861 773 3937 dixisse,
797 3861 830 3925 id
854 3868 902 3925 est
922 3860 1099 3926 deformem
1120 3863 1319 3944 monstrique
1341 3859 1480 3925 similem
1491 3881 1499 3938 ;
1521 3868 1627 3945 potest

434 3970 535 4031 etiam
558 3967 772 4031 inhumanum
798 3974 829 4030 et
852 3966 974 4042 ferum,
1000 3973 1036 4030 ut
1057 3965 1198 4053 Sphinx3
1220 3973 1324 4051 potest
1344 3969 1441 4030 etiam
1461 3987 1517 4051 per
1536 3965 1627 4032 Oedi·

433 4071 551 4159 podem
583 4094 616 4137 se
647 4071 788 4138 ultorem
821 4075 1007 4156 promittere
1037 4072 1185 4137 futurum
1215 4078 1311 4156 atque
1339 4093 1557 4157 oppressorem
1581 4093 1625 4137 sa

435 4182 577 4267 pientiae
600 4182 694 4244 senis.

482 4284 524 4349 Et
555 4286 673 4362 forma,
707 4283 823 4371 triplex
855 4292 1013 4370 potest,
1045 4294 1077 4350 et
1107 4288 1209 4350 totius
1232 4283 1294 4350 loci
1319 4284 1555 4371 vaniloquentia
1578 4308 1625 4351 co·

433 4394 547 4477 arguit
570 4390 797 4478 philosophum
821 4399 992 4457 auctorem.

480 4574 496 4638 1
530 4572 559 4638 3.
574 4573 605 4638 6.
650 4573 807 4651 ,Difficile
843 4573 923 4651 est'’,
965 4595 1025 4638 non
1062 4573 1143 4639 dixit
1179 4573 1398 4660 „impossibile
1433 4576 1513 4653 sst’',
1548 4598 1625 4663 ergo

435 4679 578 4747 ostendit
601 4689 725 4767 partem
749 4701 781 4745 se
806 4683 912 4765 sequi,
939 4701 1019 4765 quae
1041 4701 1097 4768 pro
1120 4680 1291 4767 Pamphilo
1315 4690 1372 4747 est.
1441 4681 1601 4770 Ineptum.
