4525 5950
538 1289 1088 1381 OBSERVATIUNOULAE
1117 1293 1186 1382 Dii
1216 1294 1344 1383 lUltll
1371 1292 1604 1382 ROMANO.

1004 1494 1128 1536 scalpslu

845 1644 874 1710 J.
900 1644 935 1712 (l.
960 1646 1106 1712 NABuR
1128 1647 1161 1712 S.
1175 1649 1214 1712 A.
1227 1667 1288 1713 rm.

710 1797 947 1877 (matisconem
971 1821 1007 1861 er
1035 1798 1099 1863 Vol.
1123 1799 1215 1862 XXX
1227 1822 1302 1881 pop.
1328 1797 1417 1881 331).

971 2087 1157 2123 *004*-

970 2340 1154 2409 LXXXIX.

772 2541 814 2589 ua
837 2540 984 2590 rsonosrs
1006 2541 1166 2591 ursuoaror
1181 2525 1204 2605 ¹)
1227 2542 1364 2592 erraras.

512 2727 616 2807 Quem
647 2748 739 2814 saepe
768 2727 898 2793 laudavi
920 2730 1077 2793 iuvenum
1101 2728 1277 2808 cultorem,
1301 2751 1362 2795 non
1388 2731 1492 2795 famae
1515 2730 1658 2796 tribuens

459 2833 520 2899 sed
552 2841 702 2919 expertus
731 2836 816 2918 ipse,
849 2854 934 2898 nuno
965 2838 1074 2899 autem
1106 2839 1252 2920 ereptum
1277 2836 1339 2900 sibi
1362 2835 1477 2922 lugent
1499 2857 1561 2900 non
1581 2835 1658 2902 Ger·

458 2943 552 3007 mani
582 2945 728 3018 tantum,
753 2939 807 3005 ssd
831 2945 990 3026 quotquot
1013 2941 1130 3027 ubique
1155 2939 1298 3007 Romano
1322 2944 1387 3007 iuri
1411 2963 1541 3028 operam
1564 2964 1658 3010 nava

459 3068 553 3124 mus,
588 3053 657 3112 erat
690 3048 777 3112 enim
810 3049 844 3109 iu
879 3066 916 3111 eo
949 3067 1022 3111 cum
1055 3067 1184 3112 summe
1214 3047 1374 3125 doctrina,
1408 3051 1500 3113 ouius
1530 3054 1657 3113 exstant

458 3159 690 3229 monumenta,
726 3154 893 3217 coniuncta
928 3151 1125 3217 incredibilis
1157 3155 1258 3217 animi
1293 3154 1494 3240 benignitas,
1530 3156 1657 3240 scripsit

459 3257 549 3324 haud
582 3261 629 3322 ita
663 3257 787 3343 pridem
822 3259 953 3323 Pemice
967 3257 993 3337 ²)
1027 3260 1080 3323 ius
1118 3262 1265 3345 pignoris
1300 3258 1460 3345 duplicem
1497 3262 1656 3345 originem

458 3366 594 3431 habere:
621 3367 776 3430 actionem
802 3363 1007 3443 Seruianam,
1030 3364 1063 3429 id
1085 3372 1135 3430 est
1158 3387 1227 3431 eam
1251 3365 1348 3430 edicti
1371 3373 1513 3451 partem,
1538 3387 1601 3452 qua
1620 3370 1655 3431 in

458 3493 531 3537 rem
554 3473 637 3536 actio
662 3473 861 3556 proponitur,
883 3470 1092 3536 attendendi
1112 3475 1307 3556 pactionem,
1327 3471 1361 3536 id
1380 3478 1428 3537 est
1447 3471 1654 3557 prudentium

458 3579 704 3654 auctoritatem,
729 3596 810 3660 quae
834 3583 966 3662 propter
990 3580 1169 3661 pactionem
1194 3578 1330 3643 vendere
1353 3580 1515 3663 permittit
1528 3576 1563 3657 ³).
1594 3578 1656 3643 Sed

456 3690 618 3769 praestat,
651 3685 685 3746 ni
716 3681 819 3759 fallor,
844 3684 1018 3766 unicuique
1042 3686 1087 3748 rei
1111 3704 1210 3748 unam
1234 3690 1267 3749 et
1289 3682 1469 3769 simplicem
1495 3687 1654 3769 originem

457 3789 647 3874 adsignare:
680 3809 768 3865 eam,
801 3786 885 3852 unde
909 3790 1042 3852 initium
1066 3792 1202 3874 ceperit;
1227 3809 1307 3873 quae
1332 3788 1444 3854 deinde
1466 3793 1654 3855 accesserint

456 3902 489 3959 et
522 3895 569 3959 rei
600 3894 714 3958 faciem
748 3896 1022 3959 commutaverint
1054 3893 1106 3958 vel
1129 3893 1255 3980 plenius
1279 3897 1506 3979 expresserint,
1531 3916 1568 3960 ea
1590 3917 1653 3961 non

455 4001 591 4085 originis
611 3998 679 4065 loco
700 3999 754 4064 sed
774 4002 990 4064 mutationum
1012 4021 1146 4065 numero
1165 4001 1291 4065 hebere.
1311 4000 1421 4065 Fuerit
1440 4003 1543 4087 igitur
1562 4004 1653 4087 origo

453 4107 601 4191 pignoris
631 4103 732 4169 altera
763 4113 853 4169 utra:
887 4107 969 4170 actio
1000 4109 1163 4191 proposita
1194 4105 1246 4171 vel
1279 4105 1434 4171 vendendi
1464 4110 1569 4191 pactio
1599 4105 1651 4171 vel

454 4212 575 4276 horum
594 4218 765 4288 neutrum,
786 4210 839 4275 sed
861 4212 986 4295 potius,
1008 4231 1089 4295 quae
1109 4214 1267 4277 sententia
1286 4217 1334 4277 est
1354 4209 1487 4299 Georgii
1498 4212 1652 4278 Friderici

488 4453 517 4516 1)
545 4455 578 4501 De
599 4453 651 4502 iure
674 4452 782 4517 pignoris
804 4452 979 4518 pnehietorico
1002 4457 1026 4502 et
1049 4454 1279 4519 auteprsehietorioo
1301 4454 1458 4504 consulendus
1481 4458 1517 4505 est
1541 4456 1650 4516 Hersen,

452 4535 554 4599 Oripr'ne
569 4536 599 4584 de
615 4532 778 4599 timideque
794 4536 900 4585 romine
916 4535 1006 4599 (laea)
1025 4551 1046 4600 p.
1067 4537 1175 4586 se-ol.
1201 4546 1203 4549 '

482 4619 513 4679 8)
530 4617 644 4667 teucer.
662 4618 706 4666 dor
722 4618 826 4666 Sea-St.
846 4617 882 4667 lx
898 4618 984 4679 (1888)
1002 4634 1025 4682 p.
1044 4618 1101 4668 808.

484 4701 513 4763 8)
534 4714 572 4748 ιιι
588 4697 692 4748 muchs
708 4714 754 4747 aar
770 4699 826 4748 mi
850 4696 972 4749 Wumln:
990 4701 1033 4750 der
1049 4699 1112 4749 actio
1129 4700 1244 4750 servisse
1260 4702 1312 4750 end
1326 4703 1369 4751 der
1381 4699 1645 4767 Varkaufrleredanpl'

448 4782 488 4832 Ol.
509 4780 631 4830 Wiudech.
651 4781 736 4843 (1881)
754 4781 848 4843 1881ιῆ
