4525 5950
972 697 1114 746 raorrus.
1567 674 1632 742 333

443 867 637 932 seditionem
667 864 851 950 coeptabat,
883 863 1022 949 adeoque
1045 868 1264 928 commoverat
1285 867 1323 927 ut
1345 861 1478 947 signifer
1499 859 1636 946 legionis

444 994 564 1038 vocans
588 977 695 1036 sextae
718 974 850 1057 signum
873 971 912 1034 ad
936 991 1011 1035 eum
1036 968 1268 1034 transtulerit.’'

491 1078 547 1144 Sic
570 1082 605 1143 in
627 1078 733 1144 codice
758 1084 823 1154 est,
848 1079 903 1162 qui
926 1097 1002 1162 ergo
1026 1074 1244 1162 spectaculum
1267 1074 1358 1140 nobis
1381 1073 1510 1139 exhibet
1533 1075 1634 1138 mani-

443 1188 568 1253 festum
599 1185 812 1250 annotationis
843 1204 860 1247 e
890 1184 1035 1268 margine
1066 1185 1099 1246 in
1131 1186 1259 1248 textum
1289 1179 1468 1267 transgredi
1498 1179 1633 1243 11111111

443 1293 545 1357 etiam.
580 1290 664 1358 Cum
695 1292 781 1355 enim
811 1291 844 1352 in
875 1289 1048 1375 archetypo
1078 1287 1168 1354 locus
1198 1291 1246 1353 ita
1276 1293 1359 1353 esset
1381 1289 1518 1372 scriptus
1541 1286 1634 1365 (dabo

442 1406 556 1466 autem
595 1398 756 1463 linearum
797 1397 919 1481 primae
961 1394 1178 1479 secundaeque
1218 1393 1440 1460 tantummodo
1479 1398 1637 1458 extremas

444 1511 587 1591 partes):

587 1654 988 1675 ........
1035 1609 1164 1672 nomine
1188 1609 1273 1672 ciens
1354 1606 1502 1689 praeradia

584 1762 985 1781 ........
1033 1712 1171 1799 legionis
1193 1719 1301 1779 sextae
1358 1735 1465 1777 normae

582 1820 777 1907 signumad
801 1841 876 1885 eum
900 1818 1119 1897 transtulerit,

443 1948 548 1992 novus
575 1925 725 1992 librarius
747 1929 890 2013 primum
914 1918 1090 2010 poetricae
1114 1930 1217 1990 totam
1241 1927 1498 2003 annotationem,
1523 1924 1644 1995 deinde.

443 2039 517 2119 post
539 2040 642 2096 arctoo
662 2035 783 2097 iterum
807 2031 940 2097 alteram
966 2034 1035 2097 eius
1059 2034 1240 2117 partemin
1263 2038 1390 2097 textum
1415 2033 1542 2117 recepit.

489 2138 586 2204 Vides
616 2160 678 2204 non
709 2138 815 2203 deesse
844 2140 878 2201 in
909 2138 1016 2203 oodIce
1048 2137 1192 2203 Medioeo
1223 2140 1329 2223 priore
1355 2141 1424 2202 eius
1448 2140 1510 2216 rei,
1535 2157 1632 2223 quam

444 2245 609 2322 dicebam,
634 2244 795 2330 praeclara
818 2242 971 2330 exempla.
996 2246 1040 2308 At
1062 2244 1157 2331 longe
1178 2243 1299 2330 largior
1317 2247 1352 2309 in
1370 2244 1514 2310 Medioeo
1533 2243 1632 2310 altero

445 2354 562 2417 messis
585 2357 644 2416 est.

490 2457 528 2521 A.
553 2454 627 2532 XII,
652 2454 706 2520 33.
732 2455 815 2533 „Sed
838 2462 910 2519 tum
934 2459 1006 2520 astu
1029 2454 1171 2520 locorum
1192 2454 1301 2520 fraude
1321 2456 1407 2542 prior
1426 2453 1633 2535 (Caratacus),

445 2565 479 2627 vi
504 2561 651 2627 militum
673 2562 812 2638 inferior,
836 2561 984 2627 transfert
1007 2560 1127 2626 bellum
1152 2564 1185 2625 iu
1209 2561 1412 2627 Ordovicae.”

489 2669 680 2734 Rectissime
703 2670 824 2753 fronde
854 2667 984 2734 seclusit
1015 2667 1185 2744 Halmius,
1218 2667 1320 2753 quod,
1345 2667 1423 2734 olim
1447 2688 1543 2753 supra
1566 2674 1633 2731 artu

443 2778 620 2861 scriptum,
652 2778 686 2839 iu
717 2796 792 2840 eum
816 2780 924 2840 textus
948 2773 1056 2840 locum
1078 2777 1224 2860 irrepsit,
1249 2775 1306 2839 ubi
1329 2775 1405 2840 ferri
1426 2773 1516 2839 nullo
1539 2775 1633 2840 modo

442 2884 555 2969 possit.
589 2881 651 2961 Qui
673 2884 760 2946 enim
782 2880 871 2946 istud
893 2887 961 2944 orto
985 2881 1111 2945 locorum
1125 2882 1249 2967 froude
1271 2881 1445 2947 defendunt
1467 2883 1584 2959 etiam,
1608 2883 1633 2945 ii

442 3010 536 3054 sanae
560 2992 662 3053 menti
685 2989 823 3054 indicere
847 2988 970 3054 bellum
993 2989 1075 3052 mihi
1099 2988 1229 3074 quidem
1252 2989 1402 3054 videntur
1417 2988 1462 3070 ¹)..

488 3094 604 3161 Simile
627 3095 722 3181 quid,
746 3117 803 3160 nec
825 3098 934 3160 minus
957 3095 1139 3172 funestum,
1164 3097 1307 3160 evenisse
1330 3095 1458 3160 videtur
1481 3097 1519 3159 Α.
1540 3093 1630 3173 XIII,

444 3201 498 3267 14.
530 3202 617 3267 Irata
643 3200 762 3266 Neroni
786 3203 966 3287 Agrippina
990 3201 1204 3267 Brittanicum
1227 3223 1260 3267 se
1283 3201 1322 3267 ad
1345 3203 1518 3288 imperium
1543 3222 1632 3267 voca·

443 3315 553 3373 turam
577 3310 737 3372 minatur:

491 3414 638 3491 „ituram
669 3435 743 3478 cum
776 3412 833 3479 illo
856 3416 889 3478 in
913 3418 1032 3493 castra;
1057 3414 1223 3480 audiretur
1244 3415 1318 3480 bino
1341 3412 1525 3481 Germanici
1548 3414 1632 3492 filia,

441 3521 518 3587 inde
549 3519 663 3585 debilis
695 3519 816 3584 Burrus
847 3525 879 3584 et
911 3519 987 3585 exul
1018 3520 1154 3598 Seneca,
1186 3528 1299 3586 trunca
1328 3520 1450 3586 scilicet
1479 3542 1577 3586 manu
1601 3527 1633 3586 et

442 3629 634 3716 professoria
657 3625 769 3713 lingua
792 3629 918 3713 generis
941 3627 1075 3693 humani
1097 3630 1241 3715 regimen
1266 3627 1537 3713 expostulantes.’'

488 3734 579 3799 Num
610 3733 785 3818 quidquam
817 3755 959 3820 uuquam
991 3737 1146 3820 ecrIptum
1179 3741 1227 3800 est
1251 3733 1350 3799 sImul
1374 3735 1406 3798 et
1429 3733 1579 3802 disertius
1602 3732 1635 3798 et

441 3844 550 3928 magis
582 3838 807 3925 perspicuum?
837 3841 908 3906 Non
940 3846 1047 3906 tamen
1075 3841 1330 3927 pulcherrimum
1353 3840 1441 3905 istud
1464 3841 1534 3904 hinc

439 3950 515 4012 inde
545 3946 709 4013 intellexit
738 3948 975 4035 ludimagister,
1007 3969 1146 4035 ergoque
1170 3950 1210 4014 ad
1233 3950 1304 4013 inde
1327 3950 1493 4014 annotarit
1515 3969 1629 4012 curcua

438 4055 483 4120 Et
516 4076 600 4119 nunc
629 4057 662 4119 111
687 4061 779 4119 textu
801 4053 923 4141 legitur
946 4055 1016 4119 inde
1040 4055 1147 4119 debitia
1170 4078 1274 4119 111111
1297 4056 1427 4119 Borrae.
1452 4054 1535 4119 Nam
1560 4056 1630 4119 Aci·

440 4160 520 4226 dalii
542 4163 641 4237 ratio,
665 4183 769 4224 curcua
792 4159 944 4239 delentis,
969 4181 988 4225 a
1010 4162 1239 4226 recentioribus
1262 4163 1423 4247 spernitur
1442 4160 1629 4225 editoribus.

439 4265 626 4332 Praeclaras
656 4267 797 4351 profecto
829 4267 1017 4333 habebimus
1041 4270 1234 4353 scriptorum
1258 4266 1432 4333 latinorum
1456 4266 1630 4346 adltiones,

476 4501 500 4559 l)
524 4498 594 4562 Quod
616 4497 644 4545 ad
667 4495 811 4561 peculiarem
831 4495 897 4546 Illam
916 4496 1057 4545 substantivi
1076 4500 1131 4545 aete
1149 4496 1347 4561 significationem
1364 4497 1415 4562 (are
1432 4496 1534 4562 eligendi
1551 4496 1629 4562 campi

436 4582 489 4632 euie
511 4579 628 4629 militibus
651 4579 711 4645 apti)
731 4579 848 4645 pertinet,
874 4579 904 4628 oi.
928 4580 960 4629 Η.
979 4580 1009 4638 V,
1030 4580 1072 4631 l'I:
1096 4596 1171 4644 ·qnae
1189 4580 1310 4646 provideri
1328 4586 1379 4631 aeto
1398 4582 1464 4630 ducis
1480 4580 1630 4646 oportuerit,

437 4663 549 4731 proriae,
572 4678 666 4727 rampoe
691 4663 810 4711 madentes
833 4669 856 4710 11
873 4661 932 4726 ipeie
948 4678 1048 4726 guaros,
1065 4662 1174 4711 hoetibue
1192 4662 1299 4722 noxioe,¹'
1315 4665 1355 4728 qui
1374 4664 1438 4713 locus
1455 4664 1584 4713 admonere
1598 4662 1632 4711 ri·

438 4748 512 4795 detur
535 4749 563 4793 ut
580 4745 672 4804 1111(11.
689 4743 745 4802 XII,
764 4746 807 4804 33)
824 4746 923 4793 locorum
940 4760 1033 4808 quoque
1050 4744 1170 4794 doleamne
1176 4768 1182 4803 ;
1201 4762 1255 4795 nam
1273 4747 1361 4802 fraude
1378 4749 1478 4794 locem
1494 4744 1558 4794 vocie
1574 4750 1630 4794 aete

441 4830 477 4880 eic
495 4826 614 4877 adhibitae
631 4842 678 4876 non
695 4827 803 4893 ineptum
820 4835 855 4877 aet
871 4825 1118 4893 interpretamentum.
1136 4828 1181 4877 Sed
1199 4828 1299 4878 tortam
1310 4830 1407 4894 stende
1424 4828 1502 4878 delere
1519 4828 1612 4879 eudioit.
