4525 5950
531 679 598 746 362
1022 697 1246 746 nmeasrmon

531 868 664 951 eiusque
699 867 829 949 portum
865 865 1024 947 protegit,
1056 866 1100 927 sic
1131 862 1228 927 Prote
1258 866 1389 948 portum
1419 863 1497 948 pagi
1529 863 1584 926 cni
1619 881 1738 925 nomen

532 971 699 1037 Marathos
723 971 791 1032 sive
815 966 1049 1052 Marathopolis
1073 988 1090 1031 a
1114 970 1212 1032 maris
1235 973 1326 1033 aestu
1349 965 1501 1032 defendit.

579 1077 680 1142 Pauci
699 1077 867 1160 scriptores
886 1073 1012 1139 insulae
1032 1077 1228 1139 mentionem
1249 1074 1392 1140 fecerunt
1408 1072 1442 1153 ¹),
1462 1093 1521 1138 nee
1540 1074 1608 1137 nisi
1624 1074 1737 1157 exigui

533 1183 692 1249 momenti
715 1181 871 1265 quaedam
900 1180 938 1245 de
969 1201 1006 1245 ea
1037 1180 1247 1245 tradiderunt.
1281 1178 1485 1265 Thucydides
1519 1178 1620 1244 refert
1654 1176 1735 1243 bello

534 1288 801 1373 Peloponnesiaco
832 1286 1041 1351 Athenienses
1071 1286 1116 1350 ibi
1140 1307 1239 1351 unam
1263 1291 1392 1351 noctem
1413 1305 1512 1351 nares
1535 1287 1569 1349 in
1596 1288 1735 1349 statione

534 1395 701 1460 habuisse:
720 1394 759 1463 ὥς
780 1390 809 1455 δὲ
831 1387 911 1455 εἶδον
931 1397 987 1469 (se.
1007 1391 1231 1471 Athenienses)
1251 1392 1306 1464 τιίν
1325 1415 1360 1455 τι
1372 1389 1490 1470 ἤπειρον
1503 1391 1735 1466 ὃπλιτῶνινερί-

535 1514 636 1564 asser
655 1501 711 1572 τήν
734 1521 768 1560 τι
793 1503 878 1568 νῆσον
902 1503 958 1576 (sc.
980 1496 1215 1583 Sphscteriam)
1243 1494 1274 1560 ἓν
1298 1521 1332 1562 τι
1357 1498 1398 1578 τῷ
1422 1496 1523 1572 λιμένι
1549 1496 1651 1568 οὔσας
1676 1495 1734 1566 τὰς

536 1611 610 1674 sese
643 1603 695 1667 uel
728 1605 781 1667 οὐιι
812 1603 1022 1679 ἐκπλεούσας,
1053 1605 1263 1681 ἀπαρύσαντες
1289 1601 1348 1682 dere
1371 1603 1639 1680 καθορμίοοιντιιι,
1665 1603 1735 1665 τότε

536 1713 592 1787 μὲν
617 1710 648 1781 ἐς
672 1710 795 1787 liperici
821 1710 875 1781 rio
899 1714 996 1785 νῆσον,
1021 1703 1038 1779 ἣ
1064 1707 1096 1771 οὐ
1121 1708 1202 1773 πολὺ
1227 1707 1344 1788 ιὶπὲχιι
1370 1709 1475 1785 ἐρῆμον
1502 1702 1603 1786 οὖσι,
1630 1705 1737 1770 ἔπλεν

536 1842 595 1882 σοιν
626 1815 677 1879 sai
704 1817 886 1892 ἠολίσιιννο,
911 1823 949 1894 τῇ
974 1812 1004 1877 dl
1030 1812 1178 1896 ὑστιροιίρ
1281 1815 1430 1890 ἀνήγοντο
1444 1811 1479 1893 ²).
1514 1812 1638 1879 Strabo
1660 1814 1738 1878 haec

537 1923 646 1987 habet:
668 1917 733 1984 ἔστι
754 1919 785 1983 δὲ
806 1920 857 1982 sal
879 1922 977 1991 caslev
991 1917 1017 1997 3)
1036 1919 1087 1982 sel
1101 1922 1257 1999 πολίχνιον
1271 1920 1565 1997 traiciendarum
1580 1919 1694 1997 neerei
1702 1918 1738 1996 ⁴),

536 2027 590 2093 sed
622 2027 765 2111 suspicor
787 2046 862 2090 eum
887 2045 1006 2090 errasse
1029 2026 1220 2090 scribentem
1244 2026 1402 2104 πολίχνιον
1424 2027 1460 2089 in
1483 2024 1596 2089 insula
1621 2025 1738 2101 fuisse,

536 2154 618 2220 ques
648 2132 755 2198 locum
787 2131 860 2196 urbi
891 2134 1040 2216 quamvis
1069 2152 1186 2216 parvae
1217 2132 1367 2217 praebere
1399 2133 1453 2197 vix
1476 2134 1600 2216 potnit.
1627 2130 1739 2195 Turris

536 2247 644 2305 tamen
664 2237 795 2311 rudere,
816 2258 896 2322 quae
917 2237 1021 2302 adhuc
1040 2243 1166 2316 extant,
1188 2240 1402 2322 suspicionem
1415 2243 1550 2303 movent
1563 2236 1737 2303 castellum

536 2346 695 2424 (Φρούριον,
720 2341 849 2421 πύρνον)
871 2343 918 2406 ibi
941 2342 1101 2428 quendem
1124 2342 1239 2422 fuisse;
1265 2342 1372 2428 qualia
1390 2342 1463 2407 aliis
1483 2364 1619 2428 quoque
1638 2346 1675 2408 in
1694 2345 1738 2406 in-

537 2449 618 2515 sulis
640 2453 821 2513 constructa
845 2452 950 2524 erant,
975 2468 1002 2512 e.
1014 2468 1047 2534 g.
1073 2448 1203 2513 Minoae
1217 2447 1254 2528 5).
1278 2448 1339 2513 Sed
1360 2448 1438 2514 haec
1455 2447 1530 2512 aliis
1552 2451 1738 2514 accuratius

538 2553 730 2640 exploranda
761 2553 923 2638 relinqu0;
960 2574 1070 2619 meum
1100 2556 1166 2618 iam
1199 2560 1247 2618 est
1276 2552 1385 2618 locum
1415 2554 1472 2618 ubi
1506 2555 1738 2639 inscriptiones

537 2666 647 2726 extant
670 2660 820 2724 indicare.

582 2766 619 2831 ln
643 2763 831 2831 occidentali
852 2764 976 2830 insulae
999 2771 1088 2851 parte
1113 2786 1231 2851 parvus
1254 2768 1342 2831 sinus
1366 2771 1431 2843 est,
1456 2768 1552 2830 cuius
1580 2765 1738 2831 lateribus

538 2870 739 2938 meridionali
758 2876 791 2935 et
814 2870 1054 2957 septentrionali
1076 2870 1230 2956 insculpti
1254 2879 1329 2936 sunt
1353 2870 1460 2947 tituli;
1486 2875 1630 2937 tertium
1652 2871 1737 2936 latos

537 2981 635 3043 nimis
656 2976 818 3042 difficilem
839 2978 879 3043 ad
902 2980 1021 3042 montis
1045 2998 1196 3043 cacumen
1221 3000 1387 3044 ascensum
1410 2998 1467 3064 per
1491 3000 1572 3043 saxa
1597 2979 1736 3064 praebet

538 3083 763 3167 Inscriptiones
797 3082 870 3148 illes
904 3083 1040 3170 longum
1075 3089 1204 3168 tempus
1240 3087 1383 3169 aerisque
1415 3087 1630 3169 intemperies
1662 3084 1736 3149 adeo

539 3188 733 3253 mutilarunt
766 3195 803 3252 ut
832 3187 999 3275 pleresque
1032 3191 1089 3254 rix
1113 3192 1313 3274 potuerimus
1335 3189 1443 3275 legere
1467 3196 1568 3274 atque
1593 3191 1675 3255 adeo
1699 3190 1735 3254 ab

538 3298 597 3369 iis,
629 3315 709 3379 quae
739 3295 940 3360 meridionali
970 3294 1063 3360 lateri
1087 3295 1266 3381 insculptae
1290 3303 1381 3373 sunt,
1406 3297 1665 3362 transcribendis
1689 3296 1735 3360 ab

539 3400 723 3466 stinendnm
748 3402 839 3465 nohis
863 3401 977 3478 fuerit,
1002 3401 1088 3485 quod
1111 3422 1207 3486 rupes
1230 3423 1358 3487 perrosa
1380 3401 1458 3466 solis
1478 3401 1553 3467 luce
1575 3425 1641 3468 non
1663 3404 1735 3467 satis

539 3512 612 3571 tum
643 3505 874 3571 illustrabatur.
906 3505 1160 3592 septentrionale
1188 3513 1298 3573 autem
1321 3507 1406 3572 latus
1428 3514 1647 3594 praeruptum
1673 3515 1735 3582 est,

539 3613 649 3697 itaque
678 3618 798 3676 stantes
828 3614 861 3675 in
891 3612 989 3676 lintre
1011 3611 1244 3677 delineavimue
1267 3615 1308 3676 rei
1333 3612 1455 3689 ἀμυδρὰ
1480 3614 1672 3689 γράμματα
1693 3616 1735 3678 in·

540 3719 752 3801 scriptionum
783 3738 861 3802 quas
889 3717 958 3782 illic
990 3721 1184 3784 invenimus.
1217 3719 1328 3803 Neque
1359 3722 1419 3783 rite
1450 3722 1538 3784 saxis
1563 3722 1626 3785 hae
1652 3726 1736 3785 erant

540 3821 737 3906 insculptae,
762 3822 816 3886 sed
839 3830 983 3888 auctores
1008 3823 1118 3909 lapillo
1138 3845 1253 3908 rupem
1271 3824 1447 3889 identidem
1467 3822 1633 3909 pulsando
1658 3825 1736 3890 litte

542 3948 592 3993 ras
616 3927 764 3993 evanidas
787 3928 960 3993 formarent
974 3929 1010 4009 6).

578 4220 604 4280 1)
623 4218 688 4267 Ptol.
705 4217 745 4266 111
764 4218 808 4277 le;
823 4217 887 4267 Plin.
904 4216 937 4267 H.
954 4218 988 4267 N.
1006 4218 1040 4266 IV
1061 4219 1092 4267 19
1112 4219 1177 4281 §123
1197 4218 1263 4269 Mele
1279 4220 1305 4269 Π
1323 4220 1337 4273 7
1356 4221 1419 4282 §10;
1438 4219 1515 4269 Thus.
1533 4219 1618 4271 Streb.

577 4301 604 4363 2)
622 4299 781 4364 Theophili
800 4302 830 4350 la
848 4302 892 4362 58.

577 4382 605 4447 3)
622 4380 671 4430 Kal
687 4381 767 4439 νησίον
786 4382 840 4431 dedi
857 4382 984 4432 secundum
1002 4383 1082 4433 Curtii
1099 4384 1299 4443 emendetionem;
1318 4384 1385 4433 codd.
1403 4382 1516 4446 ιιινιΐριον.

575 4463 606 4526 4)
624 4463 701 4513 Streb.
718 4464 781 4513 VIII
798 4466 812 4513 a
831 4466 891 4526 528.

577 4546 605 4609 h)
628 4546 664 4594 Gi.
687 4544 762 4595 Thac.
779 4545 818 4595 111
838 4548 867 4597 sl
887 4545 936 4607 §le
962 4541 1073 4608 ἦχρῦντο
1093 4545 1120 4596 δὲ
1138 4545 1204 4612 atrii
1222 4550 1262 4610 (ee.
1281 4547 1374 4610 Minoe)
1390 4545 1484 4610 πύργον
1501 4544 1738 4614 ἔνοικοδομιὶσιιντιι

544 4627 570 4675 οἱ
585 4628 702 4688 Μεγαρῆς
718 4628 828 4689 φρουρίῳ.

576 4708 603 4771 d)
626 4708 815 4772 inscriptionum
837 4710 872 4758 ito
895 4713 1046 4759 exaratorum
1068 4710 1117 4761 elie
1140 4712 1247 4778 example
1270 4711 1385 4777 praebent
1407 4712 1475 4761 tituli
1500 4716 1649 4781 perantiqui
1675 4716 1741 4766 'lheei

542 4790 650 4849 inventi,
673 4806 733 4854 qnos
756 4807 778 4840 v.
796 4792 826 4841 cl.
846 4792 930 4841 Hiller
946 4808 991 4842 ven
1009 4793 1156 4857 Girtringen
1173 4795 1248 4844 edidit
1264 4794 1291 4843 0.
1308 4793 1396 4844 Line.
1413 4809 1474 4844 mer.
1491 4798 1552 4861 Aeg.
1570 4796 1613 4847 111
1632 4800 1682 4850 eet
1694 4814 1740 4863 sqq.
