4525 5950
656 702 722 768 398
1184 719 1321 767 ovm1us.

654 885 705 951 Ita
733 885 785 949 hio
817 883 986 968 disposita,
1019 881 1072 948 vel
1096 885 1205 969 potius
1228 885 1406 968 permixta,
1430 889 1507 948 sunt
1530 883 1692 950 vocabula
1714 890 1772 962 ut,
1796 887 1854 949 nisi

654 990 784 1056 aliunde
807 991 937 1075 cognite
959 996 1042 1054 esset
1065 987 1192 1066 fabula,
1217 987 1407 1073 ademptum
1429 992 1538 1074 potius
1561 988 1738 1057 Numitori
1761 1012 1853 1077 quam

653 1096 816 1162 redditum
839 1115 858 1159 a
880 1094 1049 1179 nepotibus
1072 1114 1211 1179 regnum
1233 1097 1440 1180 suspicarere.

701 1201 765 1267 785
778 1224 823 1287 sq.
849 1199 933 1266 Cum
957 1199 1091 1284 Tarpeia
1113 1199 1222 1265 hostes
1246 1203 1480 1266 intromitteret

790 1306 865 1371 Sola
888 1305 995 1370 Venus
1017 1311 1127 1390 portae
1151 1304 1303 1371 cecidisse
1326 1307 1483 1394 repagula
1506 1310 1609 1372 sensit

790 1411 832 1477 Et
855 1411 1002 1477 clausura
1025 1410 1105 1488 fuit,
1130 1414 1193 1476 nisi
1216 1412 1301 1497 quod
1324 1412 1501 1479 rescindere
1523 1434 1698 1499 nunquam

789 1517 847 1582 Dis
869 1516 944 1581 licet
969 1523 1039 1582 acta
1063 1516 1171 1582 deum.

653 1624 773 1690 'Potum
791 1623 879 1688 istud
899 1622 961 1685 noi
975 1671 982 1686 .
997 1672 1004 1686 .
1020 1623 1125 1686 deum
1150 1643 1281 1687 versum
1304 1623 1428 1708 explet,
1452 1623 1537 1689 nihii
1555 1623 1655 1689 ultra.
1682 1625 1729 1690 Et
1749 1647 1856 1692 revera

651 1733 686 1795 in
717 1732 862 1814 proxime
886 1728 1092 1813 sequentibus
1114 1727 1198 1793 illud
1221 1731 1331 1815 ipsum
1356 1729 1413 1794 dea
1435 1730 1553 1796 faciens
1576 1729 1754 1796 inducitur
1776 1731 1855 1818 quod

652 1836 706 1900 hic
727 1836 814 1900 nefas
838 1856 905 1899 esee
929 1834 1058 1899 dicitur.

699 1939 764 2006 799
777 1962 844 2025 sqq.
993 1939 1081 2018 Quae
1104 1944 1162 2018 (sc.
1184 1945 1288 2020 arma)
1311 1946 1482 2025 postquam
1506 1940 1674 2006 Romulus
1700 1942 1790 2009 ultro

788 2044 933 2122 Obtulit,
958 2051 990 2108 et
1012 2051 1110 2108 strato
1133 2052 1177 2108 cet
1199 2045 1289 2108 ocae
1311 2047 1448 2110 Boream
1469 2047 1591 2110 Sabinis

791 2151 968 2233 Corporibus
989 2157 1087 2214 stato
1111 2157 1211 2235 eatque
1232 2151 1307 2214 suia.

651 2256 743 2322 Nihil
773 2259 835 2321 isto
858 2255 1007 2332 flosculo,
1032 2257 1088 2341 qui
1111 2255 1192 2321 duos
1213 2254 1330 2340 implet
1353 2276 1480 2338 versus,
1504 2255 1627 2322 dicitur
1649 2279 1757 2343 quam
1779 2261 1851 2326 hoo:

654 2368 844 2448 „postquam
867 2361 1067 2446 aliquamdiu
1092 2367 1275 2448 pugnatum
1297 2362 1378 2427 est.'’

697 2467 764 2533 824
784 2489 850 2554 sqq.
881 2467 1047 2552 Nusquam
1077 2467 1147 2531 vidi
1168 2470 1347 2554 imaginem
1368 2469 1626 2534 invenustiorem
1651 2470 1771 2549 haece,
1794 2492 1852 2557 qua

651 2596 765 2659 corpus
783 2572 916 2639 Romuli
928 2576 961 2637 in
973 2573 1070 2638 deum
1081 2577 1226 2639 conversi
1238 2580 1443 2660 comparatur
1454 2595 1529 2641 cum
1541 2574 1666 2661 glande
1679 2576 1850 2653 Balearica,

652 2701 734 2765 quae
757 2683 790 2745 in
814 2680 951 2744 nubium
974 2682 1106 2765 regione
1129 2678 1294 2764 liquescit:

1183 2782 1307 2871 (lorpus
1331 2785 1466 2852 mortale
1488 2807 1546 2873 per
1569 2807 1670 2854 aurae

787 2891 957 2978 Dilapsum
981 2897 1111 2969 tenues;
1138 2893 1183 2955 sic
1206 2890 1272 2956 lata
1295 2891 1448 2977 plumbea
1468 2892 1566 2958 funda

787 3000 889 3063 Missa
913 2997 994 3063 solet
1018 2996 1122 3062 medio
1146 2996 1240 3083 glans
1262 2999 1457 3064 intabescere
1479 2997 1575 3065 caelo.

648 3105 755 3190 Turpe
785 3104 969 3189 nescioquid
1000 3111 1033 3168 et
1064 3102 1128 3168 vile
1162 3104 1256 3168 habet
1286 3104 1487 3167 intadeeeeedi
1512 3106 1671 3185 verbum,
1700 3108 1845 3194 planeque

648 3218 697 3278 eet
726 3210 897 3296 indignum
923 3231 986 3295 quo
1010 3208 1210 3295 significetur
1232 3230 1347 3295 corpus
1371 3208 1502 3295 aliquod
1526 3218 1684 3278 naturam
1709 3215 1842 3281 divinam

648 3317 790 3382 induere.

695 3422 761 3487 830
782 3442 848 3508 eqq.
884 3421 920 3486 In
945 3420 1070 3486 caelum
1093 3421 1239 3486 sublatus
1262 3422 1319 3486 ubi
1343 3428 1391 3487 est
1413 3421 1589 3501 Romulus,
1615 3424 1701 3492 Iuno

784 3528 850 3594 Irin
873 3528 913 3592 ad
936 3526 1111 3592 Hersiliam
1136 3525 1323 3592 descendere
1345 3526 1451 3593 limite
1474 3550 1572 3594 curvo

785 3632 927 3718 imperat
950 3639 982 3697 et
1005 3653 1124 3697 vacuae
1149 3653 1207 3697 sua
1228 3635 1274 3697 sio
1296 3633 1446 3698 mandata
1469 3634 1605 3699 referre:

787 3739 833 3817 „0
857 3746 890 3803 et
913 3738 951 3802 de
976 3738 1083 3814 Latia,
1107 3759 1126 3802 o
1149 3745 1182 3803 et
1205 3737 1362 3823 degente
1386 3737 1502 3803 Sabina

785 3845 1017 3929 Praecipuum,
1041 3849 1205 3920 matrona,
1228 3844 1340 3921 decus,
1366 3844 1556 3930 dignissima
1581 3849 1668 3910 tanti

784 3953 867 4016 Ante
891 3950 989 4015 fuisse
1013 3952 1091 4026 viri,
1116 3952 1253 4015 coniunx
1277 3971 1360 4015 nuno
1383 3971 1452 4016 esse
1475 3950 1614 4030 Quirini,

784 4055 867 4121 Siste
890 4061 963 4121 tuos
986 4054 1113 4120 fletus.'’

647 4163 785 4227 Minime
808 4160 981 4247 pulchrum
1003 4160 1086 4225 illud
1105 4168 1153 4225 est
1172 4160 1256 4246 quod
1275 4164 1379 4246 ipsam
1403 4160 1650 4238 allocutionem,
1678 4185 1743 4248 qua
1769 4162 1837 4229 lridi

648 4269 687 4333 ad
720 4266 894 4333 Hersiliam
917 4266 1075 4331 utendum
1100 4273 1167 4343 est,
1192 4270 1222 4332 ei
1245 4267 1376 4332 subiicit
1397 4266 1486 4331 Iuno.
1510 4266 1638 4345 Quanto
1665 4267 1837 4356 elegantius

647 4375 730 4439 foret
758 4376 883 4459 ipsique
914 4379 1045 4437 naturae
1069 4375 1254 4437 conveniret
1279 4375 1401 4458 magis,
1426 4375 1454 4436 si
1478 4371 1610 4437 dearum
1633 4379 1782 4440 maxima
1801 4374 1837 4439 sa

648 4479 754 4545 mulae
786 4500 860 4544 suae
888 4479 1112 4543 tantummodo
1144 4481 1317 4563 imperarat
1340 4479 1417 4563 quid
1441 4483 1524 4542 esset
1548 4481 1787 4558 nuntiandum,
1809 4486 1836 4544 at

647 4587 724 4650 hacc
746 4583 872 4660 deiude,
893 4582 1029 4648 muliere
1048 4583 1105 4647 illa
1124 4585 1278 4668 primaria
1297 4590 1480 4668 conspecta,
1500 4586 1730 4667 praemitteret
1748 4586 1834 4652 rerba

647 4691 890 4755 admirationem
915 4709 1006 4753 suam
1032 4692 1192 4753 testantia.

693 4794 758 4859 849
793 4794 866 4879 lpea
889 4814 1015 4879 quoque
1038 4793 1180 4859 Hersilia
1203 4794 1260 4858 dea
1283 4795 1367 4859 facta
1388 4795 1423 4858 iu
1445 4793 1571 4858 caelum
1596 4796 1725 4862 evolat:
