4525 5950
990 687 1126 735 ovinius.

606 855 693 935 Quae
715 856 859 941 gemitus
884 861 1078 938 truncaeque
1101 853 1159 918 deo
1183 853 1365 938 Neptunius
1388 854 1481 919 heros

607 959 711 1028 Causa
734 967 828 1046 rogat
851 960 963 1026 frontis

446 1072 512 1133 rari
543 1074 619 1132 sunt
644 1071 677 1131 in
702 1067 1031 1151 Metamorphosesin,
1055 1087 1159 1151 neque
1183 1065 1264 1133 ullos
1288 1068 1332 1132 ibi
1356 1069 1491 1132 memini
1514 1088 1567 1131 me
1590 1066 1641 1130 his

442 1176 657 1238 intricatiores
687 1172 812 1258 legere,
844 1178 877 1236 et
907 1179 984 1236 sunt
1015 1178 1123 1236 tamen
1157 1170 1208 1236 vel
1239 1172 1274 1236 hi
1298 1172 1457 1237 eiusmodi
1482 1178 1519 1235 ut
1542 1171 1643 1237 iudioi

443 1279 542 1365 paulo
566 1279 680 1344 leniori
704 1277 802 1343 bilem
826 1298 957 1343 movere
979 1299 1042 1342 non
1065 1280 1200 1362 possint.
1226 1277 1282 1353 „ln
1306 1277 1641 1363 Metamorphosesin''

444 1407 521 1450 oum
545 1384 630 1461 dioo,
656 1383 755 1449 libros
781 1382 856 1446 XIV
880 1390 911 1447 et
937 1382 996 1447 XV
1018 1403 1092 1447 oum
1111 1383 1189 1448 libri
1208 1382 1288 1448 XIII
1308 1385 1453 1450 versibus
1473 1382 1639 1450 too-fin.

444 1494 579 1575 excipio.
603 1490 688 1554 Nam
711 1489 788 1553 hasa
812 1508 885 1573 pars
904 1489 1051 1553 versibus
1070 1489 1230 1564 obscuris,
1252 1491 1423 1567 contortis,
1446 1491 1535 1554 omui
1555 1488 1641 1553 deni·

443 1618 506 1683 que
530 1617 646 1682 genere
670 1597 824 1661 vitiorum
848 1593 1084 1671 laborantibus,
1111 1594 1252 1659 abundat
1276 1602 1308 1660 et
1331 1602 1406 1659 sunt
1429 1597 1462 1659 in
1481 1594 1547 1660 illis
1566 1616 1641 1660 uon·

444 1701 546 1780 nulli,
571 1722 666 1787 quoe,
690 1703 788 1766 etiam
813 1721 889 1765 oum
912 1702 1025 1784 primis
1049 1697 1116 1764 illie
1141 1699 1217 1764 libri
1240 1699 1288 1763 IX
1311 1701 1456 1765 versibus
1478 1720 1642 1785 eompara-

445 1814 514 1884 tos,
538 1810 663 1891 ineptos
689 1805 893 1890 iusulsosque
917 1804 1020 1870 dioere
1042 1827 1105 1870 non
1129 1805 1265 1870 dubites.

493 1915 563 1998 Age
586 1915 651 1977 iam
676 1919 733 1976 ant
756 1932 866 1976 omnes
890 1917 947 1976 aut
970 1917 1054 1976 certe
1078 1932 1131 1976 eos
1155 1914 1210 1996 qui
1233 1915 1375 1977 maxime
1398 1915 1542 1998 insignes
1565 1917 1642 1977 sunt

445 2021 499 2083 hio
523 2037 754 2102 proponamus;
781 2020 826 2082 sio
849 2019 971 2101 optime
994 2015 1134 2081 elucebit
1157 2024 1312 2101 quantum
1338 2018 1400 2082 sibi
1422 2039 1493 2083 eam
1516 2023 1641 2102 partem

444 2124 585 2187 scribens
618 2125 800 2207 permiserit
823 2121 977 2200 Ovidius,
1003 2129 1161 2207 quantum
1184 2123 1247 2187 sibi
1269 2123 1365 2188 lioere
1389 2126 1432 2188 sit
1455 2124 1640 2188 arbitratus.

444 2228 643 2314 Lagentium
673 2227 841 2294 oommodo
866 2227 1033 2293 cousulens
1057 2229 1222 2305 versibus,
1247 2232 1303 2314 qui
1326 2232 1389 2313 ipsi
1413 2249 1469 2313 per
1491 2249 1524 2323 se
1548 2228 1642 2293 iutel-

443 2335 508 2421 ligi
532 2356 595 2399 non
619 2333 711 2399 saoile
733 2336 872 2419 possint,
898 2335 1132 2399 enarrationem
1157 2354 1254 2419 quam
1278 2335 1502 2400 brevissimam
1525 2334 1640 2400 addam

446 2441 595 2506 locorum
619 2462 636 2505 e
660 2441 777 2525 quibus
801 2443 924 2525 sumpti
946 2446 1032 2504 sunt.

493 2653 583 2730 XIII,
609 2653 675 2718 450
699 2652 880 2739 (Polyxena
901 2651 1052 2718 landatur
1075 2659 1273 2738 tamquam:

605 2759 711 2825 Fortis
735 2763 767 2823 et
789 2757 901 2822 infelix
927 2764 959 2823 et
983 2757 1056 2842 plus
1081 2779 1177 2843 quam
1202 2758 1320 2823 femina
1343 2761 1445 2843 virgo.

444 2865 531 2946 Quid
556 2866 617 2930 sibi
641 2864 723 2931 velit
744 2871 838 2949 poeta
861 2870 1023 2949 uteunque
1045 2863 1278 2951 intelligimus:
1312 2867 1426 2950 „virgo
1449 2863 1509 2929 illa
1532 2864 1641 2931 fortio·

443 2992 635 3057 remquam
660 2992 717 3056 pro
742 2969 859 3035 femina
883 2991 916 3035 se
939 2968 1135 3054 praestitit.''
1159 2968 1220 3035 Sed
1244 2972 1326 3035 mire
1349 2969 1503 3055 loquitur.

494 3076 559 3142 466
573 3099 618 3163 eq.
644 3076 778 3156 (Eadem
801 3075 967 3162 Polyxena
990 3075 1137 3140 saorifioii
1160 3079 1325 3142 ministros
1348 3082 1444 3157 orat):

606 3181 654 3247 Ite
678 3180 806 3267 prooul,
832 3184 860 3245 si
882 3184 969 3246 insta
992 3188 1085 3267 peto,
1112 3187 1264 3267 taotuqne
1288 3182 1399 3247 viriles

608 3286 759 3374 Virgineo
782 3293 946 3352 removete
969 3307 1094 3352 manns.

446 3393 654 3459 Proeliautur
688 3393 741 3457 hio
777 3395 862 3457 inter
898 3413 931 3457 se
965 3391 1136 3468 voeabula,
1173 3415 1236 3458 non
1271 3393 1380 3458 ordine
1415 3392 1638 3478 disponuntur.

446 3498 629 3565 Dicendum
653 3498 718 3563 fere
741 3503 826 3561 erat:
854 3496 986 3573 „viriles
1006 3518 1120 3562 manus
1140 3518 1269 3583 corpore
1289 3501 1434 3585 virgineo
1454 3497 1639 3564 removete'’

445 3603 501 3669 vel
526 3603 645 3680 „nolite
668 3602 818 3667 virilibus
841 3604 989 3667 manibus
1013 3606 1198 3688 virgineum
1222 3626 1336 3689 oorpus
1360 3604 1524 3690 tangere'’.
1555 3605 1640 3670 Nam

446 3713 522 3796 quis
545 3729 687 3794 unquam
711 3709 806 3774 verba
829 3730 910 3793 quae
933 3715 1008 3773 suut
1031 3716 1127 3772 tactae
1150 3711 1302 3790 oirpieene
1323 3713 1368 3774 sio
1391 3709 1535 3796 adbibita
1557 3710 1642 3777 vidit

446 3825 487 3881 ut
510 3818 551 3879 iis
574 3817 608 3878 rt
629 3814 774 3896 uirginem
801 3822 922 3893 tenpore
944 3812 1201 3899 significaretur?

495 3920 560 3985 552
584 3918 731 4000 (Hecuba
753 3919 884 3984 insidias
907 3922 1005 3984 struit
1027 3918 1268 4006 Polymestori),

606 4024 877 4111 Colloquiumque
900 4027 998 4110 petit:
1023 4046 1098 4089 nam
1122 4047 1156 4091 se
1178 4032 1356 4092 monstrare
1380 4028 1528 4093 relietum

608 4130 696 4196 Velle
720 4131 822 4196 latens
846 4130 912 4207 illi,
937 4130 1020 4216 qnod
1044 4139 1119 4197 nato
1143 4132 1305 4210 redderet,
1329 4154 1456 4199 aurum.

443 4238 689 4305 Snbobsourum
719 4244 752 4302 et
782 4240 838 4301 vix
870 4237 1016 4301 ferendae
1043 4236 1180 4302 duritiae
1205 4245 1254 4302 est
1276 4239 1363 4303 istud
1387 4241 1522 4303 relictum
1546 4242 1643 4305 lateas

445 4366 564 4408 aarum.

494 4447 560 4513 600
573 4468 640 4533 sqq.
672 4450 810 4525 (Aurora
841 4469 859 4512 a
890 4447 965 4512 Iove
996 4450 1078 4532 petit
1111 4454 1148 4513 ut
1172 4449 1378 4514 Memnonem
1403 4458 1570 4517 mortuum
1593 4455 1641 4518 in-

443 4556 533 4639 signi
557 4552 666 4638 aliquo
690 4554 805 4618 afficiat
828 4554 946 4618 honore
970 4560 1003 4618 et
1027 4556 1072 4618 sio
1095 4575 1191 4618 suum
1216 4554 1355 4620 dolorem
1379 4556 1508 4637 leniat):

607 4657 753 4743 Iuppiter
776 4658 940 4723 adnuerat.
965 4656 1047 4725 Oum
1071 4659 1255 4726 Memnonis
1278 4661 1397 4726 arduus
1421 4662 1486 4728 alto

608 4761 737 4830 Oorrnit
759 4767 836 4851 igne
860 4786 960 4850 rogus
985 4768 1134 4851 nigrique
1158 4765 1322 4831 volumina
1347 4767 1430 4832 fumi
