4525 5950
647 696 712 760 204
1165 712 1308 758 scurrus.

646 877 807 962 perstabat
826 876 965 960 negotiis
984 875 1127 937 cuiusvis
1146 876 1244 937 etiam
1256 872 1412 937 levissimi
1425 878 1492 937 erat
1504 872 1659 936 hominis:
1679 872 1840 937 nesciebat

646 986 733 1049 enim
756 1002 890 1067 gravem
914 979 1010 1043 illum
1034 980 1187 1043 morbum
1210 1000 1286 1043 esse.

693 1089 774 1151 Ann.
800 1085 852 1162 VI,
880 1086 908 1149 l.
943 1084 1078 1162 „Caesar
1112 1088 1278 1158 tramisso,
1308 1085 1393 1170 quod
1423 1082 1560 1169 Capreas
1590 1089 1622 1148 et
1648 1084 1840 1148 Surrentum

645 1191 810 1267 interluit,
843 1191 943 1267 freto,
976 1187 1186 1275 Campaniam
1218 1189 1438 1275 praelegebat,
1463 1191 1637 1275 ambiguus
1661 1211 1701 1254 an
1726 1190 1841 1254 urbem

644 1301 797 1373 intraret,
817 1317 874 1362 ssu
894 1299 969 1380 quia
982 1303 1091 1360 contra
1104 1294 1335 1371 destinaverat,
1355 1298 1495 1379 speciem
1508 1297 1635 1360 venturi
1648 1293 1840 1359 simulans.'’

693 1404 792 1467 Mitto
827 1423 911 1466 nnnc
945 1401 1038 1486 plane
1070 1403 1207 1465 otiosam
1238 1399 1453 1465 simulationis
1482 1403 1580 1465 istam
1605 1403 1839 1485 suspicionem;

647 1531 748 1574 nnum
781 1508 852 1572 dico
883 1507 1034 1571 adversus
1064 1505 1148 1571 illud
1178 1509 1297 1571 crimen
1330 1505 1517 1570 mortalium
1541 1507 1702 1570 neminem
1729 1511 1841 1569 tutum

647 1637 723 1681 esse.
748 1613 921 1678 Videamus
945 1615 1127 1696 sequentia:

697 1718 758 1795 „Et
781 1738 873 1802 saepe
896 1720 928 1780 in
952 1720 1130 1802 propinqua
1155 1717 1335 1802 digressus,
1360 1717 1455 1781 aditis
1475 1719 1568 1781 iuxta
1586 1715 1752 1780 Tiberiam
1771 1716 1843 1780 hor·

646 1829 706 1902 tie,
730 1845 805 1890 saxa
829 1846 958 1888 rursum
982 1831 1013 1889 et
1037 1822 1244 1889 solitudinem
1268 1826 1366 1887 maris
1389 1823 1550 1907 repetiit.''

693 1932 773 1994 Sana
803 1937 832 1993 et
860 1931 1061 1993 solitudinem.
1095 1929 1142 1994 De
1166 1925 1276 2015 Gyaro
1301 1929 1353 1994 vel
1375 1929 1580 2004 Pandateria,
1605 1926 1710 1993 aliave
1734 1928 1842 1993 insula

645 2040 678 2101 in
709 2057 806 2121 quam
838 2038 946 2100 miseri
978 2034 1088 2099 exules
1120 2035 1326 2110 eiciebantnr,
1358 2055 1539 2099 sermonem
1563 2055 1630 2099 esse
1654 2040 1759 2118 putes.
1793 2031 1840 2097 De

648 2141 777 2228 Capreis
807 2143 925 2227 agitur,
959 2142 1075 2225 quibus
1105 2139 1232 2204 nullum
1264 2144 1479 2205 amoeniorem
1510 2161 1578 2206 esse
1609 2139 1718 2203 locum
1742 2138 1841 2224 probe

647 2249 766 2313 sciebat
788 2246 927 2311 Tacitus.
952 2245 1004 2311 Sic
1028 2249 1115 2310 enim
1138 2248 1206 2310 eius
1230 2249 1331 2310 situm
1356 2246 1507 2311 describit
1530 2244 1583 2324 IV,
1609 2244 1670 2310 67:

667 2351 804 2431 ·,‚Caeli
828 2356 999 2437 temperies
1022 2352 1127 2417 hieme
1151 2355 1241 2416 mitis
1265 2353 1390 2417 obiectu
1409 2355 1546 2428 montis,
1568 2373 1630 2437 quo
1650 2371 1747 2416 saeva
1767 2372 1841 2416 ven·

648 2467 756 2524 torum
788 2474 952 2535 arcentnr;
984 2466 1086 2524 aestas
1115 2461 1149 2522 in
1183 2459 1347 2523 favonium
1371 2461 1504 2524 obversa
1527 2466 1559 2524 et
1582 2465 1692 2544 aperto
1716 2462 1840 2523 circum

648 2563 763 2650 pelago
786 2583 994 2650 peramoena;
1023 2564 1307 2648 prospectabatque
1330 2564 1585 2649 pulcherrimum
1609 2567 1728 2641 sinum,
1753 2570 1842 2629 ante·

647 2692 743 2757 qnam
769 2670 928 2735 Vesuvius
951 2692 1044 2734 mons
1066 2669 1230 2734 ardescens
1253 2671 1367 2735 faciem
1390 2670 1451 2735 loci
1474 2670 1647 2736 verteret.'’

692 2777 796 2856 Quare
819 2797 896 2862 ergo
921 2775 973 2839 hic
996 2775 1034 2840 de
1058 2774 1188 2859 Capreis
1211 2778 1258 2841 ita
1280 2775 1423 2861 loquitur
1448 2785 1613 2862 tamqnam
1633 2777 1746 2841 eiiam
1768 2782 1840 2839 tum

648 2882 766 2960 „facies
783 2880 846 2946 luci
866 2902 957 2946 versa
970 2880 1093 2945 esset’l
1112 2880 1242 2946 Scilicet
1256 2889 1291 2945 ut
1304 2881 1431 2947 Tiberio
1445 2881 1646 2958 „secretum”
1660 2884 1841 2967 assignaret

647 2996 805 3064 taetrum,
838 3008 1004 3071 asperum,
1038 2987 1250 3064 horrendum,
1274 3010 1314 3052 ne
1336 2991 1406 3074 ipso
1430 2989 1558 3073 quidem
1584 2987 1770 3053 Domitiano
1795 2992 1840 3052 in-

646 3094 793 3178 dignum.
826 3092 987 3177 Additque
1018 3092 1098 3156 hanc
1129 3113 1258 3157 causam
1290 3114 1347 3158 eur
1370 3097 1553 3158 inamoenus
1576 3092 1649 3158 illos
1671 3095 1839 3176 repetierit

645 3197 731 3263 locos
755 3197 916 3262 Tiberius:

693 3303 834 3388 „pudure
858 3300 1013 3368 scelerum
1037 3309 1069 3367 et
1091 3302 1300 3368 libidinum.'’

646 3404 766 3471 Verum
799 3411 826 3472 si
858 3408 1033 3493 quidquam
1057 3409 1095 3472 de
1119 3410 1273 3473 inauditis
1297 3408 1416 3474 Tiberii
1441 3413 1524 3475 senis
1547 3410 1707 3475 eredimus
1730 3409 1838 3475 libidi-

646 3513 739 3577 nibus
766 3534 902 3577 -nam
927 3513 1009 3576 mibi
1033 3513 1070 3577 de
1094 3514 1194 3578 nihilo
1220 3514 1310 3579 fictae
1334 3536 1388 3580 eae
1411 3516 1622 3581 videnlur-
1643 3518 1780 3581 minime
1801 3524 1838 3582 ut

645 3619 718 3683 illas
738 3619 942 3684 absconderet
966 3619 1051 3683 dedit
1076 3641 1215 3704 operam.
1239 3621 1383 3686 Etenim:

694 3728 888 3810 „praepositi
919 3729 1022 3802 servi,
1056 3728 1111 3810 qui
1143 3728 1274 3808 (prolem
1303 3728 1475 3809 inpensum)
1503 3730 1742 3813 conquirerent,
1766 3752 1839 3811 pcr-

646 3833 808 3910 tralereut,
841 3831 923 3896 dona
954 3834 987 3895 in
1018 3838 1201 3916 promptos,
1232 3833 1328 3895 minus
1359 3833 1512 3898 adversus
1544 3835 1728 3911 abnuentes,
1753 3840 1788 3899 et
1811 3837 1838 3899 ei

646 3938 819 4000 retinerent
842 3937 1040 4021 propinquus
1063 3943 1266 4021 subponens,
1287 3940 1372 4014 vim,
1395 3944 1504 4021 raptus
1522 3959 1642 4024 suaque
1661 3941 1724 4024 ipsi
1743 3937 1839 4004 libita

649 4039 792 4105 velutin
816 4046 924 4124 captos
948 4039 1169 4105 exercebant.'’

693 4145 739 4209 De
780 4144 941 4231 praeclara
976 4144 1095 4210 Tiberii
1132 4146 1283 4229 epistola,
1319 4168 1382 4231 qua
1412 4147 1549 4233 Togonii
1580 4146 1669 4213 Galli
1698 4150 1837 4214 abiectas

645 4254 768 4335 respuit
798 4250 1014 4325 adulationes,
1046 4253 1112 4314 iam
1138 4251 1279 4315 vidimus
1302 4258 1335 4316 st
1358 4253 1515 4338 quomodo
1537 4253 1627 4318 illam
1654 4274 1781 4339 quoque
1804 4258 1837 4319 in

645 4358 737 4440 peius
772 4356 954 4420 detorsisset
983 4354 1113 4419 Tacitus
1145 4358 1396 4423 observavimus.
1434 4359 1541 4424 Unum
1574 4359 1672 4424 addo:
1708 4362 1742 4424 111
1776 4360 1838 4426 fine

645 4461 788 4527 eiusdem
812 4463 926 4545 capitis
949 4459 1018 4539 (Vl,
1043 4461 1077 4540 2)
1101 4461 1178 4527 haec
1201 4462 1359 4549 legimus:

693 4567 802 4643 „Haec
834 4566 985 4631 adversus
1007 4564 1187 4651 Togonium
1213 4570 1317 4633 verbis
1341 4570 1525 4647 moderans,
1550 4591 1630 4635 neve
1655 4570 1741 4636 ultra
1766 4572 1841 4637 abo-

644 4670 791 4736 litionem
824 4672 999 4735 sententiae
1029 4672 1210 4737 suaderet.'’
1243 4674 1328 4758 Ergo
1359 4677 1391 4738 iu
1424 4682 1493 4740 acta
1521 4677 1632 4740 referri
1654 4674 1743 4741 illam
1771 4698 1839 4742 sen·

645 4778 780 4840 tentiam
804 4774 951 4840 Tiberine
974 4778 1089 4841 vetnit.
1119 4777 1214 4842 Haud
1238 4781 1358 4843 iniuria
1381 4801 1466 4844 nnnc
1488 4782 1545 4865 qui
1566 4778 1676 4846 Tacito
1698 4784 1838 4847 innotes-
