4525 5950
644 706 710 771 412
1170 722 1307 772 orimus.

777 885 953 951 Mirantem
977 888 1135 971 potuisse,
1157 888 1411 972 irascentemque
1434 887 1519 972 qnod
1542 889 1616 952 ausi

779 992 850 1057 Hoc
872 997 980 1057 essent
1002 993 1126 1078 superi,
1149 991 1235 1077 quod
1259 997 1388 1057 tantum
1410 994 1491 1057 iuris
1513 992 1680 1058 haherent.

778 1098 863 1163 Nam
885 1103 976 1184 pater
999 1098 1162 1184 Amphion
1185 1098 1268 1165 ferro
1292 1119 1349 1184 per
1370 1105 1483 1184 pectus
1505 1097 1619 1164 adacto

779 1203 922 1269 Finierat
945 1205 1083 1268 moriens
1106 1205 1227 1288 pariter
1249 1224 1324 1269 cum
1347 1201 1420 1269 luce
1443 1202 1597 1270 dolorem.

690 1308 773 1388 VIII,
799 1308 865 1373 529
877 1330 944 1394 sqq.

778 1414 917 1480 Pulvere
940 1416 1090 1479 canitiem
1112 1416 1242 1501 genitor
1264 1411 1439 1501 vultusque
1461 1413 1579 1481 seniles

778 1519 900 1586 Foedat
921 1521 1016 1584 humi
1038 1520 1129 1585 fusus
1152 1522 1393 1607 spatiosumque
1415 1522 1559 1606 increpat
1581 1541 1717 1587 aevum.

778 1626 863 1692 Nam
886 1627 925 1692 de
948 1632 1052 1691 matre
1073 1647 1189 1692 manus
1212 1627 1276 1692 diri
1300 1627 1362 1692 sihi
1384 1630 1510 1693 conscia
1533 1627 1610 1693 facti

778 1732 898 1819 Exegit
919 1752 1052 1818 poenas,
1077 1737 1148 1798 acto
1172 1753 1229 1818 per
1252 1734 1373 1799 viscera
1395 1734 1489 1799 ferro.

689 1837 746 1916 XI,
772 1836 837 1903 215
852 1857 920 1921 sqq.

779 1933 835 2009 Bis
857 1945 985 2028 periura
1006 1944 1093 2027 capit
1114 1941 1299 2026 (Hercules)
1321 1950 1489 2030 superatae
1511 1946 1641 2011 moenia
1665 1943 1791 2012 Troiae.

777 2050 844 2116 Nec
867 2069 940 2134 pars
963 2047 1119 2127 militias,
1144 2047 1315 2129 Telamon,
1339 2053 1407 2116 sine
1430 2051 1551 2117 honore
1573 2054 1729 2129 recessit,

778 2155 982 2240 Hesioneque
1005 2154 1080 2220 data
1103 2156 1238 2240 potitur,
1262 2175 1339 2221 nam
1361 2159 1499 2243 coniuge
1521 2156 1641 2223 Peleus

779 2259 893 2328 Clarus
916 2266 985 2326 erat
1008 2258 1082 2325 dira
1105 2281 1132 2326 e.
1158 2281 1188 2345 q.
1213 2282 1239 2327 s.

642 2367 705 2433 His
734 2366 813 2432 locis
843 2364 1079 2452 permultisque
1109 2365 1182 2431 aliis
1205 2365 1364 2453 particula
1386 2389 1454 2430 acm
1476 2369 1645 2453 aptissime
1670 2369 1837 2436 adhibetur

642 2473 682 2539 ad
705 2475 919 2539 narrationem
943 2472 982 2538 de
1005 2473 1135 2537 homine
1156 2471 1241 2551 illis,
1266 2473 1305 2539 de
1328 2473 1446 2559 quibus
1468 2478 1561 2539 antea
1584 2483 1758 2541 narratum
1780 2483 1834 2552 est,

642 2579 749 2665 aliqua
771 2578 1004 2644 necessitudine
1025 2580 1154 2656 iuncto,
1178 2599 1236 2644 suo
1258 2577 1330 2645 loco
1351 2580 1552 2646 inserendam
1570 2579 1605 2661 ¹).

686 2683 834 2750 Tertium
855 2705 939 2750 nunc
959 2689 1070 2769 poetae
1089 2683 1263 2751 artificium
1281 2687 1328 2750 ita
1348 2684 1495 2752 indicabo
1514 2690 1551 2750 ut
1570 2687 1711 2751 initium
1726 2687 1834 2752 faciam

641 2811 661 2855 a
684 2811 796 2868 versu,
820 2790 876 2874 qui
899 2789 999 2876 vulgo
1022 2787 1108 2855 male
1131 2789 1321 2876 explicatur.
1345 2789 1382 2854 ln
1401 2793 1494 2877 gravi
1514 2789 1572 2857 illo
1591 2790 1735 2876 proelio,
1754 2791 1833 2877 quod

641 2902 771 2983 propter
802 2893 1040 2960 Andromedam
1071 2900 1180 2962 ortum
1210 2901 1276 2974 est,
1300 2894 1504 2983 Lampetides
1528 2907 1642 2963 cantor
1667 2918 1687 2963 a
1712 2896 1833 2964 Pettslo

641 3002 846 3079 vulneratum
872 3001 908 3079 V,
936 2999 1017 3068 117:

776 3105 923 3173 Concidit
948 3113 980 3172 et
1003 3108 1117 3195 digitis
1141 3109 1354 3175 morientibus
1376 3108 1432 3174 ills
1455 3114 1632 3196 retemptat

776 3211 848 3279 Fila
870 3211 978 3300 lyrae:
1002 3233 1141 3300 casuque
1164 3214 1228 3279 luit
1250 3214 1433 3281 miserabile
1456 3236 1596 3281 carmen.
1716 3269 1718 3273 .

642 3320 704 3385 Pro
729 3319 804 3406 suit
831 3318 984 3385 Heinsius
1008 3322 1145 3386 coniecit
1168 3321 1267 3400 canit,
1292 3341 1389 3407 quam
1412 3323 1629 3387 coniecturam
1655 3323 1833 3389 refutarunt

640 3448 749 3493 omnes
771 3426 968 3492 admonendo
992 3427 1168 3505 κακόφωνον
1191 3447 1257 3492 esse
1287 3428 1375 3493 istud
1405 3449 1476 3491 casu
1506 3428 1590 3492 canit
1619 3451 1753 3506 omnen,
1783 3428 1832 3494 sed

642 3532 746 3598 multo
775 3534 924 3619 graviore
954 3538 1165 3619 argumento,
1198 3532 1283 3618 quod
1313 3537 1423 3598 contra
1452 3553 1524 3598 eam
1553 3532 1661 3598 afferri
1693 3541 1832 3620 poterat,

641 3660 752 3717 nemo,
778 3644 935 3724 quantum
958 3640 1039 3715 scio,
1065 3659 1207 3724 unquam
1231 3659 1308 3704 usus
1331 3644 1389 3704 est.
1413 3636 1605 3706 Coniectura
1626 3642 1720 3705 enim
1741 3640 1834 3705 Hein-

641 3748 730 3811 siana
761 3743 887 3809 tollitur
917 3749 949 3809 et
979 3746 1064 3829 perit
1093 3765 1170 3810 vera
1201 3765 1314 3810 versus
1343 3746 1518 3823 sententia,
1542 3765 1625 3831 quae
1649 3768 1736 3812 nunc
1759 3746 1833 3812 latet

641 3850 885 3928 tautummodo,
917 3849 1068 3936 nulloque
1099 3852 1231 3936 negotio
1263 3851 1405 3936 protrahi
1435 3856 1550 3935 potest.
1576 3849 1649 3915 Non
1675 3852 1737 3917 hoc
1761 3852 1833 3916 dicit

642 3955 778 4022 Ovidius
809 3955 940 4020 cadente
969 3955 1158 4041 Lampetids
1182 3956 1303 4021 iactum
1326 3976 1393 4022 esse
1417 3961 1455 4020 nt
1477 3953 1662 4021 miserabile
1688 3962 1834 4023 existeret

642 4080 787 4127 carmen:
818 4061 995 4126 absurdum
1025 4063 1112 4127 enim
1142 4062 1203 4127 hoc
1233 4067 1317 4127 esset
1345 4068 1377 4126 st
1400 4064 1446 4126 rei
1468 4066 1602 4127 naturae
1625 4067 1831 4129 contrarium.

641 4166 805 4244 Marinus,
838 4187 913 4231 cum
943 4168 1121 4253 improvisa
1144 4165 1240 4254 plaga
1263 4188 1432 4253 percussus
1454 4167 1612 4243 concidit,
1636 4166 1709 4233 lieri
1732 4176 1832 4255 potest

641 4278 680 4337 ut
712 4271 785 4358 lyra
818 4274 887 4337 eius
922 4277 1014 4338 canat
1044 4271 1166 4357 aliquid
1197 4273 1281 4359 quod
1311 4276 1374 4338 viri
1404 4272 1639 4358 perturbationi
1663 4276 1830 4361 subitoque

515 4425 517 4430 «
642 4380 757 4443 terrori
786 4377 991 4462 respondeat;
1024 4377 1287 4444 lamentabilem]
1315 4377 1483 4443 miemodile
1506 4398 1635 4443 carmen
1660 4402 1758 4447 nemo
1780 4403 1832 4445 un·

675 4671 703 4737 l)
729 4672 808 4736 Quam
831 4670 944 4735 languida
964 4672 996 4721 sit
1018 4676 1042 4721 et
1064 4687 1163 4737 prorsus
1185 4671 1281 4722 inutilis
1298 4672 1445 4737 parenthesis
1460 4671 1502 4721 ills
1519 4672 1596 4734 (nv,
1613 4672 1684 4736 741),
1701 4676 1730 4724 de
1747 4674 1829 4740 quain

640 4753 790 4817 praecedenti
812 4753 903 4817 egimus
926 4753 1016 4818 capite,
1039 4753 1132 4817 egregie
1158 4753 1182 4802 hi
1206 4753 1252 4803 loci
1273 4754 1372 4814 docent,
1392 4753 1431 4804 uhi
1448 4754 1568 4818 particula
1585 4772 1642 4805 ιιι
1659 4760 1783 4823 tuapte
1798 4759 1829 4803 ed

640 4835 725 4899 pera.
