4525 5950
1076 685 1218 733 riorus.
1373 644 1376 651 ⁵
1702 670 1743 734 69

547 856 614 917 iam
652 854 748 917 Antei
784 858 1013 918 testamentum
1049 852 1186 918 audebat
1216 873 1325 929 nemo,
1360 874 1438 940 ergo
1466 856 1534 938 ipse
1565 853 1744 940 Tigellinus

548 961 694 1043 primum
726 960 840 1022 mortis
871 961 1091 1023 necessitatem
1123 961 1241 1023 misero
1273 958 1398 1024 homini
1429 960 1564 1039 indixit3
1590 963 1743 1045 quicum

547 1065 607 1127 hac
628 1085 662 1128 re
681 1064 791 1128 audita
811 1069 1041 1129 testamentum
1061 1065 1204 1141 fecisset,
1225 1063 1405 1150 Tigellinus
1425 1068 1536 1129 ceteris
1554 1066 1744 1152 obsignandi

546 1173 668 1234 exemit
699 1170 886 1255 scrupulum
917 1171 996 1234 dum
1020 1173 1145 1255 primus
1169 1173 1314 1235 omnium
1338 1171 1413 1235 facit
1435 1169 1551 1235 illud.”
1576 1171 1669 1236 Nunc
1692 1171 1743 1237 de·

547 1298 661 1352 mum,
685 1276 718 1340 id
739 1277 825 1360 quod
846 1283 928 1342 recte
948 1276 1117 1341 Furneaux
1139 1278 1301 1354 observat,
1315 1277 1408 1359 prius
1426 1284 1510 1342 recte
1529 1278 1582 1342 hic
1601 1281 1742 1363 ponitur.

594 1382 637 1446 H.
672 1380 697 1458 1,
732 1381 783 1446 17.
817 1381 899 1456 (lam
932 1383 1083 1447 Pisonem
1115 1383 1281 1468 adoptavit
1304 1380 1424 1459 Galba,
1449 1391 1481 1447 et
1504 1392 1576 1468 post
1599 1384 1741 1469 aliquam

548 1486 811 1552 deliberationem
844 1487 1008 1553 decretum
1039 1495 1087 1554 est
1110 1495 1148 1552 ut
1171 1491 1203 1552 in
1229 1491 1340 1552 castris
1363 1491 1530 1573 praetoriis
1554 1510 1590 1554 ea
1613 1490 1743 1575 adoptio

545 1598 814 1676 nuncuparetur):

594 1697 880 1774 „Circumsteterat
903 1702 1034 1765 interim
1058 1700 1222 1764 Palatium
1247 1698 1376 1785 publica
1399 1704 1609 1785 exspectatio,
1630 1707 1741 1790 magni

543 1807 661 1869 secreti
683 1807 888 1889 impatiens.''

592 1911 628 1976 Si
653 1915 725 1996 quis
748 1915 872 1996 quaerit
892 1911 976 1995 quod
996 1915 1038 1976 sit
1055 1935 1193 1993 magnum
1211 1911 1292 1976 illud
1311 1919 1469 1988 secretam,
1490 1913 1574 1997 quod
1594 1913 1740 1979 homines

540 2024 708 2101 tantopere
733 2038 919 2102 cognoscere
942 2021 1101 2102 gestiant,
1125 2021 1158 2081 in
1183 2025 1334 2102 promptu
1356 2025 1403 2082 est
1422 2019 1627 2102 respondere:
1651 2023 1741 2105 „ipsa

539 2123 672 2206 adoptio
691 2122 755 2210 ¹his
785 2123 948 2188 vocabulis
979 2124 1189 2210 significatur,
1213 2122 1377 2208 plebecula
1400 2127 1487 2188 enim
1510 2146 1573 2188 non
1597 2124 1741 2191 adsuerat

540 2231 686 2293 comitiis
708 2227 775 2292 illis
796 2232 942 2315 imperii,
964 2251 1044 2315 quae
1065 2251 1090 2294 c.
1115 2230 1156 2293 14
1177 2230 1408 2304 describuntur,
1429 2251 1505 2315 ergo
1524 2252 1609 2295 nunc
1627 2231 1739 2296 ardent

540 2335 651 2398 studio
675 2333 824 2398 audiendi
848 2356 943 2419 quem
969 2335 1030 2399 sibi
1055 2356 1268 2400 successorem
1293 2332 1396 2400 Galba
1416 2334 1583 2420 elegerit.’'
1607 2338 1651 2400 At
1670 2340 1739 2421 ipse

539 2439 673 2504 Tacitus
704 2440 765 2504 hoc
795 2461 983 2525 responsum
1012 2441 1132 2505 refutat
1156 2444 1266 2505 statim
1292 2441 1414 2516 verbis,
1440 2462 1520 2526 qnae
1542 2444 1659 2518 citavi,
1684 2443 1738 2507 ad-

540 2546 662 2611 dendo:
701 2553 755 2622 „et
790 2545 873 2610 male
908 2549 1078 2611 coercitam
1114 2547 1234 2611 samam
1269 2549 1505 2630 supprimentes
1541 2548 1736 2632 augebant”,

540 2673 617 2716 nam
652 2652 738 2716 fama
769 2650 807 2716 de
831 2650 896 2716 filio
920 2672 938 2715 a
962 2650 1066 2718 Galba
1088 2652 1239 2737 adoptato
1264 2660 1438 2735 utcumque
1462 2653 1588 2715 coerceri
1612 2659 1645 2716 et
1667 2676 1737 2735 eup-

535 2757 636 2839 prr'mi
666 2764 787 2840 potest,
819 2757 924 2839 cape-ri
948 2757 1037 2822 nullo
1062 2758 1157 2822 modo
1182 2763 1295 2841 potest.
1321 2756 1505 2821 Admodum
1529 2758 1660 2822 obscure
1684 2759 1736 2823 hic

538 2862 687 2946 loquitur
722 2862 869 2940 Tacitus,
905 2871 938 2928 et
971 2864 1010 2928 de
1045 2885 1107 2948 qua
1138 2885 1170 2928 re
1202 2885 1287 2927 nunc
1318 2867 1440 2949 cogitet
1470 2862 1632 2949 aliquanto
1663 2874 1736 2950 post

538 2968 672 3034 demum
695 2967 732 3032 fit
756 2972 970 3054 perspicuum.
996 2966 1079 3036 Cum
1104 2972 1189 3033 enim
1215 2969 1252 3034 de
1277 2967 1398 3035 Galbae
1421 2970 1460 3034 ad
1485 2969 1605 3035 milites
1625 2979 1663 3050 (c.
1680 2971 1735 3053 18)

538 3078 683 3139 oratione
705 3082 829 3149 narrat,
854 3084 887 3140 ei
909 3074 972 3139 alia
994 3076 1068 3140 inde
1091 3076 1213 3160 profert
1235 3083 1268 3140 et
1290 3077 1368 3140 hoc:
1395 3098 1451 3152 „ac
1472 3097 1510 3140 ne
1532 3077 1735 3142 dissimulata

536 3179 654 3244 seditio
685 3182 717 3243 in
748 3183 852 3244 maius
882 3181 1072 3257 crederetur,
1104 3181 1191 3246 ultro
1216 3189 1376 3245 asseverat
1400 3190 1547 3266 quartam
1571 3191 1602 3246 et
1626 3183 1735 3248 duoet-

537 3287 726 3350 ricesimam
749 3285 892 3370 legiones
916 3289 1026 3371 paucis
1049 3286 1213 3351 seditionis
1235 3288 1419 3351 auctoribus
1443 3310 1504 3353 non
1528 3288 1613 3352 ultra
1637 3291 1734 3354 verba

536 3414 574 3457 ac
606 3413 700 3456 voces
732 3413 850 3456 errasse
881 3402 913 3457 et
944 3393 1033 3456 brevi
1063 3395 1095 3456 in
1129 3392 1231 3457 officio
1255 3392 1354 3457 fore.''
1380 3395 1525 3474 Mcprccm
1550 3415 1627 3479 ergo
1651 3394 1733 3460 illud

534 3504 689 3573 secretum,
710 3497 794 3582 quod
814 3497 965 3562 hactenus
982 3500 1185 3562 coercebatur
1204 3505 1236 3562 et
1255 3500 1524 3583 supprimebatur,
1538 3508 1585 3564 est
1597 3500 1732 3566 defectio

535 3601 703 3687 legionum
729 3599 1010 3680 Germanicarum,
1036 3624 1115 3687 quas
1139 3624 1266 3689 pugnae
1287 3604 1452 3688 caedisque
1471 3604 1580 3668 avidas
1599 3608 1731 3670 iamiam

535 3708 705 3773 adfuturas
735 3712 830 3773 annia
861 3708 949 3794 plebs
973 3718 1162 3796 auguratur.
1188 3711 1230 3773 At
1254 3709 1339 3793 apud
1365 3708 1483 3773 milites
1508 3708 1610 3775 Galba
1632 3712 1730 3789 ultro,

532 3836 597 3878 non
631 3823 778 3899 rogatus,
811 3814 849 3879 de
880 3813 937 3878 illa
968 3836 1001 3879 re
1032 3821 1160 3879 tantum
1192 3821 1352 3879 asseverat
1376 3822 1533 3900 quantum
1556 3815 1628 3881 illos
1652 3821 1731 3882 scire

534 3919 616 3983 utile
640 3920 750 3984 credit.

581 4023 617 4091 G.
650 4024 693 4088 26
724 4026 763 4090 de
795 4028 1002 4111 praetorianis
1031 4028 1164 4090 iamiam
1195 4026 1234 4090 ad
1266 4025 1422 4091 Othonem
1449 4030 1630 4092 transituris
1653 4029 1730 4094 haec

532 4132 693 4217 legimus:

583 4236 712 4314 „Multa
742 4240 939 4321 erumpentis
970 4237 1135 4302 seditionis
1166 4238 1284 4301 indicia
1314 4259 1370 4322 per
1401 4241 1540 4303 conscios
1563 4260 1728 4324 oppressa:

532 4343 690 4428 quaedam
725 4343 810 4427 apud
845 4340 966 4408 Galbae
1000 4364 1092 4408 aures
1128 4344 1305 4428 praefectus
1336 4343 1419 4408 Laco
1451 4343 1564 4420 elusit,
1596 4348 1728 4430 ignarus

531 4448 726 4513 militarium
760 4451 941 4513 animorum
972 4448 1161 4534 consiliique
1194 4453 1343 4534 quamvis
1373 4454 1518 4536 egregii,
1553 4452 1636 4536 quod
1666 4474 1726 4517 non

528 4559 600 4640 ipsc
624 4555 765 4630 afferret,
789 4557 940 4619 inimicus
963 4561 996 4620 et
1019 4555 1171 4620 adversus
1195 4558 1314 4641 peritos
1338 4555 1521 4642 pervicax.''

576 4660 623 4726 De
659 4659 807 4727 Cornelio
841 4661 963 4726 Lacone
1001 4661 1212 4738 „mortalium
1245 4662 1479 4747 ignavissimo''
1512 4667 1552 4740 (c.
1586 4661 1620 4742 6)
1651 4684 1726 4727 cum

528 4768 674 4854 legimus
703 4788 777 4831 eum
810 4788 873 4831 una
903 4771 937 4831 in
970 4789 1003 4831 re
1028 4768 1212 4849 pervicacem
1245 4768 1359 4844 fuisse,
1390 4771 1499 4832 statim
1525 4772 1727 4852 suspicamur
