4525 5950
652 693 718 758 188
1178 715 1320 763 neurus.

565 877 568 881 ’
650 877 739 941 fieret
758 897 819 940 non
839 876 1128 953 animadvertebat,
1149 899 1253 962 neque
1273 900 1349 965 ergo
1368 880 1534 964 prohibere
1553 883 1661 965 potuit
1674 884 1839 965 quominus

651 1003 785 1047 suorum
818 1003 935 1068 magna
964 1004 1037 1067 pars
1067 984 1294 1048 trucidaretur.
1326 984 1433 1070 Igitur
1462 989 1497 1049 in
1520 985 1763 1073 utroquel'dnce
1784 1007 1840 1050 non

652 1087 759 1154 solum
783 1088 873 1171 culpa
902 1089 963 1152 fuit
994 1088 1049 1152 sed
1079 1092 1178 1153 ctiam
1204 1112 1268 1172 por
1297 1091 1397 1173 calpa,
1429 1112 1576 1158 summae
1606 1113 1725 1177 nempe
1748 1091 1842 1177 negli-

607 1224 608 1227 ’
651 1203 788 1286 gentiae.
809 1198 870 1263 Sed
890 1196 973 1262 illud
995 1200 1174 1283 „prosperis
1195 1197 1322 1261 deesse''
1342 1200 1375 1261 in
1396 1220 1498 1263 unum
1511 1197 1666 1263 Voculam
1687 1200 1840 1264 convenit.

650 1306 734 1371 Nam
766 1302 880 1370 Civilis
910 1304 1058 1389 quidem,
1091 1303 1246 1387 quamdiu
1276 1324 1325 1368 res
1349 1325 1498 1390 prospere
1520 1306 1588 1369 suis
1611 1303 1765 1380 cedebat,
1789 1305 1841 1366 mi-

651 1415 738 1477 nime
762 1412 881 1476 defuit:
905 1414 1007 1474 immo
1032 1411 1095 1473 nisi
1119 1416 1269 1493 „repente
1292 1430 1374 1473 novo
1396 1408 1518 1475 auxilio
1542 1411 1671 1475 fertum
1696 1408 1840 1496 pugnae''

651 1526 777 1583 mutata
807 1524 906 1593 essct,
938 1519 1024 1600 ipsas
1054 1514 1198 1601 legiones
1229 1516 1445 1580 Romanorum
1477 1515 1638 1581 occidione
1668 1515 1840 1581 occidisset.

652 1623 735 1704 Quid
758 1626 846 1688 enim
869 1629 919 1687 est
943 1623 1121 1706 „prosperis
1146 1617 1298 1685 deesse’'l
1321 1621 1365 1685 Ut
1389 1625 1518 1706 opinor:
1542 1624 1680 1686 victoria
1704 1642 1762 1686 sua
1783 1641 1841 1684 non

651 1733 757 1807 abuti,
793 1729 847 1794 sed
883 1728 1026 1794 socordia
1056 1726 1259 1812 mollitieque
1290 1728 1436 1792 hostibus
1468 1731 1664 1793 eccasionem
1697 1728 1840 1813 praebere

651 1837 858 1902 subtrahendi
877 1855 944 1900 sese
964 1832 1116 1919 periculo.
1138 1833 1209 1898 Hoc
1226 1831 1346 1898 Vocula
1362 1836 1542 1912 commisit;
1565 1836 1707 1899 etenim:
1731 1854 1841 1919 „eques

651 1943 875 2022 (Batavorum)
910 1942 1014 2005 evasit
1043 1960 1118 2004 cum
1150 1941 1251 2024 signis
1282 1938 1612 2024 captivisque,l'quos
1643 1943 1750 2026 prima
1780 1942 1841 2003 acie

652 2046 908 2132 corripuerant”;
938 2066 1133 2130 magnopere
1155 2065 1232 2130 ergo
1255 2045 1512 2130 reprehendenda
1536 2048 1605 2109 cius
1629 2045 1840 2132 negligentia,

651 2156 678 2218 si
708 2174 822 2217 verum
854 2158 920 2229 est,
952 2151 1036 2236 quod
1068 2158 1137 2215 tota
1168 2154 1348 2216 narratione
1379 2151 1538 2237 significat
1570 2151 1720 2229 Tacitus,
1753 2171 1842 2236 penes

652 2258 807 2323 Voculam
836 2258 934 2321 fuisse
966 2259 1064 2321 etiam
1089 2259 1234 2341 captivos
1258 2255 1330 2321 illos
1354 2260 1510 2343 signaque
1532 2277 1732 2342 recuperare.
1756 2256 1841 2321 Bata

651 2386 766 2430 vorum
798 2385 872 2429 vero
908 2364 1022 2428 ducem
1058 2363 1169 2428 eadem
1200 2361 1371 2446 complecti
1404 2366 1638 2449 vituperatione
1669 2361 1840 2428 absurdum

650 2470 789 2535 videtur.

696 2575 862 2640 Laudatur
885 2595 977 2658 saepe
1001 2573 1104 2639 Taciti
1129 2573 1397 2659 „psychologia’':
1430 2578 1565 2659 pectoris
1589 2575 1726 2640 humani
1751 2595 1842 2641 reces

652 2702 724 2759 sus,
757 2683 906 2766 quamvis
929 2680 1071 2757 abditos,
1095 2678 1178 2744 nulli
1202 2682 1307 2766 magis
1331 2702 1427 2766 quam
1451 2679 1501 2745 illi
1525 2681 1624 2745 fuisse
1646 2688 1741 2747 notos
1764 2700 1842 2745 com·

650 2790 757 2851 munis
781 2794 830 2850 est
852 2785 1007 2871 quaedam
1027 2786 1197 2849 hominum
1217 2788 1334 2870 opinio.
1359 2786 1469 2870 Neque
1489 2808 1549 2873 ego
1569 2808 1652 2874 nego
1671 2786 1842 2852 admodum

649 2892 770 2957 multas
802 2913 838 2957 cx
871 2894 940 2956 eins
969 2890 1060 2955 libris
1089 2890 1192 2955 afferri
1223 2912 1314 2976 posse
1345 2895 1535 2969 sententias,
1564 2894 1683 2979 quibus
1708 2900 1842 2958 secretae

649 3000 819 3063 hominum
842 3001 1069 3083 cogitationes,
1097 3017 1272 3082 causaeque
1300 3001 1548 3075 remotissimae,
1578 3020 1660 3083 quae
1683 2999 1842 3064 interdurn

650 3104 688 3169 sd
731 3104 892 3189 agendum
935 3103 1105 3190 impellant
1148 3104 1308 3179 homines,
1352 3107 1474 3188 optime
1517 3104 1747 3170 describantur.
1784 3104 1842 3171 Sed

650 3210 840 3295 plerumque
864 3231 900 3274 ea
924 3215 992 3273 arte
1014 3212 1118 3273 utitur
1138 3209 1176 3273 ad
1194 3230 1305 3273 eorum
1326 3212 1456 3295 ingenia
1474 3217 1507 3274 et
1525 3210 1841 3298 factaldepingenda,

650 3320 705 3402 qui
736 3338 865 3381 morum
889 3318 1047 3399 pravitate
1071 3318 1236 3399 animique
1260 3318 1350 3380 vitiis
1373 3319 1591 3380 innotuerunt.
1617 3316 1659 3381 Et
1684 3321 1754 3383 sive
1777 3321 1842 3402 ipse

649 3426 736 3487 vitae
767 3444 844 3486 usus
876 3442 1025 3485 severum
1057 3442 1132 3485 eum
1165 3422 1377 3505 acerbumque
1408 3421 1547 3486 reddidit
1570 3442 1751 3500 censorem,
1777 3426 1841 3487 sius

649 3528 806 3593 scribendi
829 3548 948 3613 genus,
973 3549 1036 3611 quo
1061 3526 1161 3591 semel
1185 3530 1235 3591 uti
1259 3530 1380 3612 coepit,
1406 3548 1480 3591 eum
1503 3525 1637 3612 impulit
1660 3536 1699 3592 ut
1719 3550 1843 3613 semper

649 3635 886 3699 obscurioribus
917 3639 1062 3696 uteretur
1085 3631 1245 3696 coloribus
1268 3654 1456 3718 semperque
1480 3636 1639 3698 tristiores
1660 3631 1844 3720 legentibus

648 3746 838 3824 proponeret
871 3737 1011 3814 tabulas,
1043 3737 1213 3802 indulsisse
1245 3759 1319 3802 eum
1351 3742 1489 3823 pessime
1522 3760 1663 3824 quaeque
1696 3739 1843 3805 credendi

650 3844 757 3908 studio
786 3865 881 3908 nemo
912 3847 982 3908 iure
1011 3842 1214 3908 infitiabitur.
1247 3843 1390 3929 Insignis
1421 3844 1577 3929 quaedam
1601 3843 1699 3909 modo
1723 3843 1845 3930 protuli

650 3948 814 4034 exempla,
846 3950 901 4013 sed
932 3952 1037 4013 nescio
1068 3970 1108 4013 an
1141 3950 1290 4013 omnibns
1314 3952 1358 4013 sit
1380 3949 1531 4014 disertius
1552 3948 1746 4036 illudlquod
1772 3956 1843 4015 ante

650 4061 787 4140 quatuor
809 4056 960 4138 proposui
982 4075 1079 4118 annos
1103 4054 1238 4134 (Mnem.
1264 4076 1296 4118 v.
1320 4054 1363 4118 26
1387 4076 1417 4139 p.
1443 4053 1508 4119 314
1530 4061 1622 4139 sqq).
1647 4053 1695 4119 De
1719 4053 1844 4120 Othone

650 4160 796 4244 Poppaea
826 4160 948 4224 Nerone
975 4163 1118 4245 primum
1143 4160 1273 4225 Tacitus
1297 4160 1396 4240 (Hist.
1418 4161 1444 4237 I,
1471 4160 1526 4240 13)
1549 4161 1660 4225 eadem
1685 4161 1753 4226 fere
1779 4182 1845 4225 nar·

650 4268 735 4329 ravit
756 4286 836 4349 quae
855 4264 1045 4340 Suetonius,
1071 4264 1147 4341 Dio,
1172 4265 1382 4342 Plutarchus,
1407 4272 1516 4350 estque
1540 4286 1577 4329 ea
1599 4269 1741 4330 narratio
1766 4270 1845 4333 eius

649 4370 736 4434 modi
769 4377 806 4435 ut
837 4376 961 4456 praeter
992 4391 1153 4434 summam
1184 4370 1353 4435 levitatem
1384 4369 1466 4433 nihil
1491 4373 1524 4433 in
1548 4372 1588 4434 iis
1612 4373 1715 4454 possis
1740 4393 1844 4457 repre

649 4475 795 4541 hendere.
826 4477 869 4539 At
899 4475 1021 4559 aliquot
1051 4478 1142 4539 annis
1167 4483 1275 4562 postea
1298 4478 1394 4554 (Anu.
1419 4475 1508 4551 XIII,
1534 4474 1591 4550 46)
1616 4476 1745 4541 eosdem
1772 4476 1843 4542 illos

647 4584 695 4646 ita
726 4581 889 4667 depingit,
919 4591 956 4643 ut
986 4581 1195 4645 abiectissimi
1227 4581 1304 4645 fiant
1327 4580 1532 4660 mortalium,
1557 4602 1636 4665 quos
1659 4603 1757 4647 nemo
1783 4605 1844 4648 non

647 4685 907 4771 indignabundus
931 4691 1103 4749 aversetur.
1129 4684 1249 4750 Verum
1268 4693 1413 4750 accurate
1433 4685 1539 4751 locum
1559 4684 1654 4750 illum
1674 4691 1844 4772 aspicienti

648 4797 779 4875 apparet
798 4791 844 4853 ibi
863 4810 990 4874 quoque
1010 4796 1102 4854 antea
1121 4789 1292 4866 leniorem,
1313 4793 1492 4868 mitiorem,
1512 4799 1595 4857 certe
1610 4791 1845 4876 simpliciorem
