4525 5950
879 681 920 730 uu
943 681 1018 728 suun
1043 680 1182 729 consuo.
1580 659 1623 726 83

432 846 617 933 hypotheca
647 845 729 911 nihil
760 845 880 922 differt,
913 846 994 932 quod
1027 845 1318 911 demonstravimus
1345 847 1414 931 ipsa
1437 843 1520 931 legis
1543 865 1626 910 com·

432 957 601 1018 missoriae
621 952 774 1030 formula,
798 974 895 1038 quem
914 953 1029 1018 habeat
1047 974 1149 1038 quum
1166 951 1427 1018 Halicamasense
1439 974 1626 1019 monumen-

432 1066 508 1123 tum
525 1061 548 1138 ¹)
584 1062 658 1123 anni
693 1061 819 1124 circiter
849 1065 922 1124 anta
953 1055 1028 1125 chr.
1062 1057 1138 1133 200,
1175 1079 1238 1144 quo
1272 1061 1441 1125 constituit
1476 1058 1626 1134 ὑποθήκην

433 1166 627 1231 Posidonius
662 1168 798 1251 posteris
832 1167 899 1229 suis
934 1165 976 1234 sic
1013 1167 1129 1242 θνονόνν,
1165 1172 1203 1229 ut
1233 1168 1402 1250 quotannis
1431 1186 1468 1231 eo
1498 1166 1626 1229 nomine

434 1275 583 1358 quaterni
607 1278 740 1336 stateres
764 1271 929 1336 solvantur
952 1291 970 1335 a
993 1271 1187 1357 possidente,
1208 1272 1367 1357 possideat
1381 1270 1406 1353 ²)
1425 1277 1533 1336 autem
1549 1277 1627 1336 natu

435 1381 616 1443 maximus:
648 1378 685 1442 ἂν
716 1379 745 1441 δὲ
770 1382 814 1452 μη
838 1377 982 1441 οὶποδνδῶο
997 1377 1022 1457 3)
1147 1374 1224 1443 εἶναι
1250 1381 1290 1442 τοὶ
1317 1380 1500 1451 ὑποκείμενα
1525 1378 1626 1455 κοινά,

434 1492 510 1549 tum
540 1483 733 1569 Delphicum
763 1484 927 1549 decretum
957 1482 1093 1565 (Michel
1116 1505 1167 1550 no.
1192 1483 1271 1565 263)
1295 1488 1368 1550 anni
1393 1487 1519 1551 circiter
1544 1483 1626 1549 150:

433 1590 477 1670 (Β
507 1589 564 1654 lin.
596 1589 711 1669 21-23)
742 1592 767 1653 el
799 1590 829 1654 δέ
863 1614 903 1652 aa
935 1593 978 1665 μὴ
1011 1591 1190 1655 οὶποδνθῶντν
1224 1593 1321 1662 καθὼς
1352 1593 1553 1669 γέγραπται,
1584 1591 1626 1655 τοὶ

433 1699 568 1775 ἐνέχυρα
601 1700 701 1761 αὐτῶν
732 1700 789 1764 τοῖς
822 1696 925 1766 πόλιος
950 1696 1038 1760 ἔστω.
1063 1697 1277 1763 Monumento
1299 1695 1350 1762 illi
1373 1697 1627 1763 Halicarnasenfli

433 1801 542 1867 simile
563 1808 612 1868 est
635 1800 814 1867 Theraeum
827 1802 864 1881 ⁴),
884 1824 947 1889 quo
968 1806 1137 1868 constituit
1159 1803 1308 1877 ὑποθήκην
1328 1804 1476 1889 Epicteto
1496 1805 1545 1868 ἐπὶ
1564 1811 1626 1874 τοῖς

435 1909 610 1986 ὑπάρχουσί
629 1910 684 1989 (ν1)
705 1911 903 1982 sisonchus
925 1912 1045 1989 χωοθονς
1065 1918 1128 1979 τοῖς
1151 1910 1191 1987 dre
1203 1919 1395 1988 Μελαοναῑο,
1408 1919 1446 1975 ut
1457 1912 1627 1996 quotannis

432 2014 577 2080 familiae
598 2014 765 2080 solvantur
784 2035 802 2080 a
823 2014 936 2080 herede
957 2014 1008 2080 vel
1026 2016 1153 2081 heredis
1172 2016 1343 2082 heredibus
1363 2017 1531 2082 drachmae
1543 2015 1626 2080 210:

435 2122 463 2184 el
496 2122 528 2185 δέ
553 2146 593 2184 κον
618 2124 661 2196 ull
687 2122 787 2202 οὶποδῷ
812 2121 991 2186 'Erulum
1017 2121 1043 2186 el
1069 2123 1094 2186 ol
1120 2124 1297 2201 κλαρονθμον
1322 2124 1422 2195 αὐτοῖς
1550 2119 1627 2187 loru

435 2228 458 2292 οἱ
493 2230 624 2307 κονρπεθοο
656 2234 713 2291 τῶν
744 2226 1010 2305 προδεδηλωμένων
1041 2228 1158 2306 zoilus
1284 2233 1337 2293 ποῦ
1368 2233 1463 2293 κοινοῦ
1495 2233 1548 2294 ποῦ
1578 2229 1628 2292 oie·

435 2334 530 2410 δοεθον
558 2341 615 2398 τῶν
639 2341 796 2410 συγγενῶν
820 2336 890 2397 ποτὶ
905 2335 931 2413 ³)
954 2337 1012 2404 τὰς
1037 2336 1193 2406 diastolas
1218 2335 1320 2415 (δέκα)
1343 2335 1489 2414 δραχμάς
1515 2334 1627 2415 (Iacer.

434 2443 492 2506 cit.
517 2442 534 2525 ς
556 2437 599 2521 7),
628 2442 685 2506 ubi
709 2441 841 2517 νοορπεθοο
865 2463 927 2506 non
951 2447 1017 2519 est,
1041 2441 1125 2528 quod
1149 2447 1243 2527 putat
1267 2440 1448 2523 Darestel),
1472 2442 1629 2507 antichro-

435 2549 501 2611 tica
523 2550 696 2632 possessio,
729 2547 783 2612 sed
806 2554 976 2633 perpetue,
1001 2550 1085 2612 siout
1108 2549 1142 2612 in
1163 2547 1221 2614 illo
1245 2547 1501 2614 Halicarnasensi
1522 2546 1627 2633 lapide

435 2661 611 2738 usurpatur
642 2655 778 2719 verbum
808 2655 982 2734 κοοπεθονν.
1007 2654 1127 2735 Quodsi
1149 2652 1218 2719 illio
1243 2656 1375 2731 νοορποθο
1399 2662 1447 2721 est
1470 2655 1627 2741 possessio

434 2768 592 2845 perpetua
605 2758 640 2840 ²),
665 2781 745 2846 quae
769 2761 878 2827 heredi
901 2761 1100 2847 relinquatur
1122 2761 1183 2826 sub
1206 2761 1406 2848 hypothecae
1428 2762 1626 2839 condicione,

435 2865 531 2931 dehet
554 2867 695 2952 profecto
717 2870 769 2933 hic
791 2868 902 2933 eadem
924 2866 1084 2954 intelligi,
1109 2888 1190 2954 quae
1212 2867 1253 2934 ad
1275 2868 1463 2935 creditorem
1488 2871 1522 2934 vi
1543 2867 1627 2955 legis

435 2977 675 3040 commissoriae
705 2976 924 3041 transferatur.
956 2975 1060 3055 Quam
1091 2975 1164 3041 ideo
1196 2980 1354 3052 κοοπεθονν,
1386 2997 1448 3062 quo
1472 2974 1626 3043 vocabulo

435 3079 518 3146 solet
542 3082 744 3147 ususfructus
767 3082 941 3169 significari
954 3081 991 3165 Θ),
1016 3081 1193 3167 appellavit
1216 3103 1315 3167 quum
1337 3083 1535 3161 Posidonius,
1555 3088 1627 3148 tum

435 3186 599 3272 Epicteto,
636 3190 710 3273 quia
745 3187 872 3274 plenam
904 3191 1131 3274 proprietatem
1164 3209 1231 3254 esse
1260 3188 1409 3254 nolebant
1438 3189 1628 3255 alienatione

434 3296 535 3357 etiam
558 3315 714 3360 concessa.
738 3294 895 3360 Similiter
916 3299 950 3359 in
974 3298 1123 3381 papyris,
1147 3294 1273 3380 quando
1295 3295 1331 3361 fit
1354 3296 1447 3361 obvia
1471 3295 1522 3361 lex
1545 3316 1628 3361 com·

435 3402 602 3478 missoria,
634 3400 693 3466 hac
718 3403 787 3487 ipsa
808 3400 900 3489 lege,
925 3423 1005 3479 non,
1029 3404 1112 3467 sicut
1136 3401 1215 3467 olim
1237 3401 1349 3481 fiebat,
1373 3408 1501 3488 propter
1524 3401 1627 3468 solam

434 3509 580 3593 pignoris
615 3507 793 3583 dationem,
834 3508 1018 3573 dominium
1053 3507 1203 3573 creditori
1236 3511 1346 3593 quaeri
1375 3507 1625 3574 existimandum

434 3622 494 3678 est.
527 3612 580 3678 Fit
604 3622 714 3679 autem
739 3615 833 3680 obvia
857 3613 910 3679 lex
938 3617 1156 3680 commissoria
1187 3614 1225 3679 de
1248 3616 1343 3679 rebus
1366 3614 1426 3680 soli
1440 3613 1466 3693 ⁹)
1495 3618 1530 3679 in
1553 3635 1626 3701 pap.

435 3719 575 3785 Florent.
610 3719 627 3783 1
660 3724 768 3801 (Αθονοο
799 3744 815 3784 e
843 3721 939 3785 Roma
971 3719 1054 3785 1901
1088 3742 1119 3806 p.
1145 3718 1236 3809 78l9)
1266 3726 1299 3785 et
1322 3740 1393 3807 pap.
1419 3719 1512 3786 Rain.
1540 3719 1626 3785 1444

471 3994 500 4059 l)
517 3996 593 4045 lusor.
605 3994 684 4058 jerio.
700 4011 779 4060 οπεος.
796 3993 864 4045 XXV
883 3996 903 4043 D
921 3996 958 4056 (=
980 3993 1072 4043 Michsl
1089 4009 1127 4043 no.
1147 3995 1213 4055 8114).

469 4077 498 4141 2)
516 4076 671 4137 Καρπιυίτοο.
1061 4078 1088 4140 8)
1105 4078 1187 4134 deul,
1206 4075 1231 4125 ui
1249 4076 1328 4150 fallor.

468 4162 498 4223 4)
516 4162 593 4210 Ιποον.
604 4160 684 4223 jun'd.
699 4175 778 4224 μνον).
797 4158 874 4209 xxiv
891 4162 912 4208 Δ
929 4165 967 4220 (ει
990 4158 1081 4208 Michsl
1098 4174 1137 4208 no.
1155 4160 1237 4218 1001).

469 4245 497 4303 ὅ)
521 4244 620 4292 Vertere
644 4258 690 4292 non
714 4242 828 4292 debuerat
849 4242 961 4293 Derceto:
989 4241 1099 4308 ,jucqu'd
1120 4257 1274 4292 susurrem
1289 4239 1343 4301 ἅθ’,
1360 4244 1400 4292 sed
1420 4242 1450 4291 ,ὸ
1466 4243 1547 4293 raison
1562 4244 1626 4294 ἄνθ’.

433 4325 473 4374 Cl.
492 4325 548 4389 Pap.
568 4326 656 4373 Gener.
677 4325 708 4374 21
727 4324 770 4373 lin.
790 4325 863 4374 8-8.

468 4407 496 4469 θ)
520 4407 676 4470 Ινιοοοίρθθοννο
701 4411 743 4455 etc.
769 4424 791 4473 p.
817 4408 874 4456 lue.
900 4406 978 4455 Habet
1001 4406 1096 4471 quidem
1121 4405 1239 4467 νοοορπνθοον
1260 4429 1284 4450 =
1305 4406 1450 4456 autichreaiu
1468 4408 1526 4473 Pop.
1545 4407 1626 4457 Berol.

434 4489 535 4546 1⁰1,24
553 4489 590 4550 (cl.
610 4488 768 4547 Grudenrritr,
786 4489 945 4553 Eiufddrunq
961 4494 1005 4537 cto.
1024 4489 1036 4537 I
1053 4505 1076 4553 p.
1097 4488 1146 4550 68).

469 4572 498 4635 7)
516 4570 666 4632 Καρπενθποο
778 4570 790 4619 θ
809 4569 984 4633 πρεσβύτατος
1002 4569 1034 4618 ὢν
1052 4569 1106 4618 ἀνθ
1120 4570 1194 4631 (XXV
1215 4573 1235 4619 D
1255 4572 1312 4633 98).

468 4655 497 4716 8)
515 4654 586 4719 Corp.
606 4653 674 4703 urin.
694 4653 705 4701 1
723 4668 778 4719 pap,
795 4654 828 4703 24
846 4654 888 4703 lin.
908 4653 946 4713 l‘l,
967 4656 1013 4711 35;
1031 4669 1084 4718 pap.
1102 4653 1206 4716 Oxyrrh.
1223 4653 1272 4703 261
1290 4653 1334 4702 lin.
1354 4653 1393 4713 12,
1406 4669 1459 4719 pap.
1473 4653 1586 4703 Aruhsrat
1595 4654 1625 4706 'll

433 4736 478 4786 liu.
499 4736 537 4784 18.

470 4819 498 4883 9)
516 4819 551 4867 De
569 4816 638 4868 rebus
655 4817 795 4869 mobilihuu
813 4818 886 4883 Oorp.
905 4818 975 4869 Rain.
993 4818 1006 4867 1
1024 4833 1078 4883 pap.
1097 4818 1137 4866 12.
