4525 5950
640 665 706 730 434
832 684 874 732 nn
897 684 1012 732 mrmn
1035 684 1140 731 44444
1162 683 1302 732 4444444
1323 685 1357 731 ιιι
1380 683 1464 732 asos
1485 684 1637 732 murro.

538 861 540 866 ’
639 849 814 913 4114441414
838 856 869 914 41
894 849 931 914 de
956 849 1034 914 locis
1062 856 1231 934 poetarum
1261 849 1447 935 respondet,
1479 850 1561 914 mihi
1593 857 1831 936 persuaserunt;

639 957 741 1018 immo
765 953 849 1038 quod
872 955 1017 1039 perhibet
1041 962 1151 1041 postas
1175 954 1340 1020 Poliadem
1363 964 1580 1021 memorantes
1602 978 1667 1021 non
1692 961 1833 1021 accurate

640 1080 709 1125 eam
734 1059 953 1144 descripsisse,
980 1082 1066 1138 „was
1089 1083 1146 1125 um
1170 1082 1204 1126 so
1227 1062 1320 1126 mehr
1342 1063 1521 1148 gescbehsn
1542 1063 1665 1127 konnte
1685 1061 1732 1126 als
1748 1066 1834 1147 jenes

639 1164 792 1252 bsiligste
817 1166 888 1231 Bild
912 1170 1028 1253 gewiss
1053 1168 1142 1231 nicht
1165 1171 1282 1232 immer
1304 1168 1383 1233 offen
1407 1191 1447 1233 zu
1467 1169 1563 1234 sehon
1586 1169 1688 1245 war,’'
1708 1170 1834 1233 omnino

639 1272 835 1336 reiciendum
867 1274 1013 1337 arbitror.
1050 1272 1235 1337 Probabilis
1266 1294 1341 1338 vero
1372 1277 1537 1359 scripsisse
1568 1275 1652 1339 mibi
1687 1274 1836 1339 videntur

637 1375 989 1443 Fundanum-Wolters
1013 1379 1072 1442 sub
1094 1399 1229 1443 numero
1250 1378 1316 1442 444
1336 1379 1374 1443 de
1393 1378 1536 1444 Palladis
1555 1379 1732 1444 simulacro
1752 1377 1835 1464 quod

638 1504 722 1548 nuno
751 1486 783 1547 in
815 1505 925 1549 musso
958 1483 1128 1549 Dresdensi
1159 1492 1357 1549 asservatur:
1392 1484 1483 1562 „Wir
1513 1487 1654 1550 besitsen
1677 1487 1713 1548 in
1737 1484 1837 1548 dieser

639 1588 752 1654 Status
783 1588 834 1653 die
858 1589 1096 1674 Nachahmung
1118 1592 1205 1653 eines
1228 1588 1489 1654 altertiimlicben
1514 1588 1754 1665 Gdttsrbildes,
1781 1591 1837 1652 wie

639 1716 714 1760 man
746 1702 909 1761 vermutet
940 1696 995 1760 hat
1026 1696 1083 1760 der
1114 1696 1240 1760 Athena
1263 1694 1389 1772 Polias,
1412 1696 1463 1761 die
1486 1699 1533 1760 im
1557 1696 1776 1761 Erechtheion
1800 1715 1835 1757 zu

640 1802 745 1867 Athen
778 1801 905 1867 verehrt
938 1801 1055 1866 wurde.
1087 1801 1143 1865 Ihr
1172 1801 1283 1865 words
1305 1799 1456 1887 alljiihrig
1480 1805 1532 1866 ein
1556 1800 1702 1867 Gewand
1727 1801 1835 1886 414434-

640 1907 769 1985 bracbt‚
799 1910 833 1971 in
865 1905 1002 1971 welches
1033 1906 1090 1971 der
1121 1905 1248 1990 Kampf
1274 1905 1329 1970 der
1360 1904 1477 1972 Gdttsr
1500 1909 1562 1971 mit
1586 1907 1648 1972 den
1674 1903 1834 1992 Giganteo

640 2013 877 2099 hincingewebt
902 2033 982 2090 war;
1007 2012 1063 2077 der
1085 2011 1184 2077 'Porso
1207 2014 1311 2098 zeigt‚
1337 2016 1397 2077 wie
1421 2016 1480 2077 wir
1503 2035 1563 2077 uns
1587 2013 1733 2078 dasselbe
1757 2021 1834 2076 etwa

641 2119 764 2184 denhen
788 2117 948 2183 hbnnen.''
973 2118 1055 2182 Nam
1079 2117 1156 2183 licet
1179 2120 1279 2182 etiam
1303 2118 1438 2182 Phidiae
1462 2117 1676 2183 simulacrum
1696 2117 1835 2203 Virginis

640 2223 700 2290 tali
730 2223 824 2310 peplo
854 2223 952 2288 fuerit
981 2223 1151 2300 indutum,
1186 2222 1455 2300 „archaisticum”
1480 2223 1562 2288 illud
1586 2230 1728 2289 testatur
1751 2221 1834 2287 alind

641 2333 772 2415 signum
804 2327 951 2414 exemplo
974 2328 1072 2394 fuisse
1096 2328 1211 2393 artifici
1235 2332 1292 2415 qui
1315 2327 1481 2394 Palladem
1505 2328 1720 2394 Drssdensem
1744 2329 1833 2402 lecit,

641 2440 770 2519 propter
793 2432 927 2519 peplum
951 2439 1061 2497 autem
1085 2432 1123 2498 de
1148 2432 1278 2498 Poliade
1301 2435 1443 2519 cogitare
1467 2434 1549 2497 mihi
1574 2434 1753 2499 absurdum
1776 2454 1833 2497 non

642 2539 779 2605 videtur.
800 2536 849 2603 Ac
868 2559 982 2624 rogare
997 2537 1098 2603 velim
1110 2547 1222 2603 utrum
1236 2539 1327 2603 deam
1340 2540 1429 2603 urbis
1441 2542 1668 2625 protectricem
1680 2542 1834 2603 inermem

641 2665 681 2709 an
711 2646 819 2728 potins
849 2651 1006 2708 armatam
1037 2646 1180 2729 cogitare
1204 2643 1388 2708 debeamus.
1413 2644 1485 2709 Hoc
1508 2648 1642 2729 signum
1668 2653 1702 2710 et
1724 2645 1833 2709 habitu

641 2756 674 2814 41
697 2751 891 2814 ornamentis
916 2748 1082 2813 Minervas
1105 2747 1221 2833 templi
1244 2750 1428 2835 Aeginetici
1450 2749 1557 2814 simile
1582 2758 1642 2814 est.

685 2853 747 2919 sed
778 2865 816 2918 ut
846 2857 912 2918 iam
936 2852 1139 2938 supradixi,
1164 2856 1293 2919 etiamsi
1314 2853 1597 2941 Furtwinglsrnm
1619 2859 1726 2920 secuti
1749 2855 1835 2920 nobis

640 2958 806 3027 Poliadem
829 2960 1041 3025 informemus
1065 2958 1246 3037 sedentem,
1267 2962 1443 3037 inermem,
1463 2961 1614 3026 manibus
1632 2961 1775 3047 genibus
1794 2963 1835 3025 in·

640 3069 741 3142 nixis,
774 3065 866 3130 deam
897 3068 989 3130 cuius
1020 3068 1054 3129 in
1087 3067 1294 3149 inscriptions
1325 3072 1433 3130 nostra
1464 3065 1500 3130 fit
1531 3069 1657 3132 mentio
1683 3088 1747 3132 non
1771 3086 1835 3131 mse

641 3170 806 3235 Poliadem
830 3176 953 3236 certum
977 3178 1035 3236 est.
1061 3170 1171 3256 Nuper
1195 3169 1336 3235 Berolini
1359 3170 1540 3257 figurarum
1559 3171 1699 3237 illarum
1719 3194 1736 3238 4
1756 3179 1836 3237 terra

639 3283 729 3342 cocta
758 3279 934 3360 specimina
965 3278 1053 3340 varia
1084 3278 1223 3361 aspicere
1256 3279 1365 3360 potui,
1397 3279 1494 3342 etiarn
1519 3275 1615 3354 14114,
1641 3280 1779 3363 quibus,
1802 3284 1837 3341 41

640 3380 877 3468 Furtwbngleri
901 3382 1007 3446 verbis
1025 3388 1109 3457 utar,
1135 3384 1225 3457 „eine
1245 3382 1339 3466 Aigis
1359 3382 1481 3447 auidis
1500 3382 1600 3447 Brust
1617 3382 1748 3469 gemalt
1767 3381 1837 3447 oder

640 3489 692 3552 ein
712 3487 811 3551 hoher
832 3485 1044 3551 Helmkamm
1063 3486 1241 3570 ausgesetzt
1258 3484 1363 3563 war;'’
1386 3487 1440 3550 sed
1460 3508 1498 3552 44
1518 3485 1594 3552 14114
1607 3488 1742 3572 quidem
1756 3488 1835 3573 signi

639 3613 756 3656 manus
787 3599 896 3676 patera
919 3594 1024 3656 ornari
1047 3593 1190 3676 potuisse
1215 3591 1296 3654 mihi
1320 3590 1460 3668 videtur,
1485 3593 1569 3676 quod
1593 3596 1627 3657 in
1652 3596 1749 3679 signo
1772 3614 1837 3657 cur

638 3700 722 3762 renti
747 3696 798 3761 vel
821 3700 920 3762 stanti
945 3706 977 3761 41
1001 3702 1125 3761 armato
1150 3717 1279 3782 prorsus
1302 3697 1476 3761 absurdum
1499 3705 1557 3762 441.

683 3804 795 3888 Itaque
819 3803 859 3866 ad
882 3802 978 3867 verba
1000 3804 1218 3886 inscriptionis
1241 3800 1432 3867 illustranda
1455 3809 1511 3867 441
1533 3802 1626 3867 Iahni
1649 3801 1710 3867 illa
1728 3804 1834 3887 imago

639 3907 818 3974 vascolaria
843 3908 971 3973 videtur
993 3908 1183 3973 conferenda
1205 3915 1262 3972 aut
1282 3947 1323 3957 —
1342 3929 1418 3973 nam
1442 3929 1510 3973 rem
1533 3910 1672 3973 minime
1692 3914 1834 3973 constare

640 4015 807 4079 fateor-
833 4020 957 4078 4141444
988 4020 1127 4078 44144144
1161 4033 1258 4077 mauu
1290 4012 1389 4078 altera
1416 4020 1539 4079 vestem
1564 4019 1713 4090 tenente,
1738 4012 1834 4077 altera

642 4124 803 4204 porrecta,
836 4139 916 4203 quse
947 4121 981 4183 in
1012 4117 1161 4202 Acropoli
1189 4121 1274 4183 inter
1297 4119 1411 4183 rudera
1435 4140 1451 4183 4
1475 4119 1676 4203 temporibus
1699 4119 1833 4184 Persicis

640 4232 716 4289 sunt
739 4227 896 4289 inventas.
921 4224 968 4289 De
992 4227 1112 4309 priscas
1136 4230 1220 4288 certe
1243 4226 1321 4288 artis
1344 4227 1437 4310 signo
1464 4224 1675 4310 cogitandum
1704 4226 1835 4289 arbitror

638 4336 767 4415 propter
791 4335 978 4394 ornamenta
1001 4332 1157 4413 pretiosa,
1183 4349 1264 4413 quae
1287 4332 1320 4393 14
1340 4327 1509 4394 simulacro
1529 4329 1831 4416 chryselephantine

636 4457 700 4499 non
719 4441 893 4519 potuerunt
913 4434 1083 4511 offendere,
1109 4434 1307 4518 temporibus
1328 4435 1469 4500 classicis
1489 4456 1570 4521 quas
1591 4435 1746 4501 dicnntnr
1766 4454 1831 4498 rara

640 4541 772 4606 luerunt
787 4539 820 4621 ¹).

674 4706 700 4767 l)
719 4705 982 4754 FriederichsW0ltorr
999 4704 1042 4754 rub
1060 4720 1160 4753 numero
1178 4704 1235 4756 474.
