4525 5950
969 700 1130 748 wnorurus.
1585 684 1649 750 321

501 865 527 928 V
555 865 583 928 1.
596 864 641 928 22
674 863 789 928 Nescio
813 861 890 948 quid
912 862 973 927 tibi
997 883 1070 926 sum
1094 861 1213 928 oblitus
1236 864 1330 929 hodie
1354 886 1389 930 ac
1414 865 1502 931 volui
1526 867 1630 932 dicere

545 970 716 1057 Magister,
742 989 838 1053 quem
862 989 960 1054 supra
983 971 1121 1035 tractavi
1143 991 1173 1054 p.
1199 969 1276 1049 303,
1300 969 1389 1036 dedit
1412 972 1572 1039 scholium

499 1078 566 1156 (l):
591 1075 680 1141 deest
704 1074 886 1160 „propter'’,
912 1082 949 1139 ut
972 1077 1015 1139 sit
1040 1083 1193 1161 ,propter
1216 1079 1323 1142 nescio
1348 1076 1459 1162 quid'’.

497 1185 546 1248 Ab
570 1182 627 1248 illo
650 1185 756 1267 igitur
779 1181 925 1246 diversus
949 1188 999 1246 est
1022 1182 1074 1246 hic
1099 1188 1205 1247 noster
1227 1185 1261 1246 in
1285 1182 1405 1249 scholio
1482 1268 1484 1273 Δ

498 1289 563 1370 (2);
590 1290 674 1352 Aut:
700 1290 827 1364 „nescio
851 1287 982 1372 quare'',
1008 1295 1045 1352 ut
1068 1289 1111 1352 sit
1135 1288 1327 1354 adverbiale.
1359 1286 1412 1370 (Ο)

498 1457 524 1520 V
545 1456 610 1522 23
634 1457 706 1542 Ego
727 1455 980 1522 commodiorem
999 1455 1165 1520 homiuem
1178 1455 1351 1521 adventum
1364 1461 1493 1541 tempus
1505 1479 1566 1522 non
1578 1458 1647 1523 vidi

496 1563 577 1627 Don.
600 1563 666 1639 (l):
691 1561 754 1627 Hic
773 1560 885 1626 Davus
905 1560 1093 1638 admiratur,
1116 1559 1201 1646 quod
1221 1563 1255 1625 in
1276 1564 1345 1645 ipso
1365 1562 1501 1628 articulo
1514 1563 1648 1647 periculi

449 1670 673 1754 supervenerit
704 1664 811 1734 Orito:
844 1666 892 1745 (2)
924 1671 1030 1750 potest
1053 1669 1138 1731 enim
1161 1673 1194 1731 et
1217 1666 1403 1732 commodus
1427 1690 1495 1734 esse
1519 1672 1591 1755 quis
1615 1677 1648 1736 et

449 1774 554 1840 alieno
586 1780 730 1860 tempore
762 1775 969 1857 supervenire
1001 1775 1151 1856 [potest]:
1189 1809 1232 1820 -
1268 1773 1316 1851 (3)
1346 1775 1388 1837 at
1418 1775 1648 1839 commodastis

449 1880 568 1944 domine
598 1887 652 1956 eat,
683 1881 737 1943 aed
767 1886 795 1942 ct
827 1885 1009 1960 opportunae
1033 1879 1191 1941 aduentum
1213 1878 1322 1941 molum
1345 1880 1452 1943 habere
1467 1888 1578 1962 potest.
1605 1919 1647 1930 —

448 2008 525 2050 nam
558 1985 882 2051 commodumin
913 1984 1043 2049 homine
1074 1989 1139 2062 est,
1164 1983 1372 2050 adrentus
1396 1988 1430 2049 in
1455 1986 1537 2051 facto
1560 1989 1647 2062 eius,

452 2097 619 2177 tempus
642 2093 676 2155 in
699 2092 938 2176 opportunitate
962 2089 1048 2154 facti.

495 2196 624 2263 Scholia
659 2197 708 2278 (1)
740 2204 773 2261 et
803 2196 852 2275 (2)
887 2195 1028 2262 efficiunt
1059 2216 1163 2259 unum
1195 2196 1361 2282 integrum
1394 2204 1426 2261 et
1458 2200 1646 2263 continuum

450 2303 570 2368 Donati
578 2324 586 2381 ;
612 2301 660 2382 (3)
683 2301 767 2387 quod
790 2303 915 2367 notavit
939 2300 1000 2379 W,
1025 2301 1226 2367 referendum
1245 2302 1374 2366 videtur
1393 2303 1432 2367 ad
1452 2307 1646 2391 magistrum

448 2409 618 2475 leniorem.
642 2408 689 2473 De
713 2409 883 2493 postremis
905 2418 1016 2487 („nam
1042 2407 1270 2473 commodum’'
1289 2415 1371 2493 sqq.)
1391 2408 1502 2474 dubito
1522 2415 1554 2474 et
1572 2410 1647 2474 Phi-

446 2514 585 2600 losopho
610 2514 758 2601 digniora
781 2513 942 2591 videntur,
966 2535 1062 2599 quam
1087 2513 1229 2592 Donato,
1254 2516 1310 2599 qui
1334 2516 1491 2600 speciosas
1515 2514 1645 2581 distinc-

448 2623 556 2686 tiones
582 2618 681 2705 vulgo
706 2619 864 2684 abhorret.
896 2617 952 2698 (D)

497 2773 541 2837 24
574 2770 819 2858 Quadrupedem
843 2772 1055 2856 constringite
1461 2851 1464 2855 .
1585 2854 1588 2860 Α

496 2878 575 2943 Vide
599 2878 637 2943 de
659 2877 710 2941 his
732 2875 861 2941 scholiis
884 2876 1042 2941 Mnemos.
1066 2874 1196 2939 XXXII
1215 2897 1246 2961 p.
1266 2874 1343 2953 245,
1366 2877 1421 2940 ubi
1441 2876 1588 2943 dubitavi
1607 2879 1645 2945 de

444 2997 576 3052 auctore
608 2987 708 3071 primi
738 2984 787 3064 (1)
819 2990 851 3048 61
874 2987 1009 3049 1611111111
1032 2981 1081 3064 (3)
1106 2982 1300 3069 Philosopho
1325 2984 1501 3071 adsignari.
1526 2985 1644 3073 Secun-

445 3094 526 3158 dum
550 3091 600 3172 (2)
624 3090 733 3156 deberi
757 3097 836 3175 puto
860 3089 953 3155 alteri
978 3092 1144 3175 magistro.
1178 3086 1230 3171 ((1)

494 3258 520 3321 V
547 3258 612 3323 3.5
645 3257 726 3323 Don.
759 3256 825 3336 (l):
851 3257 892 3319 Et
916 3256 1148 3332 „confidentia”
1174 3256 1269 3321 modo
1292 3278 1349 3341 pro
1373 3258 1506 3323 audacia
1528 3266 1561 3324 et
1585 3282 1643 3345 pro

446 3365 675 3448 improbitate,
696 3363 785 3427 utin
808 3362 998 3427 Phormione
1018 3361 1137 3438 „homo
1156 3361 1335 3426 confidens”
1356 3362 1384 3440 (1
1402 3361 1433 3427 2.
1449 3361 1515 3441 73).
1540 3347 1645 3430 Aliter

446 3471 502 3534 hic
526 3490 622 3553 supra
645 3468 685 3548 (V
710 3466 813 3545 214)
839 3466 1039 3544 „conlidens”
1064 3488 1121 3552 pro
1146 3471 1304 3532 constanti
1328 3475 1361 3532 ct
1383 3472 1489 3554 gravi.

494 3575 583 3660 Mag.
604 3575 668 3654 (2);
689 3574 777 3660 Ergo
797 3572 1060 3638 confidentia
1079 3573 1243 3638 interdum
1254 3576 1289 3638 in
1302 3573 1385 3639 mala
1397 3574 1640 3660 significatione,

444 3680 610 3746 interdum
642 3683 676 3744 in
707 3680 789 3744 bona
821 3678 1052 3765 significatione
1075 3682 1225 3764 ponitur;
1250 3679 1304 3745 sed
1328 3680 1493 3746 fiducia
1516 3703 1642 3767 semper

445 3790 482 3852 in
507 3788 586 3852 bona
609 3786 844 3873 significatione
867 3788 1013 3878 ponitur.¹

492 3892 584 3978 Sapit
607 3895 803 3979 magistrum
826 3891 1096 3957 confidentiorem.
1113 3888 1182 3972 (0)

493 4044 514 4109 8
537 4044 618 4109 Dou.
643 4044 710 4125 (l):
736 4042 937 4129 „inpotenti”
961 4044 1068 4108 minus
1099 4046 1233 4128 potenti.

493 4152 583 4238 Mag.
608 4149 674 4232 (3);
699 4149 757 4216 Vel
781 4157 865 4216 certe
889 4149 987 4215 debili
1010 4156 1042 4215 et
1066 4149 1204 4215 devicto.
1238 4147 1291 4229 (O)

493 4304 608 4367 vat
640 4302 721 4367 Don.
753 4303 816 4381 (l):
852 4301 1038 4379 „insoleus”
1070 4305 1232 4381 insuetus,
1264 4303 1433 4383 insolitus,
1457 4306 1543 4384 (add.
1567 4327 1638 4372 6111.
1696 4294 1701 4302 ’

445 4409 610 4483 Ciceronis
634 4414 666 4473 et
690 4406 849 4488 Sallusti).

489 4515 581 4601 Mag.
605 4515 790 4579 subiunxit:
818 4513 991 4591 „incolens”
1016 4521 1045 4577 et
1069 4536 1214 4595 arrogans
1237 4516 1431 4599 iutellipr'tur.

490 4622 594 4686 Verba
616 4623 742 4686 notavit
766 4619 815 4684 W.
850 4618 902 4700 (O)

491 4788 535 4854 22
560 4787 711 4874 Adplicat
735 4790 878 4873 primum
903 4787 942 4852 ad
966 4785 1135 4875 Chrysidis
1157 4794 1282 4874 patrem
1305 4811 1338 4856 se
