4525 5950
1006 720 1251 769 murosrssuss.
1684 705 1725 771 13

533 891 659 967 βαμού,
692 890 716 953 εἰ
748 891 792 965 μη
825 886 1032 967 προσηκόντως
1064 887 1208 964 εόσιὶγετο
1240 888 1254 950 ό
1285 895 1362 960 παῖς
1386 887 1503 966 ούτοσό,
1528 890 1675 961 αὐτοὺς
1701 890 1727 954 δ’

532 996 681 1075 ἀξιοῦντα
717 997 875 1074 ἐπιορκεῖν,
908 992 1065 1070 λαβόντες
1097 997 1151 1068 την
1182 998 1299 1072 ψῆφον,
1331 995 1484 1070 καομένων
1516 999 1573 1060 τῶν
1606 998 1726 1076 ἱερείων,

533 1105 597 1168 ἀπὸ
626 1107 678 1167 τοῦ
702 1100 810 1178 βωμοῦ
836 1100 977 1178 <piscem
1004 1106 1056 1164 τοῦ
1081 1100 1154 1173 Διὸς
1179 1105 1232 1164 τοῦ
1256 1102 1414 1180 Φρατρόου,
1438 1103 1584 1182 παρόντος
1608 1103 1724 1166 τουτουὶ

533 1208 763 1288 Μακαρτοότου,
796 1208 991 1286 ἐψηφίσαντο
1024 1207 1067 1271 τόν
1099 1207 1203 1270 δίκαια
1236 1207 1321 1284 όρόῶς
1354 1207 1404 1271 καὶ
1437 1210 1644 1286 προσηκόντως
1676 1209 1726 1272 τὸν

533 1316 638 1380 παῖδα
670 1316 785 1379 τουτονὶ
818 1314 998 1393 εόσοόγεσόαι
1029 1314 1206 1393 Εὐβουλίδη
1229 1314 1301 1378 υἱόν.
1326 1313 1473 1378 Primum
1495 1314 1567 1382 leve
1590 1321 1638 1381 est
1662 1337 1726 1381 cor·

532 1425 658 1509 rigere:
691 1424 717 1486 oi
741 1419 842 1502 ύρις·
867 1420 912 1485 ἂν
936 1419 1064 1491 εἰδότες·
1090 1419 1145 1484 sed
1169 1418 1245 1505 quid
1268 1424 1315 1484 est
1337 1421 1396 1485 hoc
1419 1420 1503 1504 quod
1527 1421 1725 1488 Macartetus

531 1530 652 1594 dicitur
682 1530 786 1613 egisse
817 1534 854 1591 ut
885 1528 910 1591 oi
941 1529 1092 1604 Φρούτερος
1118 1528 1305 1610 peierarent.
1328 1525 1492 1606 Quantum
1514 1531 1608 1606 novi,
1631 1550 1725 1594 nemo

529 1636 698 1720 hucusque
721 1633 871 1719 expedire
895 1635 1001 1720 potuit
1025 1631 1098 1697 ilis:
1124 1633 1235 1702 αύτούς
1261 1633 1286 1696 δ’
1311 1629 1456 1708 ἀξιοῦντα
1481 1636 1635 1715 ἐπιορκεῖν.
1661 1634 1726 1699 Au-

530 1743 660 1807 diamus
690 1739 730 1807 G.
756 1741 800 1805 H.
825 1739 1031 1806 Schiferum:
1064 1741 1225 1818 „Amanus
1256 1760 1444 1805 sarcasmus.
1475 1740 1615 1806 Periurii
1638 1744 1728 1808 terri-

530 1848 715 1914 culamento
739 1846 936 1912 Mecertetus
961 1845 1089 1911 volebat
1112 1848 1296 1931 pervincere
1320 1852 1358 1910 ut
1380 1847 1545 1932 phrstores
1568 1870 1726 1934 puerone

530 1953 818 2041 suffragarentur.’'
843 1952 989 2038 Speciem
1012 1952 1071 2018 hoc
1095 1952 1243 2029 heberet,
1267 1955 1330 2018 uisi
1353 1952 1551 2019 Mecsrtetus
1572 1957 1642 2040 ipse
1661 1977 1728 2041 per-

530 2064 655 2126 iurium
677 2059 760 2124 nihii
779 2062 919 2135 veritus,
939 2057 1091 2145 suffragio
1109 2080 1168 2124 suo
1186 2058 1402 2125 confirmasset
1415 2060 1502 2125 idem
1515 2060 1598 2146 quod
1610 2061 1726 2147 reliqui

530 2187 661 2234 omnes:
686 2165 805 2232 diserte
828 2166 926 2230 verbo
949 2169 1025 2232 sunt
1049 2166 1066 2250 ξ
1086 2164 1129 2229 82
1154 2187 1185 2251 p.
1211 2162 1317 2230 1078:
1341 2166 1491 2230 circuiti
1514 2169 1726 2245 Μακάρτατος

531 2279 656 2354 φανερᾷ
688 2282 725 2351 τῇ
749 2273 847 2350 ψηΦςι
871 2271 1051 2348 ἐψηφίσατο
1075 2271 1162 2348 σ’ρόῶς
1186 2271 1368 2347 εόοόγετόαι
1391 2271 1567 2354 Εύβουλόδη
1590 2275 1651 2338 υἱόν
1675 2274 1726 2338 τόν

533 2379 646 2442 παῖδα.
671 2374 902 2442 Commendare
924 2378 1046 2440 ausim:
1071 2377 1096 2440 οό
1122 2378 1274 2456 Φρούτερες
1391 2377 1514 2456 όρῶντες
1535 2380 1628 2444 αύτὸν

533 2487 568 2550 ού
601 2485 728 2548 όόλοντα
761 2482 946 2561 κινδυνεύειν,
1088 2482 1164 2548 οὐδ’
1196 2479 1341 2558 ἀξιοῦντα
1373 2484 1529 2563 ἐπιορκεῖν,
1553 2484 1724 2552 Mecerteti

531 2589 721 2676 exemplum
748 2591 850 2654 secuti
872 2594 957 2654 sunt.

579 2814 597 2897 ᾗ
617 2811 660 2877 28
684 2833 715 2897 p.
742 2809 840 2876 1058.
867 2807 998 2894 Aliquid
1022 2807 1158 2873 excidit:
1182 2812 1270 2873 τοῦτο
1294 2809 1357 2889 reip
1382 2811 1443 2878 ἐςιν
1463 2805 1483 2890 ᾧ
1503 2809 1721 2892 (πρότερον)

533 2919 765 2999 παρεκρούσατο
789 2919 803 2982 ό
827 2918 944 2982 τουτουὶ
970 2915 1082 2992 πατήρ.

577 3136 658 3225 §67
689 3161 720 3225 p.
748 3137 846 3205 1073.
879 3137 1040 3204 Notabilis
1064 3144 1112 3203 est
1135 3139 1346 3202 constructio:
1371 3138 1466 3202 πολὺν
1489 3138 1594 3219 χρόνον
1618 3140 1632 3203 τ’
1638 3141 1688 3219 χό
1697 3165 1721 3202 ν-

530 3271 605 3309 τοιν
635 3245 788 3311 ἑαυτῶν
818 3246 869 3308 τόν
902 3251 1011 3322 κλῆρον
1043 3244 1102 3308 νυνὶ
1135 3240 1347 3323 ἀγανόζονται.
1380 3243 1441 3309 Hic
1472 3246 1621 3331 equidem
1644 3247 1721 3334 quid

530 3359 673 3418 statuam
696 3354 826 3418 omuino
850 3372 913 3416 uon
937 3351 1049 3418 habeo.

577 3557 658 3644 §69
689 3581 720 3645 p.
747 3557 851 3625 1073:
885 3555 898 3623 ό
929 3560 993 3638 γὰρ
1026 3557 1060 3636 ἦν
1091 3560 1219 3627 πλείςου
1253 3557 1335 3635 ἄξιον
1366 3567 1397 3624 ἐν
1428 3567 1491 3632 τοῖς
1515 3561 1633 3643 χοιρόοις
1657 3571 1719 3635 τοῖς

533 3666 670 3743 Ἀρνόου,
789 3666 822 3729 αἱ
844 3668 954 3743 ἐλᾶαι,
975 3666 1132 3738 ταύτας
1157 3663 1376 3744 ἐξώρυττον
1401 3667 1467 3730 καὶ
1493 3667 1724 3744 ἒξεπρέρονι·

530 3770 612 3852 ζον,
646 3778 735 3834 πλεῖν
767 3770 784 3846 ἢ
815 3771 908 3850 χόλια
940 3770 1076 3851 ςελόχη,
1101 3767 1164 3836 όόεν
1188 3769 1290 3836 ἔλαιον
1313 3774 1392 3837 πολὺ
1419 3773 1577 3852 ἐγίγνετο,
1601 3775 1723 3847 ταύτας

528 3873 610 3941 ούτοι
652 3876 798 3941 ἀπέδοντο
842 3878 1103 3957 ἔκπρερονόσαντες
1139 3878 1190 3941 καὶ
1228 3878 1369 3957 ἀργύριον
1406 3879 1560 3959 ὑπέρπολυ
1596 3878 1721 3958 ἔλαβον.

529 3982 679 4047 Elumbis
713 3984 815 4048 oratio
845 3989 894 4047 est
924 3990 957 4049 et
988 3984 1125 4049 verbum
1158 3981 1364 4063 ἐκπρεμνόζειν
1395 3988 1492 4051 nimis
1516 3987 1606 4052 brevi
1627 3990 1725 4053 inter-

529 4087 615 4154 vallo
646 4087 807 4153 inutiliter
838 4091 984 4155 iteratur.
1016 4090 1073 4155 Est
1106 4089 1196 4155 locus
1227 4094 1261 4154 in
1293 4093 1405 4155 Αιιοοό.
1430 4093 1489 4157 Bk.
1514 4115 1543 4178 p.
1569 4092 1645 4159 293.
1659 4094 1721 4160 21:

529 4192 703 4275 πριμνύζειν
736 4195 771 4258 τό
803 4194 1023 4272 καταβόλλειν
1047 4197 1089 4260 τοὶ
1114 4198 1254 4276 πρέμνα,
1279 4196 1399 4264 τουτόςι
1422 4200 1464 4262 τοὶ
1489 4201 1644 4283 ςελέχη
1668 4205 1722 4267 καὶ

529 4303 579 4364 τὰ
605 4299 739 4379 αερούλα
763 4300 863 4379 ξύλα,
888 4305 979 4368 cuius
1002 4324 1060 4387 ope
1083 4305 1260 4388 poterimus
1284 4304 1439 4369 Photium
1461 4309 1618 4393 corrigere
1638 4310 1723 4395 opud

530 4428 629 4493 quem
652 4411 686 4471 in
711 4428 741 4473 r.
766 4411 874 4473 miuus
894 4409 972 4473 bene
990 4407 1127 4496 legn'tnr:
1151 4411 1271 4477 τουτὲςι
1291 4411 1333 4473 τόν
1355 4411 1495 4492 ταχόα
1514 4412 1566 4475 καὶ
1586 4415 1721 4490 μεγάλα

528 4513 624 4590 ξύλα.
648 4513 709 4580 Sed
733 4518 839 4601 magis
863 4515 902 4581 ed
925 4537 993 4580 rem
1017 4519 1157 4602 pertinet
1179 4516 1442 4602 Harpocrationis
1460 4518 1581 4605 glossa:
1603 4522 1721 4599 ἐξεπρέ-

529 4619 649 4700 μνιζον·
683 4622 752 4686 ἀντὶ
777 4627 830 4686 τοῦ
855 4623 1055 4701 κατέβαλλον
1080 4625 1122 4686 τὰ
1148 4623 1288 4704 πρύμνα,
1312 4626 1431 4694 τουτόςι
1455 4627 1547 4705 μέχρι
1573 4628 1654 4706 ρἰζῶν
1680 4629 1722 4694 τοὶ

528 4731 658 4807 ςελέχη.
702 4725 918 4814 Consequitur
960 4729 1248 4815 Harpocrationem
1292 4731 1421 4796 eandem
1457 4733 1492 4795 iu
1525 4753 1583 4796 suo
1617 4735 1722 4800 codice

529 4834 679 4899 habuisse
702 4832 872 4899 lectionem
897 4856 993 4920 quem
1017 4857 1073 4901 nos
1096 4857 1222 4921 quoque
1241 4837 1411 4913 hebemus,
1433 4858 1489 4901 nec
1510 4844 1616 4902 tumen
1635 4841 1724 4925 quid-
