4525 5950
949 686 1104 735 noricus.
1560 664 1625 730 235

433 852 569 931 habere;
609 852 680 918 ideo
719 859 751 918 et
790 855 910 918 iuravit
946 852 1093 930 „hercle”
1128 858 1160 918 et
1198 852 1367 917 adfirmans
1402 851 1627 917 iusiurandum

436 959 567 1038 „certe”
593 959 725 1024 addidit.

482 1066 695 1131 Ratiocinatio
725 1087 780 1151 pro
811 1086 844 1130 se
875 1065 1028 1151 loquitur.
1062 1064 1109 1132 Of.
1143 1066 1186 1131 22
1220 1086 1325 1152 supra.
1356 1063 1442 1129 Illud
1472 1065 1557 1151 quod
1580 1073 1629 1131 est

432 1172 551 1259 plus,
584 1170 783 1258 amplius,
816 1174 952 1236 minus
981 1179 1044 1238 est
1077 1171 1125 1237 vel
1149 1172 1282 1249 dixit,
1307 1193 1370 1257 quo
1395 1191 1487 1256 saepe
1512 1175 1627 1249 utitur,

431 1282 537 1345 etiam
560 1281 699 1364 sumpsit
723 1299 741 1343 a
765 1277 898 1343 Donato.

486 1430 539 1495 30.
565 1428 684 1514 Opinor
707 1427 838 1495 narras?

481 1534 633 1601 Scholion
668 1537 864 1601 rhetoricum
901 1535 1032 1601 Donati:
1068 1538 1221 1622 quoniam
1255 1543 1449 1623 argumenta
1483 1545 1559 1603 sunt
1592 1559 1632 1603 ex

431 1646 623 1709 coniectura
648 1641 802 1726 „opinor”
827 1641 920 1705 dixit.

484 1747 723 1833 Aphilosopho
746 1747 805 1812 hoc
828 1749 872 1812 sic
896 1746 1063 1833 expletur:
1087 1768 1163 1812 nam
1186 1753 1297 1813 contra
1320 1750 1501 1834 opinionem
1527 1754 1633 1826 „certa

432 1877 490 1920 res
512 1855 581 1920 est”
609 1852 696 1934 <31);
729 1875 809 1939 quae
841 1860 950 1918 autem
975 1856 1155 1939 opinamur,
1180 1861 1350 1941 putamus,
1376 1875 1456 1940 qnae
1479 1861 1633 1941 putamus

434 1964 561 2026 incerta
583 1967 669 2025 sunt.

488 2065 628 2132 Donatus
659 2065 788 2131 scholiis
819 2065 986 2133 rhetoricis
1009 2088 1187 2152 numquam
1211 2066 1333 2153 aliquid
1355 2067 1514 2133 eiusmodi
1535 2069 1631 2133 inter·

437 2176 627 2260 pretationis
651 2171 783 2238 addidit.
1294 2158 1297 2164 ’

488 2324 540 2391 34.
566 2324 752 2390 Ridiculum
775 2330 871 2410 caput

488 2433 586 2498 Don.:
612 2453 668 2517 pro
692 2437 759 2496 toto
781 2431 921 2496 homine.
952 2431 1056 2497 Phil:
1081 2453 1176 2497 nemo
1199 2434 1287 2498 enim
1311 2454 1364 2498 ore
1387 2437 1570 2518 contempto
1593 2453 1632 2498 ex

437 2538 515 2605 aliis
539 2539 692 2603 membris
716 2537 878 2603 hominem
902 2536 981 2602 velit
1005 2535 1202 2625 significare!

488 2690 520 2755 Π
543 2690 573 2755 3.
588 2690 618 2755 6.
644 2688 739 2754 Pater
762 2696 809 2754 est
833 2688 1004 2775 Pamphile

487 2797 585 2862 Don:
622 2796 681 2861 hoc
717 2794 868 2861 vultuose
904 2796 1179 2882 pronuntiandum
1210 2804 1258 2862 est
1288 2803 1321 2863 et
1337 2797 1360 2876 ¹)
1392 2799 1473 2862 mire
1499 2795 1632 2882 „pater”

438 2905 542 2982 dixit,
571 2910 609 2968 ut
637 2906 671 2967 in
698 2906 767 2990 ipso
792 2904 921 2967 nomine
945 2902 1092 2967 videatur
1120 2904 1235 2969 hahere
1258 2905 1491 2969 auctoritatem.
1527 2901 1632 2968 Phil:

437 3010 546 3077 voluti
576 3007 848 3090 dormitantemtl)
872 3017 905 3075 et
929 3009 1067 3075 oblitum
1091 3013 1258 3096 potestatis
1282 3017 1430 3095 paternae
1454 3009 1506 3075 his
1528 3010 1631 3075 tribus

438 3120 579 3184 excitat:
613 3124 724 3203 „pater
753 3124 818 3193 est,
849 3116 1052 3202 Pamphila”,
1086 3117 1235 3194 „difficile
1265 3118 1346 3195 est'',
1371 3116 1469 3195 ,haec
1492 3115 1560 3182 sola
1581 3123 1631 3182 est

440 3222 594 3290 mulier''.

491 3375 543 3441 12.
569 3374 638 3441 Hoc
662 3377 697 3453 (i.
722 3396 748 3440 e.
773 3375 849 3455 huc)
873 3373 1043 3439 concludar

488 3482 538 3547 Ex
569 3482 709 3546 ferarum
733 3480 938 3545 translatione
967 3479 1178 3557 „concludar”
1204 3481 1303 3557 dixit,
1328 3488 1366 3546 ut
1388 3481 1466 3547 alibi
1490 3480 1635 3559 „conclu-

445 3610 513 3655 sam
543 3589 594 3652 hio
623 3587 723 3652 haheo
748 3608 880 3652 uxorem
905 3586 1057 3653 saevam’'
1083 3587 1228 3665 (Phorm.
1252 3587 1279 3652 V
1306 3588 1334 3652 l.
1352 3586 1416 3668 17).
1441 3587 1511 3653 Hoc
1534 3586 1635 3652 Dona

443 3705 516 3761 tum
546 3698 653 3777 ipsum
687 3691 825 3769 dedisse,
858 3696 988 3758 tametsi
1013 3692 1129 3758 falsum
1154 3701 1202 3758 est
1225 3692 1277 3772 (cf.
1302 3691 1441 3779 Spengel
1464 3692 1503 3758 ad
1528 3693 1560 3759 h.
1585 3690 1633 3771 1.),

443 3807 522 3885 puto
547 3807 677 3885 propter
700 3797 857 3864 scholium
883 3797 988 3865 simile
1020 3798 1058 3863 ad
1091 3799 1334 3865 Phormionem:
1366 3798 1517 3864 illaturus
1549 3819 1634 3875 „eae

443 3907 541 3973 vam’'
567 3907 645 3971 bene
671 3904 896 3981 „conclusam”
922 3905 1094 3991 praetulit,
1121 3913 1156 3970 ut
1179 3908 1207 3971 si
1229 3906 1364 3983 dicaret,
1397 3904 1549 3983 „ieram”.
1582 3902 1632 3973 cf.

443 4015 543 4079 etiam
568 4033 641 4077 mox
666 4011 709 4075 25
734 4010 793 4091 (2).

490 4165 544 4230 24.
568 4163 692 4229 Interea
714 4162 836 4249 aliquid
859 4163 1007 4230 acciderit
1031 4165 1106 4230 honi

490 4271 588 4337 Don:
620 4277 695 4335 nota
730 4270 920 4346 „acciderit”
953 4273 1050 4335 etiam
1082 4292 1139 4355 pro
1172 4272 1251 4336 bono
1283 4278 1315 4335 et
1348 4270 1387 4334 ab
1410 4271 1469 4335 hoc
1492 4275 1523 4335 et
1549 4269 1633 4355 apud

441 4386 568 4445 veteres
592 4378 841 4463 frequentatum.

489 4483 706 4569 Philosophus
738 4483 818 4559 fuit,
844 4485 965 4568 opinor,
992 4486 1048 4568 qui
1070 4483 1129 4548 hoc
1154 4481 1322 4569 negligens
1346 4482 1530 4567 adscripsit:
1555 4503 1637 4547 mor-

442 4600 512 4658 tem
536 4593 634 4675 patris
657 4590 867 4655 adulescentis
889 4592 923 4654 in
948 4588 1063 4655 delicto
1087 4611 1143 4675 pro
1166 4589 1247 4654 bono
1272 4610 1383 4655 servus
1406 4596 1553 4655 ostentat.

482 4823 509 4886 1)
528 4820 579 4888 lpse
598 4823 658 4870 Dou.
676 4822 732 4869 hacc
749 4835 792 4885 par
812 4820 866 4869 „at”
883 4819 1014 4878 coniunxit,
1032 4819 1125 4884 opinor,
1144 4821 1172 4867 nt
1184 4817 1242 4868 alibi
1260 4833 1306 4867 nou
1323 4834 1386 4868 raro.
