4525 5950
802 1262 885 1352 AD
922 1259 1258 1350 TIBULLUM

927 1407 951 1485 1,
978 1404 1123 1483 naen.

964 1603 1087 1644 scurrsir

860 1757 889 1824 J.
913 1756 942 1823 J.
966 1756 1194 1822 HARTMAN.

936 2062 1119 2106 *W-

481 2322 592 2390 Variae
610 2331 641 2390 et
661 2322 858 2410 multiplices
878 2330 950 2388 sunt
972 2325 1145 2401 vitiorum,
1166 2323 1282 2408 quibus
1302 2328 1468 2408 poetarum
1488 2324 1619 2407 scripto·

433 2450 570 2516 rumque
589 2430 735 2496 laborant
753 2431 843 2507 libri,
863 2449 988 2495 causae:
1007 2430 1101 2495 mode
1120 2429 1270 2496 librarius
1289 2431 1373 2516 qued
1393 2433 1426 2494 in
1444 2428 1619 2515 exemplari

433 2557 492 2601 sue
522 2537 658 2602 habebat
686 2558 748 2602 nen
771 2537 849 2602 bene
872 2536 1028 2622 dispexit,
1053 2537 1146 2602 mode
1169 2540 1309 2615 inritus,
1333 2536 1459 2603 labente
1480 2536 1618 2614 calamo,

434 2646 563 2729 scripsit
594 2643 678 2729 quod
708 2646 823 2709 noluit.
847 2646 890 2709 At
909 2644 1012 2708 multo
1037 2646 1201 2730 graviores
1225 2647 1368 2710 existunt
1391 2644 1540 2721 mendae,
1564 2645 1620 2709 ubi

434 2752 602 2816 scribentis
621 2774 700 2814 mere
718 2754 752 2814 in
771 2772 911 2816 errorem
929 2749 1102 2815 1111001101.
1123 2748 1208 2815 Illud
1228 2757 1334 2816 tamen
1350 2753 1504 2816 vitiorum
1518 2772 1620 2837 genus

437 2879 498 2922 nen
531 2867 598 2922 tam
629 2856 721 2923 facile
752 2856 1008 2943 deprehenditur,
1040 2877 1236 2941 quamquam
1264 2878 1302 2922 ex
1330 2859 1400 2943 ipsa
1423 2860 1541 2922 mentis
1565 2857 1622 2921 hu·

436 2984 550 3028 manac
569 2962 674 3029 indole
693 2966 780 3028 nasei
800 2984 892 3048 saepe
912 2984 968 3028 nes
989 2984 1064 3027 usus
1085 2962 1186 3028 docet.
1207 2960 1268 3030 cui
1288 2965 1373 3029 enim
1386 2963 1527 3040 homini,
1546 2984 1619 3027 cum

436 3071 627 3136 describeret
658 3069 797 3155 aliquid,
829 3092 890 3135 11011
921 3089 1012 3154 saepe
1043 3073 1152 3135 evenit
1181 3077 1218 3134 ut
1249 3091 1305 3154 pro
1338 3067 1511 3145 vocabule,
1536 3068 1620 3154 quod

435 3186 507 3243 aute
538 3175 645 3241 oeulos
676 3176 820 3252 haberet,
852 3174 940 3240 aliud
966 3183 1113 3260 poneret,
1139 3176 1223 3261 quod
1246 3177 1307 3240 sibi
1330 3178 1483 3262 cogitatio
1507 3196 1621 3261 parum

436 3282 575 3369 vigilans
596 3283 869 3359 subministraret,
889 3288 1062 3366 cognatum
1082 3282 1212 3366 quidem
1231 3281 1338 3366 aliquo
1359 3282 1454 3346 mede
1470 3280 1538 3359 illi,
1557 3303 1620 3367 quo

436 3411 515 3474 opus
546 3398 646 3468 esset,
677 3388 731 3453 sed
762 3396 869 3453 tamen
901 3388 1058 3453 eiusmodi
1081 3396 1117 3451 ut
1140 3394 1207 3452 teta
1229 3388 1290 3452 loci
1314 3392 1472 3453 sententia
1494 3409 1531 3452 ee
1555 3409 1621 3473 pes·

437 3491 660 3560 sumdarsturl
691 3494 775 3573 Quin
806 3497 905 3559 etiam
938 3494 1004 3558 fieri
1035 3496 1079 3557 sie
1103 3499 1269 3578 potestat
1293 3496 1326 3557 in
1352 3498 1479 3559 textum
1503 3496 1622 3578 irrepat

438 3599 628 3665 vocabulum
652 3620 781 3684 prorsus
807 3602 1001 3665 eontrarium
1025 3597 1092 3675 illi,
1116 3619 1179 3683 quo
1203 3620 1281 3684 opus
1301 3607 1357 3664 est.
1379 3599 1507 3685 Insigne
1526 3600 1622 3663 huius

437 3709 483 3768 rei
517 3704 701 3790 exemplum
732 3704 819 3770 hicce
850 3703 972 3770 Tibulli
1003 3704 1131 3789 praebet
1162 3705 1261 3769 locus.
1298 3701 1381 3770 (lum
1413 3707 1498 3769 enim
1529 3710 1622 3790 peita

440 3809 593 3874 dedisset:

617 3914 761 3980 Bacchus
784 3921 816 3981 et
840 3914 997 4001 agricolae
1020 3934 1139 4001 magne
1162 3915 1303 3980 confecta
1325 3913 1431 3980 labore

663 4021 796 4087 Pectora
818 4021 954 4085 laetitiae
977 4020 1179 4087 dissoluenda
1202 4022 1290 4088 dedit

437 4127 521 4190 ledor
543 4125 615 4204 ille,
639 4148 701 4212 que
721 4134 831 4212 pectus
850 4125 1008 4214 agricolae
1028 4127 1214 4210 conficiatur,
1235 4130 1460 4213 intempestive
1478 4129 1622 4205 librario,

437 4239 674 4317 pentametrum
705 4232 873 4309 scribenti,
910 4232 1056 4296 tristitiae
1090 4233 1226 4298 subiecit
1258 4235 1431 4298 notionem.
1466 4233 1509 4298 Et
1539 4254 1622 4298 nunc

439 4339 522 4423 apud
546 4335 714 4402 Tibullum
737 4334 872 4423 legitur:

617 4442 760 4508 Bacchus
783 4453 814 4509 et
836 4442 994 4528 agricolae
1017 4464 1135 4529 magne
1158 4444 1299 4508 confecta
1322 4442 1428 4509 labore

662 4550 798 4615 Pectora
821 4549 966 4613 tristitiae
991 4548 1192 4614 dissoluenda
1216 4549 1302 4614 dedit

437 4663 469 4719 et
489 4658 535 4720 sie
554 4655 670 4731 editur,
692 4658 760 4720 sine
781 4654 845 4720 ulla
864 4653 1061 4741 corruptelae
1081 4658 1269 4739 suspicione.
1290 4653 1383 4719 Solus
1401 4654 1622 4719 Lachmanuus

438 4770 573 4826 annotat
595 4765 629 4826 111
654 4762 759 4827 codice
783 4762 807 4825 P
831 4783 888 4847 pro
912 4762 1057 4826 tristitiae
1078 4760 1144 4848 legi
1168 4761 1306 4825 tristitia.
1332 4760 1516 4840 Quomodo
1539 4782 1622 4825 nune
