4525 5950
861 751 864 757 μ
956 681 1112 731 nonanus.
1566 665 1632 731 233

491 846 638 932 Ineptam
669 846 904 912 distinctionem
936 846 1077 913 studiose
1107 847 1265 934 exemplis
1289 852 1448 927 munivit,
1473 855 1506 915 et
1527 849 1636 915 eonfer

445 975 527 1038 quae
561 954 642 1018 dixit
677 953 715 1018 de
748 953 934 1038 imperfecto
965 954 1004 1018 ad
1034 953 1049 1017 Ι
1082 954 1111 1020 1.
1129 955 1180 1020 11.
1214 953 1365 1022 Ceterum
1394 962 1487 1021 autea
1510 977 1636 1042 quoque

444 1060 604 1144 pathetice
633 1061 851 1145 disputantem
887 1059 1071 1126 audivimus
1106 1063 1145 1127 de
1180 1063 1351 1128 verborum
1385 1063 1634 1150 significatione,

443 1188 470 1231 e.
495 1187 528 1252 g.
562 1166 601 1231 ad
634 1166 721 1231 uel
755 1167 1011 1244 „familiariter”,
1043 1168 1149 1234 1100
1183 1191 1261 1247 „nos
1284 1171 1481 1256 sequimur’'‚
1513 1169 1631 1237 114.7
1683 1217 1689 1228 ·

444 1280 666 1349 „commutare
690 1273 809 1338 verba’'
833 1273 876 1338 IV
903 1275 931 1339 1.
946 1272 988 1338 32
1014 1277 1219 1360 ‚,apparare”.

491 1424 544 1490 47.
570 1424 596 1490 Ο
622 1425 728 1512 Mysis
752 1424 875 1514 Mysis!

489 1531 638 1596 Primum
662 1533 812 1611 vocandi,
837 1532 974 1598 alterum
998 1533 1181 1618 inerepaudi
1204 1541 1262 1599 est.
1332 1534 1436 1600 Immo
1460 1544 1637 1622 utrumque

439 1640 646 1724 exprobantis
669 1649 726 1704 est.
752 1639 922 1704 Distiuotio
946 1639 1025 1704 falsa
1048 1639 1151 1705 denuo
1174 1647 1212 1705 ut
1235 1640 1275 1705 ad
1297 1663 1345 1706 vs.
1372 1640 1424 1708 13.
1545 1657 1547 1660 ·

491 1792 544 1857 te.
570 1792 638 1857 Iam
662 1793 760 1858 ferme
784 1795 922 1859 moriens
944 1814 997 1858 me
1020 1800 1113 1859 veoat

491 1899 589 1965 Don:
623 1921 662 1965 ex
686 1910 828 1985 tempere
852 1901 1002 1986 probavit
1024 1899 1167 1966 locutam
1190 1922 1267 1967 vera
1289 1923 1366 1968 esse.
1392 1902 1476 1967 Phil.
1502 1906 1547 1969 sic
1570 1927 1637 1990 per·
1681 1987 1684 1995 Ι

443 2009 546 2072 rexit:
583 2014 615 2073 et
650 2029 712 2072 non
747 2006 819 2071 fieta
854 2016 886 2071 et
921 2007 1091 2084 simulata,
1124 2028 1199 2072 nam
1216 2006 1240 2087 ¹)
1270 2011 1326 2094 qui
1356 2011 1426 2074 sani
1456 2017 1547 2088 suut,
1579 2033 1634 2096 spe

440 2112 597 2202 longioris
621 2116 706 2179 vitae
728 2112 910 2179 adulantur.

491 2267 544 2332 51.
577 2268 661 2334 Beue
691 2268 853 2334 Donatus:
885 2267 959 2333 vide
991 2266 1148 2332 redditam
1171 2270 1242 2332 voni
1266 2270 1434 2334 morientis
1458 2269 1563 2335 densis
1584 2272 1632 2335 in·

441 2373 589 2439 tervallis
618 2378 867 2461 intersumptam
891 2378 1066 2440 orationem
1090 2379 1202 2460 utpote
1224 2374 1307 2441 lasso
1331 2376 1474 2442 anhelitu
1498 2381 1634 2443 interve

441 2484 562 2547 niente.
633 2481 718 2548 Hine
747 2481 829 2548 alter
858 2483 936 2548 haee
966 2481 1076 2546 finxit:
1101 2488 1188 2547 amat
1212 2482 1435 2569 compendium
1459 2483 1633 2549 lassitudo:

443 2588 627 2666 „formam”
660 2591 747 2655 euim
778 2590 911 2655 diceudo
943 2588 1217 2675 pulchritudinem
1249 2589 1426 2677 signifieat,
1451 2592 1633 2669 „aetatem”

440 2696 528 2781 quod
552 2716 660 2781 parva.

491 2847 543 2911 56.
579 2846 629 2911 Ad
662 2847 799 2924 „fidem”
830 2869 875 2912 ne
908 2867 1108 2933 segreges
1139 2844 1283 2923 rettulit,
1312 2845 1351 2910 ad
1382 2847 1631 2924 „solitudinem”

439 2975 520 3019 neu
555 2953 729 3020 deseras.
772 2954 814 3019 llt
845 2977 920 3021 mox
955 2951 989 3033 (5
1021 2959 1053 3019 et
1086 2951 1118 3032 6)
1159 2951 1271 3031 „Hane
1303 2954 1472 3041 segreges”
1505 2962 1633 3042 propter

438 3064 581 3127 formam
604 3069 636 3126 et
660 3068 797 3126 aetatem
823 3099 865 3110 —
892 3082 982 3136 „neu
997 3059 1143 3125 deseras''
1167 3067 1295 3145 propter
1318 3081 1471 3127 amorem.

489 3168 675 3233 Antitheses
699 3176 731 3232 et
755 3166 973 3233 distinctiones
997 3166 1103 3232 falsae.

490 3321 542 3385 60.
569 3322 736 3399 Amicum,
762 3325 920 3397 tutorem,
944 3326 1067 3406 patrem

489 3429 598 3492 Potest
622 3430 708 3492 euim
732 3427 784 3507 (ef.
808 3427 823 3491 Ι
847 3426 878 3492 2.
893 3425 950 3506 23)
973 3433 1005 3491 et
1028 3428 1165 3491 maritus
1189 3447 1256 3492 esse
1280 3433 1312 3492 et
1331 3448 1393 3491 nou
1415 3429 1553 3492 amicus:
1578 3426 1633 3491 sed

442 3533 532 3610 <ad>
558 3532 708 3598 affectum
732 3536 842 3597 mariti
865 3532 992 3598 rettulit
1017 3532 1213 3608 „amicum’'.

490 3638 569 3703 Ibid.
603 3639 660 3718 (4).
695 3638 851 3716 „Virum”
883 3660 922 3704 ue
953 3659 1118 3725 segreges,
1153 3637 1337 3716 „amicum”
1360 3659 1400 3704 ne
1424 3638 1547 3704 deseres
1570 3638 1634 3714 <ad

437 3745 526 3811 illud
546 3746 630 3830 quod
655 3748 701 3810 ait
726 3744 785 3823 „ad
809 3767 877 3810 rem
902 3744 1091 3810 tutaudem''
1116 3743 1187 3824 (53)
1214 3744 1465 3825 „tutorem'''>²)
1488 3751 1520 3810 et
1545 3744 1633 3821 <ad>

437 3850 525 3918 illud
548 3851 631 3936 quod
655 3854 700 3916 ait
724 3859 776 3928 „et
798 3851 837 3915 ed
860 3849 1071 3937 pudicitiam”
1096 3848 1167 3930 (53)
1193 3850 1371 3935 „patrem'’.

490 3956 576 4023 Haeo
600 3961 708 4023 omnia
732 3978 830 4043 aeque
853 3961 962 4043 inepta
983 3963 1067 4022 sunt.

488 4111 519 4176 ll
544 4112 573 4176 1.
589 4111 641 4175 15.
668 4108 826 4191 „Quiduil
850 4113 877 4175 si
900 4109 982 4174 nihil
1004 4112 1158 4194 impetres
1167 4106 1202 4173 ?’'
1226 4115 1310 4175 reete
1332 4131 1388 4196 per
1410 4112 1547 4174 ironiam
1570 4107 1633 4174 dio·

439 4226 516 4283 tum
547 4238 614 4282 esse
645 4220 691 4281 ait
723 4216 877 4281 Donatus.
912 4215 1126 4302 Philosophus
1158 4217 1217 4281 hoo
1251 4219 1298 4280 ita
1328 4215 1482 4299 explieat:
1509 4213 1633 4293 „nihil”

435 4326 543 4390 ironia
571 4322 699 4389 videtur
721 4323 861 4388 dietum:
890 4318 1041 4407 „quidnil
1064 4325 1092 4387 si
1116 4321 1200 4386 nihil
1223 4327 1314 4408 petas
1340 4318 1454 4401 (sio)?'’
1479 4320 1637 4402 Quoniam

436 4432 630 4517 petitionem
655 4451 746 4515 saepe
770 4431 952 4514 impetratio
975 4430 1131 4513 sequitur.

489 4534 535 4601 De
562 4536 748 4621 „sequitur”
773 4536 812 4602 ef.
837 4555 933 4620 supra
956 4534 996 4600 ad
1019 4534 1034 4600 l
1060 4535 1089 4599 1.
1104 4534 1159 4600 22.

478 4735 504 4796 l)
522 4734 602 4797 leuga
619 4732 691 4782 series
709 4736 745 4781 eat
762 4731 979 4781 additamenterum
996 4748 1039 4797 per
1056 4749 1120 4792 naar,
1138 4733 1208 4792 enin,
1223 4749 1282 4798 quae
1296 4733 1370 4784 lector
1383 4734 1452 4784 laeile
1467 4734 1629 4800 deprehendet

477 4817 504 4878 2)
523 4816 560 4865 sie
577 4820 640 4865 reete
657 4814 761 4880 explevit
779 4814 869 4863 Weesu.
887 4830 942 4865 eum
960 4813 1073 4864 Rabbow.
