4525 5950
967 699 1103 747 ovrorus.
1565 685 1632 751 395

483 869 608 954 244sq.
638 869 806 933 Macareus
830 865 868 929 de
892 867 959 929 suis
982 864 1175 951 Ulyssisque
1198 866 1358 930 erroribus
1382 870 1414 931 et
1437 865 1502 932 alia
1524 876 1633 934 namet

440 983 473 1040 ct
496 977 591 1040 hacc:

1092 1079 1186 1142 terris
1208 1077 1389 1142 adlabimur
1411 1077 1496 1157 11116,

529 1188 614 1267 Quas
639 1185 749 1271 procul
772 1185 846 1249 hinc
865 1185 977 1249 cernis.
998 1182 1114 1248 Procul
1135 1185 1240 1264 [binc,
1262 1184 1343 1248 mihi
1362 1185 1471 1262 credo,
1496 1186 1631 1253 videnda

530 1292 656 1369 Insula,
681 1295 751 1356 visa
774 1291 871 1354 mihi:
897 1292 1010 1374 tuque]
1033 1311 1052 1353 o
1074 1291 1250 1353 iustissime
1274 1288 1394 1355 Troum

530 1398 612 1463 Nate
636 1398 693 1462 dea
717 1402 831 1482 (neque
855 1398 942 1461 enim
964 1395 1055 1460 finito
1080 1395 1186 1460 Marte
1209 1394 1369 1460 vocandus

527 1504 641 1570 Hostis
664 1524 698 1567 es
721 1505 838 1579 Aenea)
861 1523 993 1577 moneo,
1018 1501 1095 1586 fuge
1119 1500 1214 1565 litora
1238 1498 1354 1567 Circes.

436 1609 599 1677 Vocabula
621 1608 692 1673 hinc
795 1615 884 1692 toque
903 1606 1036 1671 inclusit
1055 1606 1205 1672 Kornius.
1230 1605 1283 1671 Sic
1304 1607 1389 1672 haud
1411 1608 1505 1674 dubie
1526 1610 1630 1678 multo

437 1716 554 1781 melior
578 1715 614 1779 fit
636 1714 742 1790 locus,
767 1713 821 1778 sed
846 1714 1020 1797 corrigitur
1041 1715 1109 1797 ipse
1133 1710 1285 1789 Ovidius,
1305 1735 1368 1778 non
1388 1712 1537 1779 librarius
1556 1720 1633 1783 scio

435 1823 542 1887 lusve.
583 1820 689 1884 Habet
720 1821 779 1884 hoc
809 1819 971 1883 festinatio
1004 1824 1042 1882 ut
1072 1838 1165 1902 saepe
1196 1818 1387 1882 scribentem
1419 1822 1505 1885 iusto
1536 1821 1632 1888 faciat

433 1930 661 1993 verbosiorem.
682 1924 894 1989 Meminimus
914 1926 1013 1989 etiam
1033 1927 1203 2011 egregium
1222 1927 1255 1988 in
1276 1925 1335 1990 hac
1354 1926 1433 1990 urbe
1452 1933 1631 2007 oratorem,

435 2037 551 2119 quiin
576 2054 629 2097 ore
654 2031 769 2095 habore
792 2029 925 2096 soleret:
951 2050 1047 2113 ,prae
1071 2032 1225 2114 temporis
1249 2033 1410 2116 angustiis
1434 2032 1540 2098 brevis
1563 2055 1631 2100 asse

437 2162 503 2204 non
527 2137 652 2224 potui.''

486 2242 552 2308 287
576 2264 642 2329 sqq.
688 2241 800 2319 „Unus
841 2240 1066 2328 Eurylochus”
1107 2243 1153 2307 sic
1196 2262 1288 2326 porro
1322 2248 1430 2307 narrat
1463 2244 1630 2310 Macareus

438 2349 577 2434 „pocula
600 2368 618 2413 6
641 2347 731 2414 Circe
756 2347 829 2412 dcta
852 2368 915 2412 non
939 2347 1089 2411 sumsit.”

576 2454 662 2534 Quae
685 2456 747 2517 nisi
771 2455 922 2529 uitasset,
946 2455 1067 2536 pecoris
1091 2473 1163 2537 pars
1188 2473 1251 2516 unc
1275 2473 1437 2519 manerem

575 2559 667 2624 Nunc
691 2579 816 2644 quoque
840 2560 1008 2643 saetigeri,
1033 2580 1089 2623 nec
1113 2563 1221 2622 tantae
1245 2557 1343 2622 cladis
1367 2559 1406 2623 ab
1430 2558 1488 2624 illo

578 2665 701 2731 Certior
724 2665 763 2730 ad
786 2662 898 2731 Oirccn
922 2664 1008 2729 ultor
1029 2667 1170 2729 venisset
1194 2663 1315 2729 Ulixes.

441 2772 560 2837 Certior
581 2793 639 2857 pro
663 2771 771 2835 certior
785 2772 897 2858 factae
919 2773 975 2834 vix
998 2775 1046 2835 est
1065 2773 1205 2835 sincerae
1224 2770 1421 2835 Latinitatis.
1444 2771 1632 2856 Properanti

435 2877 554 2942 Ouidio
579 2883 719 2941 metrum
743 2875 824 2940 illud
849 2878 1015 2960 expressit.

485 2984 552 3049 360
583 2984 652 3049 Pici
676 3004 783 3049 amore
807 2981 897 3050 Oirce
922 2985 1057 3068 capitur,
1082 2987 1115 3047 at
1137 2980 1193 3046 1116
1213 2982 1309 3068 fugit.
1334 2981 1423 3047 Iurat
1442 2982 1532 3049 Circe
1554 3006 1629 3050 mox

431 3091 534 3156 illum
558 3093 624 3154 suis
648 3090 770 3153 artibus
793 3094 923 3173 captum
946 3089 997 3152 iri.

576 3195 668 3259 Dixit
690 3200 722 3259 ct
746 3194 903 3280 effigiem,
929 3193 1017 3259 nullo
1040 3215 1114 3258 cum
1138 3214 1285 3277 corpore,
1309 3192 1383 3257 falsi

575 3301 684 3364 Finxit
708 3302 792 3384 apri,
817 3305 1002 3384 praeterque
1027 3297 1135 3363 oculos
1159 3303 1372 3363 transcurrere
1397 3302 1482 3385 regis

576 3406 674 3469 lussit
695 3412 728 3470 61
751 3408 784 3469 in
809 3404 944 3470 densum
967 3405 1112 3469 trabibus
1135 3424 1249 3468 nemus
1271 3405 1318 3467 ire
1343 3404 1453 3468 videri.

434 3510 569 3587 Falsus,
593 3510 678 3575 haud
702 3510 817 3586 dubie,
841 3530 917 3595 aper
939 3511 1061 3594 estqui
1082 3530 1208 3573 currere
1227 3509 1357 3573 iubetur
1364 3528 1373 3586 ;
1394 3508 1530 3575 sednon
1551 3514 1629 3576 satis

433 3617 551 3681 idonea
575 3617 651 3681 haec
675 3636 769 3680 causa
790 3620 838 3680 661
857 3636 914 3679 cur
934 3614 1021 3678 istud
1041 3614 1140 3678 videri
1159 3612 1338 3678 adiicietur.
1358 3612 1503 3698 Species,
1523 3637 1633 3701 quam·

434 3726 489 3788 vis
520 3722 616 3800 16166,
649 3744 753 3785 revera
785 3728 891 3786 tamen
923 3742 997 3785 eum
1028 3722 1085 3806 qni
1115 3720 1273 3804 decipitur
1296 3720 1509 3804 praetervolat
1533 3729 1633 3787 trans-

436 3831 614 3913 curritque.
650 3827 758 3893 Multo
789 3848 865 3913 ergo
895 3830 1014 3891 rectius
1046 3825 1213 3911 multoque
1245 3825 1425 3910 elegantius
1455 3827 1508 3891 hic
1537 3835 1631 3913 pocta

433 3933 579 4019 simplici
605 3934 696 3998 eundi
719 3939 802 3998 essct
825 3954 903 3998 usus
927 3934 1033 3997 verbo.
1066 3932 1128 3997 Sed
1152 3934 1302 3997 novimus
1325 3953 1422 4018 qnam
1446 3935 1632 4002 commodas

433 4042 558 4106 fuerint
587 4043 690 4125 poetis
721 4040 994 4125 scriptoribusque
1025 4023 1188 4103 clausulae
1218 4061 1280 4101 eece
1310 4038 1425 4116 videri,
1458 4040 1504 4104 ire
1533 4041 1633 4105 videri

433 4150 546 4213 simm.
582 4148 770 4231 pracsertim
805 4147 847 4209 iis
881 4148 937 4230 qui
972 4165 1068 4229 quam
1100 4147 1244 4229 primum
1276 4143 1315 4209 ad
1347 4144 1443 4209 finem
1466 4149 1633 4230 pervenire

434 4256 606 4341 gestirent.

485 4358 550 4425 427
581 4360 739 4424 Maritum
761 4379 856 4423 sunm
877 4357 1007 4434 Picum,
1027 4358 1060 4421 in
1081 4377 1173 4422 arem
1190 4378 1390 4435 conversum,
1403 4379 1642 4445 usquequaque·

433 4466 561 4533 Canens
584 4486 664 4530 uxor
687 4466 828 4550 quaerit:

573 4570 718 4635 Ultimus
742 4570 866 4654 aspexit
890 4567 1030 4655 Thybris
1052 4567 1208 4653 luctuque
1231 4570 1347 4653 viaque

573 4676 703 4740 Fossam
727 4680 759 4740 et
783 4678 849 4739 iam
873 4673 971 4760 longa
994 4679 1166 4758 ponentem
1190 4694 1321 4759 corpora
1343 4675 1422 4758 ripa.

437 4781 574 4847 Versum
598 4781 706 4867 explet
729 4802 790 4846 vox
813 4802 842 4865 q.
856 4800 882 4843 6.
908 4780 1013 4860 16666,
1038 4781 1230 4844 sententiam
1255 4779 1450 4865 pessumdat.
