4525 5950
948 698 1103 752 nonanus.
1156 678 1159 684 ’
1341 735 1345 742 .
1553 679 1620 750 243

433 874 470 932 ut
503 866 666 954 Vergilius
699 888 877 953 „nusquam
909 872 981 932 tuta
1011 866 1108 932 fides’'
1141 865 1197 945 (IV
1222 866 1311 946 373),
1344 889 1419 933 cum
1449 871 1481 933 in
1514 889 1621 935 amore

433 974 535 1039 fracta
569 982 651 1039 esset
686 975 724 1039 ab
760 995 815 1052 eo,
849 995 966 1059 „quem
999 975 1136 1039 subiisse
1166 976 1287 1040 umeris
1318 974 1498 1040 coniectum
1522 981 1624 1042 aetate

433 1080 622 1165 parentem'’
654 1079 710 1157 (IV
735 1080 813 1162 599)
844 1081 998 1146 andierat.
1030 1080 1117 1145 Alibi
1141 1078 1308 1146 Terentius
1335 1085 1446 1158 „cuins
1470 1088 1506 1146 tu
1529 1082 1624 1148 fidem

431 1188 469 1249 in
492 1190 625 1271 pecunia
649 1189 862 1273 perspexeris,
887 1208 996 1253 verere
1021 1190 1050 1252 ei
1075 1189 1171 1253 verba
1194 1185 1340 1253 credere?
1363 1190 1418 1253 nbi
1442 1189 1519 1274 quid
1543 1191 1625 1254 mihi

432 1292 518 1358 lucri
549 1292 639 1359 esti'’
673 1295 816 1375 (Phorm.
841 1294 856 1358 Ι
879 1293 1060 1379 2.10sq.);
1087 1302 1118 1359 et
1141 1294 1194 1358 hic
1218 1294 1256 1359 ad
1282 1315 1349 1360 rem
1374 1296 1624 1382 „perspexeris’'.

482 1400 632 1466 Doctrina
654 1400 750 1488 longe
775 1404 917 1487 quaesita
941 1408 972 1467 et
996 1401 1077 1465 mihi
1102 1399 1216 1465 saltem
1238 1402 1272 1465 in
1295 1404 1465 1486 postremis
1483 1402 1625 1467 obscura.

436 1505 583 1573 Donatus
606 1528 624 1572 a
649 1515 738 1573 tortu
762 1511 807 1573 515
831 1507 895 1574 1555
920 1510 1031 1595 vagari
1054 1529 1116 1572 non
1140 1507 1231 1573 solet.

484 1675 531 1740 ill
554 1675 585 1740 4.
600 1675 653 1740 23.
677 1676 743 1741 Nec
761 1677 902 1753 immisi,
922 1674 976 1739 sed
999 1673 1159 1753 „conieci”
1180 1674 1266 1760 quod
1284 1677 1443 1760 impetum
1463 1678 1627 1741 iniuriam·

435 1804 500 1868 que
520 1782 688 1868 significat.

485 1949 538 2013 24.
571 1950 660 2027 <Nec
692 1948 822 2023 solum>
857 1947 970 2027 „feci'’,
996 1970 1110 2014 verum
1135 1951 1232 2015 etiam
1257 1949 1378 2015 addidit
1401 1957 1529 2037 tempus
1555 1952 1627 2031 ,ho-

439 2057 523 2134 die'’,
548 2064 647 2122 utne
671 2055 795 2122 diecula
817 2055 946 2140 quidem
971 2058 1039 2120 eius
1062 2057 1121 2133 sit,
1147 2052 1232 2141 quod
1256 2056 1381 2135 fecerit,
1405 2057 1492 2123 meli.

483 2224 529 2290 Ill
556 2224 630 2289 6.1.
664 2225 747 2290 Beue
780 2224 918 2310 „patri'',
943 2245 1005 2289 non
1027 2223 1170 2301 Simoni,
1195 2230 1233 2289 ut
1256 2224 1294 2289 de
1318 2228 1507 2291 auctoritate
1531 2227 1628 2292 huius

436 2334 580 2396 nominis
602 2352 749 2396 summus
771 2336 872 2396 terror
894 2338 1057 2418 exsurgat.

485 2499 528 2563 IV
553 2498 650 2565 1.17.
742 2497 849 2584 Atque
872 2497 988 2584 aliquia
1012 2498 1096 2563 dicat
1122 2497 1190 2575 „nil
1214 2499 1452 2584 promoveris'⁷:

486 2605 649 2671 Multum:
674 2605 827 2672 molestus
850 2611 934 2671 certe
958 2608 988 2670 ei
1010 2607 1099 2670 fuero
1118 2613 1213 2690 atque
1233 2608 1340 2670 auimo
1361 2627 1483 2670 morem
1501 2627 1627 2692 gessero

532 2712 580 2777 Ex
603 2734 658 2778 sex
682 2711 810 2778 scholiis
835 2712 874 2777 ad
897 2712 954 2777 hos
977 2733 1040 2777 555.
1065 2709 1184 2776 Donati
1206 2732 1273 2777 esse
1297 2711 1463 2777 videntur:

486 2818 533 2899 (3)
557 2818 719 2883 Multum:
744 2818 936 2884 subauditur
961 2816 1205 2903 „promovero”.

486 2924 534 3006 (4)
557 2923 716 2990 Μ5155555
740 2945 766 2990 5.
792 2944 818 2989 5.
843 2923 863 2989 f.
888 2924 947 2990 hoc
970 2929 1035 2989 est:
1060 2926 1088 2988 si
1111 2922 1194 2988 nihil
1213 2921 1301 2989 uliud
1321 2945 1525 3010 promovero,
1545 2933 1630 2992 certe

440 3034 473 3097 ei
497 3031 653 3097 molestus
676 3031 777 3096 luere.

487 3138 535 3219 (5)
561 3139 664 3224 Atque
688 3159 715 3203 a.
741 3159 784 3201 m.
808 3157 861 3223 ga
886 3140 947 3202 erit
971 3137 1094 3203 fructus
1117 3136 1301 3202 iracundiae
1324 3159 1363 3203 ex
1387 3138 1538 3205 vindicta.

488 3244 550 3309 His
582 3245 774 3330 praecedunt
804 3250 836 3309 et
868 3244 1038 3309 subiuncta
1060 3248 1137 3308 sunt
1159 3242 1279 3310 scholia
1301 3264 1381 3328 quae
1403 3247 1486 3311 inter
1509 3267 1543 3311 55
1566 3268 1629 3312 555

440 3351 584 3416 multum
609 3352 804 3436 discrepent:

485 3457 533 3537 (1)
557 3458 629 3522 Non
653 3458 821 3522 subiunxit
845 3456 1003 3542 quomodo
1028 3455 1226 3535 „multum’',
1250 3457 1322 3523 sed:
1346 3458 1435 3523 aliud
1458 3459 1583 3524 faciam.

488 3564 536 3644 (2)
561 3563 746 3629 Transitum
769 3565 844 3629 fecit
867 3563 948 3644 (scil.
972 3563 1011 3628 ad
1035 3560 1139 3643 aliud)
1163 3563 1293 3629 dicendo
1319 3563 1416 3641 „mol
1440 3586 1466 3629 o.
1492 3587 1509 3631 5
1532 3566 1576 3631 f.”

487 3671 535 3750 (6)
567 3670 609 3735 Et
640 3693 697 3755 per
727 3670 923 3736 iracundiam
948 3678 1043 3756 atque
1067 3671 1282 3737 turbationem
1306 3694 1367 3737 non
1389 3674 1530 3749 invenit,
1553 3673 1630 3758 quid

442 3779 486 3839 sit
511 3776 708 3854 ,multum”,
733 3775 820 3842 aliud
844 3798 920 3863 ergo
943 3780 1068 3842 invenit
1093 3775 1191 3853 „mol
1216 3797 1242 3841 o.
1267 3798 1294 3841 e.
1318 3776 1375 3840 f.’'.

489 3881 692 3947 Postremum
716 3883 764 3963 (6)
788 3882 976 3947 adiunctum
1000 3882 1080 3947 duco
1103 3902 1122 3946 a
1145 3879 1339 3967 Philosopho
1363 3883 1562 3967 praecedenti
1583 3885 1630 3966 (5)

442 3987 577 4064 Donati,
602 4009 676 4054 cum
700 4009 809 4053 ausam
834 3997 958 4075 caperet
982 4009 1000 4053 a
1024 3988 1181 4053 vocabulo
1207 3987 1442 4065 „iracundiae''.

490 4094 638 4159 Primum
671 4100 703 4160 et
737 4093 876 4160 alterum
910 4116 1011 4159 unum
1044 4094 1187 4160 scholion
1218 4116 1285 4160 5555
1317 4096 1456 4172 videtur,
1494 4099 1527 4161 15
1567 4117 1629 4181 quo

442 4203 638 4277 „transitum
662 4198 756 4264 fecit''
781 4198 919 4285 explicat
943 4198 1050 4276 „aliud
1075 4199 1223 4266 faciam''.

487 4305 712 4392 Ilugraphius:
746 4304 932 4383 „multum”
964 4306 1022 4370 hoc
1053 4312 1101 4370 est
1124 4328 1168 4370 m.
1194 4328 1398 4391 promovero,
1423 4306 1501 4372 dum
1525 4329 1630 4373 meam

440 4410 622 4496 compleam
647 4410 854 4477 voluntatem.

487 4560 531 4626 IV
556 4562 587 4628 4.
601 4559 654 4627 47.
679 4565 792 4628 55515
816 4583 960 4639 crucem,
985 4562 1039 4628 sed
1065 4566 1117 4640 „in
1142 4563 1353 4630 cruciatum''.

489 4713 516 4778 V
540 4714 571 4780 2.
586 4713 639 4780 28.
665 4713 701 4793 Ο,
726 4713 894 4793 Chremes,
918 4717 1070 4799 pietatem
1093 4711 1204 4801 gnati!

489 4818 587 4885 Don.:
613 4821 753 4899 ἔλλειψις
777 4830 809 4887 55
832 4827 880 4888 555
901 4824 1003 4886 ironia
1026 4841 1082 4906 pro
1108 4819 1362 4905 ,impietatem”.
