4525 5950
974 702 1114 751 ramnus.
1569 683 1634 751 383

445 869 608 935 militibus
633 867 779 933 dicimus.
805 867 868 932 Res
891 888 968 951 ergo
993 888 1029 932 eo
1048 867 1131 932 redit
1151 873 1188 932 ut
1208 875 1313 933 totum
1332 867 1416 933 illud
1435 875 1469 932 ot
1488 891 1636 931 numerum

445 976 652 1040 centurionum
671 976 874 1060 adaequarent
893 973 971 1039 olim
990 974 1031 1038 ab·
1049 974 1178 1040 bomine
1197 973 1371 1041 semidocta
1383 977 1416 1038 in
1430 977 1574 1061 margine
1587 995 1639 1038 an-

445 1087 597 1147 notatum
616 1081 714 1146 fuisse
733 1087 923 1145 statuamus.
947 1079 1059 1165 Ipsum
1078 1079 1161 1145 illud
1181 1081 1264 1166 quod
1286 1080 1498 1166 Nipperdeius
1521 1079 1635 1157 voluit,

445 1187 595 1275 quodque
624 1187 693 1253 loco
723 1185 914 1252 illustrando
945 1207 1058 1272 parum
1082 1187 1234 1252 idoneum
1258 1208 1324 1253 esse
1346 1190 1411 1252 iam
1436 1186 1594 1263 vidimus,
1619 1207 1636 1250 e

444 1295 555 1360 verbis
587 1316 616 1359 o.
641 1317 671 1358 o.
696 1316 720 1358 o.
746 1316 793 1370 o.,
826 1295 881 1377 qui
912 1291 1120 1357 balbutientis
1150 1314 1253 1358 sermo
1276 1299 1341 1370 est,
1366 1291 1457 1357 nulla
1479 1295 1513 1357 vi
1536 1298 1639 1357 extor-
1693 1340 1695 1343 -

446 1404 539 1487 queri
561 1421 651 1485 posse
675 1420 787 1475 nemo,
812 1404 850 1463 ut
872 1401 992 1484 opinor,
1017 1398 1201 1464 admonitus
1225 1422 1288 1464 non
1311 1399 1409 1465 videt.

492 1507 517 1584 I,
543 1505 597 1572 38.
623 1506 659 1571 ln
684 1507 862 1571 narratione
878 1503 902 1586 ¹)
927 1505 965 1570 de
990 1504 1267 1571 tumultuantibus
1291 1509 1325 1570 iu
1350 1503 1487 1572 Chaucis
1505 1503 1638 1570 vexilla-

447 1616 505 1678 riis
530 1614 607 1678 haec
631 1612 791 1700 legimus:

494 1718 664 1797 „Duorum
696 1717 843 1783 militum
874 1717 1030 1804 supplicio
1061 1717 1196 1803 paulum
1227 1720 1361 1803 repressi
1392 1723 1476 1783 sunt.
1501 1717 1639 1782 Iusserat

446 1826 481 1890 id
505 1825 553 1890 M’
576 1826 710 1902 Ennius,
732 1830 909 1889 castrorum
934 1824 1129 1910 praefectus,
1150 1825 1233 1890 bono
1254 1827 1357 1910 magis
1377 1823 1523 1909 exemplo
1543 1843 1640 1907 quam

447 1953 596 1998 concesso
615 1935 695 1996 iuro.
719 1930 841 1996 Deinde
866 1933 1096 1996 intumescente
1119 1936 1209 1996 motu
1234 1931 1390 2017 profugus
1414 1937 1639 2016 repertusque,

447 2046 619 2124 postquam
641 2039 765 2102 intutae
787 2036 944 2112 latebrae,
969 2036 1164 2123 praesidium
1189 2036 1228 2100 ab
1251 2036 1381 2101 audacia
1404 2036 1605 2100 mutuatur.’'

494 2144 641 2210 Dubium
664 2165 731 2209 esse
755 2166 815 2209 uon
840 2149 960 2229 potest,
984 2146 1061 2229 quin
1084 2142 1166 2207 illud
1184 2151 1374 2228 repertusque
1393 2142 1564 2208 delendum
1583 2145 1635 2207 sit.

446 2251 599 2314 Primum
622 2252 708 2314 euim
733 2255 923 2335 ,postquam
942 2251 1066 2313 intutae
1085 2247 1247 2313 latebrae”
1268 2247 1350 2312 nihil
1370 2247 1458 2313 aliud
1477 2246 1636 2334 significat

447 2377 545 2442 quam
580 2356 656 2421 hoo:
694 2363 885 2440 „postquam
914 2377 948 2422 se
979 2377 1045 2419 onoc
1075 2362 1224 2437 repertum
1255 2355 1296 2417 iri
1324 2353 1519 2431 intellexit”,
1550 2356 1637 2439 inep-

448 2464 575 2527 tissime
610 2483 686 2548 ergo
723 2469 912 2546 repertaeque
946 2464 1175 2546 praemittitur.
1211 2460 1332 2526 Deinde
1362 2461 1444 2538 dux,
1475 2463 1509 2524 in
1542 2481 1638 2546 quem

449 2566 596 2632 militum
626 2571 674 2631 ira
705 2568 841 2644 exarsit,
875 2569 902 2631 si
933 2566 1033 2632 semel
1064 2573 1112 2632 eet
1135 2574 1270 2649 repertor
1293 2569 1327 2645 (i.
1341 2588 1368 2633 e.
1392 2588 1409 2631 e
1432 2566 1580 2644 latebris,
1604 2569 1640 2630 in

448 2695 528 2759 quas
551 2672 716 2759 confugit,
737 2677 940 2758 protractus),
962 2694 980 2738 a
999 2672 1160 2737 militibus
1178 2678 1234 2736 aut
1254 2675 1364 2737 statim
1386 2672 1566 2737 trucidatur
1584 2677 1641 2737 aut

446 2783 601 2857 vincitur,
631 2785 688 2843 aut·
719 2777 856 2864 denique
877 2781 923 2842 ita
945 2781 1102 2843 retinetur
1124 2781 1419 2864 constringiturque
1442 2785 1480 2842 ut
1503 2800 1641 2844 eommo-

447 2908 524 2952 vere
546 2907 579 2950 se
603 2907 663 2950 non
688 2887 799 2971 possit.
824 2885 868 2948 At
890 2884 1014 2950 Ennius
1038 2888 1237 2963 „exterritie,
1263 2889 1318 2970 qui
1340 2886 1544 2963 obstiterant,
1569 2906 1638 2971 rap-

447 3005 522 3059 tum
553 2991 710 3057 vexillum
741 2992 781 3057 ad
811 2995 916 3077 ripam
948 2993 1085 3072 vertit”;
1123 3014 1237 3058 manus
1272 3015 1348 3080 ergo
1383 3000 1466 3057 certe
1501 2993 1637 3058 babebat

445 3101 582 3166 liberas:
607 3104 717 3184 sponte
741 3120 758 3163 e
780 3098 910 3163 latebris
933 3101 1000 3163 suis
1023 3099 1223 3184 provolavit,
1247 3121 1286 3166 ue
1305 3105 1470 3185 tamquam
1490 3103 1636 3186 captivus

446 3227 466 3271 a
489 3204 650 3270 militibus
674 3204 748 3269 inde
770 3205 1020 3289 protraheretur.

494 3314 532 3378 A.
565 3310 590 3389 I,
623 3310 677 3376 55.
710 3311 886 3395 Postquam
917 3314 1060 3376 narravit
1089 3333 1186 3397 quam
1219 3312 1297 3377 bene
1328 3314 1468 3377 Arminii
1498 3311 1638 3378 consiliis

445 3417 617 3504 prodendis
636 3420 772 3482 meritus
792 3423 885 3482 autea
903 3438 995 3504 saepe
1014 3418 1052 3483 de
1064 3418 1183 3505 populo
1196 3418 1338 3485 Romano
1350 3420 1463 3485 fuisset
1476 3419 1638 3506 Segestes,

448 3527 495 3589 sic
518 3522 648 3588 Tacitus
671 3525 791 3609 porgit:

498 3627 685 3716 ,Segestes,
721 3649 914 3715 quamquam
950 3649 1104 3695 consensu
1138 3634 1245 3717 gentis
1278 3634 1314 3696 in
1347 3630 1468 3698 bellum
1500 3637 1638 3708 tractus,

447 3735 570 3800 discors
601 3734 750 3799 manebat
758 3755 766 3812 ;
798 3738 900 3800 auctis
930 3738 1085 3821 privatim
1118 3737 1217 3815 odiis,
1243 3737 1327 3822 quod
1351 3739 1516 3803 Arminius
1539 3737 1639 3802 filiam

448 3846 519 3908 eius
543 3840 598 3906 alii
620 3849 747 3928 pactam
770 3849 928 3928 rapuerat.
956 3845 1052 3906 Gener
1074 3844 1206 3920 ionem,
1230 3845 1347 3907 inimici
1365 3846 1474 3925 aecem
1497 3865 1639 3930 quaeque

422 4010 426 4018 .
447 3948 535 4034 apud
563 3948 732 4014 concordes
757 3947 885 4013 vincula
908 3952 1066 4027 caritatis,
1090 3952 1299 4015 incitamenta
1321 3955 1459 4016 irrarum
1484 3951 1568 4037 apud
1591 3954 1638 4015 in-

446 4056 552 4121 fensos
575 4054 696 4119 eraut.'’

493 4160 547 4227 Sic
577 4167 626 4226 est
654 4164 688 4225 in
720 4160 843 4226 codice:
875 4162 1008 4238 inimici,
1042 4162 1126 4246 quod
1160 4168 1291 4227 tuentur
1322 4163 1395 4240 alii,
1419 4163 1637 4228 domininici

446 4269 542 4333 euceri
572 4275 630 4333 aut
651 4270 812 4355 genitivos
837 4263 1011 4356 singularis
1035 4277 1091 4333 aut
1115 4272 1331 4335 nominativos
1355 4269 1488 4356 pluralis
1513 4274 1639 4335 numeri

446 4396 516 4440 esee
536 4379 699 4450 statuunt,
720 4373 933 4460 Nipperdeius
953 4373 1092 4437 inimicae
1111 4378 1245 4440 coniecit
1264 4381 1296 4440 et
1316 4376 1507 4441 confidenter
1529 4379 1640 4460 posuit

446 4485 481 4545 in
505 4485 608 4544 textu.
632 4479 695 4545 Sed
717 4482 784 4544 sive
808 4480 893 4545 hunc
916 4483 1091 4566 sequimur,
1117 4484 1185 4546 sive
1207 4480 1298 4560 illos,
1324 4483 1570 4567 haudquaquam
1593 4486 1638 4546 iu-

446 4586 644 4673 telligimus‚
677 4608 830 4672 quorsum
858 4586 943 4651 illud
967 4590 1124 4673 pertineat
1149 4588 1280 4653 eandem
1304 4590 1355 4654 hic
1382 4611 1449 4654 rem
1473 4596 1638 4677 tamquam

487 4834 514 4902 l)
531 4832 640 4891 Ceterae,
658 4830 744 4902 quibas
762 4834 918 4903 premeretur,
933 4829 1084 4885 difficultates
1102 4831 1149 4884 iam
1168 4834 1238 4881 antes
1255 4831 1416 4886 indicavimus.
