4525 5950
532 708 598 773 354
914 727 956 773 an
980 727 1115 775 uascuu
1139 727 1336 776 aurearum.

532 892 667 977 putandi
702 898 794 968 sunt,
830 893 941 958 eodem
976 893 1070 958 modo
1100 896 1327 979 imperatorem
1357 893 1457 959 exilii
1477 901 1510 960 et
1536 897 1717 960 secessionis

532 1000 744 1084 cogitationes
775 1001 936 1084 imprimis
967 1000 1037 1064 ideo
1069 1021 1177 1064 secum
1205 999 1341 1066 soluisse
1365 1000 1551 1084 credideris,
1576 1007 1616 1066 ut
1636 1023 1719 1088 prae·

532 1107 631 1169 sentis
677 1108 829 1191 temporis
870 1107 1000 1173 haberet
1041 1106 1292 1173 delenimentum
1334 1109 1498 1195 futurique
1532 1130 1718 1195 supremum

532 1210 695 1277 solatium.

1102 1633 1156 1698 lv.

580 1855 789 1936 „Apsudrnrel
820 1879 873 1920 σου
897 1857 950 1920 οὐκ
974 1853 1077 1937 ἔχουσι
1104 1855 1286 1931 decuriae?
1311 1853 1361 1934 (V.
1387 1854 1431 1935 5).
1455 1853 1504 1918 En
1527 1855 1632 1939 ipsius
1654 1874 1721 1919 auc·

533 1965 610 2028 toris
633 1963 746 2041 verba,
773 1963 889 2048 quibus
913 1962 950 2027 de
974 1984 1007 2027 se
1029 1964 1192 2048 animique
1216 1964 1267 2027 sui
1286 1961 1414 2027 dotibus
1431 1960 1591 2026 iudicium
1612 1961 1675 2026 fert
1692 1963 1722 2024 et

447 2069 449 2073 ‘
530 2070 591 2133 sibi
627 2076 768 2134 mentem
800 2091 863 2133 non
896 2071 944 2134 ita
977 2089 1083 2133 acrem
1119 2089 1220 2153 neque
1251 2075 1378 2133 acutam
1409 2068 1508 2133 fuisse
1538 2066 1719 2154 profitetur;

532 2176 649 2260 quibus
671 2175 764 2252 adde,
790 2174 875 2261 quod
895 2176 954 2240 sub
973 2174 1035 2239 line
1056 2174 1199 2240 eiusdem
1218 2177 1331 2260 capitis
1350 2181 1517 2259 tamquam
1536 2173 1720 2252 βραδύτερον

532 2282 584 2346 aci
617 2280 1004 2362 δυσπαρακολουθητότερον
1036 2301 1069 2346 se
1094 2281 1251 2368 designat.
1276 2281 1362 2362 Quae
1386 2283 1482 2347 verba
1505 2283 1567 2346 etsi
1590 2302 1653 2345 nou
1676 2281 1720 2343 ni-

532 2389 595 2451 mis
624 2388 791 2474 unguenda
816 2409 883 2453 esse
907 2387 1069 2464 uidentur,
1094 2409 1168 2452 cum
1193 2388 1340 2453 homines
1363 2391 1396 2452 in
1421 2388 1580 2454 eiusmodi
1607 2387 1721 2452 conses-

532 2495 672 2559 sionibus
707 2497 792 2559 iusto
826 2492 984 2559 humilius
1019 2494 1057 2559 de
1091 2515 1124 2559 se
1154 2493 1295 2560 iudicare
1325 2493 1464 2571 soleant,
1496 2501 1606 2559 tamen
1636 2491 1719 2558 haud

530 2600 642 2686 procul
672 2622 690 2666 a
720 2622 796 2667 vero
826 2601 969 2666 aberrare
993 2601 1121 2666 videtur
1144 2600 1273 2666 Marcus
1295 2603 1341 2666 ita
1364 2601 1403 2666 de
1427 2602 1553 2686 seipso
1576 2602 1720 2665 testimo

532 2709 623 2771 nium
655 2707 774 2785 ferens,
806 2710 923 2794 quippe
954 2707 1041 2792 quod
1072 2710 1202 2794 egregie
1232 2709 1400 2772 conveniat
1427 2727 1502 2771 cum
1525 2705 1605 2771 locis
1628 2725 1721 2791 supra

532 2835 569 2879 ex
592 2813 675 2878 libro
698 2816 801 2899 primo
825 2811 1139 2880 Commentariorum
1162 2812 1285 2891 allatis,
1310 2814 1426 2898 quibus
1450 2813 1488 2878 de
1510 2815 1644 2898 ingenio
1665 2832 1720 2876 suo

532 2919 695 2986 deficiente
717 2923 749 2985 in
778 2923 898 2986 artium
928 2918 1110 2986 liberalium
1141 2919 1247 2987 studio
1278 2926 1311 2987 et
1341 2919 1378 2986 de
1408 2919 1624 2986 mediocribus
1655 2921 1721 2985 suis

532 3027 726 3113 profectibus
748 3031 817 3113 ipse
839 3048 872 3092 se
896 3026 1086 3093 consolatur.

576 3131 687 3217 Neque
720 3132 783 3198 alia
817 3133 948 3199 fortasse
983 3133 1098 3198 desunt
1128 3133 1264 3211 indicia,
1297 3133 1381 3198 unde
1412 3135 1573 3197 Antonino
1600 3131 1720 3197 tardius

531 3236 640 3325 paullo
663 3238 872 3324 hebetiusqus
894 3242 1063 3326 ingenium
1086 3239 1185 3304 fuisse
1208 3241 1352 3304 conicias.
1377 3239 1507 3304 Etenim
1530 3259 1605 3303 cum
1626 3240 1720 3303 toties

532 3368 606 3412 eum
644 3345 908 3431 deprehendimus
951 3346 985 3408 τὸ
1029 3346 1157 3425 ἀκριβές
1198 3348 1232 3409 in
1267 3344 1340 3409 aliis
1373 3343 1557 3410 laudantem
1593 3352 1627 3409 st
1662 3344 1720 3408 sibi

531 3454 594 3537 ipsi
628 3451 915 3529 commendantem,
950 3457 1131 3516 accuratam
1166 3471 1274 3516 rerum
1308 3451 1593 3517 considerationem
1625 3460 1658 3516 et
1688 3454 1720 3514 in

533 3558 741 3644 perquirendo
771 3559 982 3623 constantiam
1014 3557 1268 3642 praedicantem,
1300 3559 1520 3643 acognitione
1544 3559 1720 3622 summaria

532 3666 763 3742 abhorrentem,
796 3667 898 3729 oritur
930 3664 1058 3730 tandem
1091 3668 1229 3750 suspicio
1260 3685 1411 3750 apparere
1441 3665 1493 3730 hic
1517 3667 1719 3750 praeconium

533 3775 694 3837 virtutum
717 3770 865 3849 illarum,
890 3771 1006 3856 quihus
1030 3772 1176 3836 homines
1198 3774 1302 3856 primo
1324 3773 1447 3858 ingenii
1472 3776 1504 3836 et
1526 3773 1721 3836 inventionis

533 3877 752 3943 deficientibus
784 3878 909 3942 viribus
938 3878 1076 3955 mederi,
1101 3898 1242 3963 quasque
1264 3898 1339 3942 mox
1360 3876 1510 3942 laudibus
1533 3877 1572 3942 ad
1596 3877 1721 3943 caelum

533 3984 614 4049 ferre
634 3982 745 4048 solent.
769 3984 917 4049 Necnon
938 3991 1081 4049 mentem
1099 3987 1269 4048 arctiorem
1289 3990 1321 4049 et
1341 3986 1562 4070 angustiorem
1580 3983 1722 4049 indicare

533 4089 684 4155 videntur
713 4090 870 4155 indefessa
900 4088 957 4154 illa
987 4089 1146 4154 industria
1177 4097 1210 4155 et
1240 4090 1305 4155 fere
1336 4093 1435 4155 nimia
1458 4092 1636 4168 curiositas,
1662 4110 1723 4176 qua

534 4200 633 4261 etiam
664 4217 759 4261 senex
786 4195 909 4261 scholas
932 4196 1147 4281 frequentasse
1168 4205 1199 4261 et
1222 4198 1255 4260 in
1279 4196 1352 4261 Veri
1377 4196 1657 4281 reprehensionem
1679 4199 1723 4261 iu·

534 4305 669 4367 currisse
694 4303 839 4367 traditur.
865 4301 1010 4388 Itemque
1029 4323 1103 4367 cum
1122 4306 1156 4376 in
1176 4309 1323 4367 veterum
1344 4304 1537 4367 testimoniis
1556 4310 1723 4388 tamquam

533 4410 702 4486 πολυίστωρ
734 4409 885 4474 laudatur
914 4415 1030 4484 noster,
1063 4409 1195 4473 forsitan
1226 4429 1395 4493 agnoscere
1426 4412 1529 4494 possis
1553 4416 1668 4474 notum
1692 4419 1724 4474 st

533 4514 669 4600 vulgare
699 4513 781 4579 illud
813 4521 942 4579 naturae
974 4514 1133 4579 humanae
1165 4516 1347 4599 proprium,
1380 4535 1442 4599 quo
1464 4536 1591 4591 omnes,
1616 4515 1723 4601 siquid

533 4621 812 4705 contemplationis
843 4618 1056 4706 profundioris
1088 4620 1149 4685 sibi
1180 4619 1286 4698 deest,
1319 4623 1424 4685 variae
1448 4620 1608 4687 doctrinae
1632 4625 1724 4708 copia

533 4736 565 4792 et
600 4727 725 4792 ambitu
760 4726 908 4811 supplere
944 4732 1061 4790 amant.
1099 4724 1242 4811 Denique
1273 4731 1379 4790 totum
1410 4723 1724 4793 Commentariorum

531 4832 652 4898 librum
685 4835 717 4897 in
753 4833 977 4897 testimonium
1019 4832 1173 4897 adducere
1207 4834 1325 4917 possis,
1361 4834 1395 4895 in
1425 4852 1489 4918 quo
1519 4839 1630 4898 auctor
1658 4855 1723 4899 non
