4525 5950
961 678 1105 726 6161166.
1557 660 1620 725 141

480 844 523 909 Η.
548 843 604 920 ΠΙ,
629 844 660 908 2.
684 843 721 907 16
746 845 887 908 61616116
911 841 1063 906 Flaviano
1087 847 1163 906 sunt
1186 845 1241 927 qui
1266 842 1455 907 morandum
1479 848 1625 907 censeant

432 957 467 1016 et
493 951 637 1016 Muciani
661 948 910 1036 exspectandum
935 950 1122 1013 exercitum.
1155 950 1199 1013 At
1223 951 1378 1014 Antonius
1401 950 1548 1026 Primus,
1574 951 1625 1013 vir

431 1061 606 1124 acerrimus
644 1077 814 1141 moraeque
852 1058 1046 1141 impatiens,
1085 1054 1301 1120 festinandum
1339 1076 1406 1121 esse
1444 1055 1562 1120 clamat
1591 1063 1624 1119 61

432 1164 527 1230 celeri
557 1168 683 1250 impetu
714 1161 936 1248 opprimendos
969 1162 1086 1226 hostes.
1118 1161 1197 1225 Eius
1225 1162 1319 1226 verba
1345 1169 1377 1225 61
1403 1160 1465 1227 alia
1491 1160 1623 1226 6111666

433 1273 622 1337 traduntur:

483 1377 574 1453 „Nisi
600 1379 672 1462 quis
695 1379 831 1451 retinet,
855 1374 941 1439 idem
965 1394 1076 1439 666661
1098 1380 1270 1459 auctorque
1294 1374 1418 1439 consilii
1438 1374 1522 1440 ero.’'

479 1483 590 1569 Inepte
621 1484 670 1548 bis
700 1482 785 1548 idem
810 1483 862 1546 hic
885 1481 948 1545 dici
971 1479 1062 1565 (quid
1085 1483 1172 1544 enim
1195 1483 1279 1544 inter
1300 1503 1448 1544 66666166
1471 1487 1503 1546 61
1525 1486 1623 1544 66616-

432 1613 493 1652 rene
516 1586 681 1668 interestl)
706 1588 829 1653 dudum
854 1594 901 1651 est
923 1585 1134 1652 intellectum.
1160 1586 1348 1651 1161161661
1372 1586 1535 1672 Leopoldii
1559 1588 1623 1650 mei

431 1699 600 1781 ingenium
626 1692 748 1760 elucet!
772 1694 878 1780 Vulgo
905 1696 991 1757 enim
1015 1693 1168 1778 probatur
1189 1693 1292 1758 lacobi
1316 1696 1467 1758 661166116
1491 1714 1624 1771 „suasor

431 1802 603 1886 colorque''.
636 1802 678 1865 At
711 1800 784 1865 ride
817 1808 938 1885 quanto
970 1798 1002 1863 dt
1033 1797 1194 1884 elegantia
1224 1798 1256 1862 et
1288 1781 1510 1884 probabilitate
1532 1797 1624 1863 illius

432 1913 572 1992 praestet
604 1908 800 1972 emendatio:
834 1912 968 1985 „auctor
997 1890 1182 1990 actorque’l
1215 1902 1298 1972 Cum
1326 1905 1504 1992 explicandi
1526 1925 1624 1971 causa

429 2037 536 2078 euaeor
566 2014 680 2079 fuisset
710 2016 982 2099 suprascriptum,
1015 2011 1244 2077 vocabulorum
1277 2020 1343 2077 tam
1374 2016 1513 2083 interae
1536 2015 1624 2077 simi-

432 2119 517 2185 lium
541 2119 681 2185 alterum
704 2119 762 2185 illa
786 2122 988 2184 annotatione
1012 2140 1029 2184 e
1053 2125 1145 2184 textu
1168 2118 1338 2204 expulsum
1363 2125 1420 2184 661.

481 2332 601 2410 Η.111,
623 2333 676 2398 41.
700 2332 817 2397 Fabius
837 2330 952 2398 Valens
973 2330 1136 2396 Vitelliani
1158 2333 1316 2396 exercitus
1336 2332 1400 2396 dux
1418 2353 1492 2396 cum
1514 2335 1622 2417 paucis

433 2440 618 2504 cohortibus
648 2443 680 2503 in
712 2439 877 2504 Etruriam
901 2441 1008 2515 venit,
1032 2439 1089 2502 ubi
1113 2442 1242 2525 cognito
1264 2437 1486 2506 Cremonensis
1510 2438 1624 2524 proelii

431 2547 523 2609 61116
555 2544 725 2610 6666111616
757 2547 887 2629 arripit,
919 2543 1024 2627 quod,
1048 2546 1076 2607 si
1099 2549 1308 2621 maturasset,
1333 2545 1496 2610 funestum
1520 2549 1624 2632 reipu-

435 2651 535 2716 blicae
560 2673 626 2717 esee
649 2655 818 2737 potuisset,
843 2672 958 2735 nempe
983 2656 1037 2714 ut:

481 2761 636 2843 „arreptis
659 2758 794 2823 navibus
817 2761 849 2822 in
874 2777 1096 2843 quamcunque
1121 2762 1245 2841 partem
1265 2756 1478 2823 Narbonensis
1498 2762 1624 2844 provin-

431 2867 500 2929 ciae
531 2886 677 2950 egressus
700 2863 823 2930 Gallias
847 2872 880 2930 et
903 2867 1062 2930 exercitus
1085 2870 1118 2929 61
1141 2861 1331 2929 Germaniae
1354 2871 1467 2950 gentes
1490 2887 1624 2931 novum·

433 2994 495 3057 que
520 2970 642 3037 bellum
664 2969 799 3037 cieret.’'

481 3077 584 3157 Quam
608 3078 712 3143 multa
735 3079 788 3143 hic
811 3085 1046 3156 enumerantur,
1071 3076 1123 3143 vel
1146 3080 1255 3163 potius
1278 3077 1371 3143 balbo
1392 3100 1443 3143 ore
1463 3079 1624 3144 offundun-

433 3191 498 3249 tur.
523 3183 570 3249 De
594 3186 784 3270 quibusnam
809 3186 862 3250 hic
886 3185 1062 3248 exercitibus
1086 3183 1293 3271 cogitandum
1317 3182 1386 3250 6611
1411 3184 1481 3270 Ipse
1500 3194 1623 3253 contex-

433 3299 487 3356 tus
507 3293 596 3356 nobis
617 3289 798 3357 Galliarum
820 3295 923 3356 nescio
943 3312 1022 3375 quos
1035 3294 1194 3356 exercit-us
1205 3291 1358 3357 obtrudit.
1379 3290 1422 3355 111
1433 3289 1621 3358 Germaniae

429 3399 568 3479 pentibus
591 3398 667 3482 quid
692 3398 743 3461 hic
767 3394 943 3461 faciamus?
967 3396 1185 3484 Fingamusne
1209 3396 1375 3462 Valentem
1395 3419 1516 3463 novum
1537 3397 1622 3464 (lim-

432 3505 565 3568 brorum
606 3502 851 3588 Teutonumque
893 3502 1016 3568 bellum
1056 3503 1208 3567 Romanis
1243 3505 1381 3568 exaitare
1416 3501 1619 3569 studentem?

431 3611 534 3696 Lege,
558 3616 595 3673 61
614 3611 721 3674 616616
738 3616 821 3674 16616
839 3609 1009 3694 procedant
1027 3616 1059 3674 et
1076 3609 1218 3694 aliquam
1238 3610 1374 3675 babeant
1386 3614 1454 3675 veri
1466 3614 1619 3696 speciem:

432 3714 579 3794 „Gallias
602 3724 634 3781 et
658 3719 817 3782 exereitus
840 3713 1032 3781 Germaniae
1053 3737 1238 3800 novumque
1259 3715 1381 3781 bellum
1401 3718 1530 3782 cieret.’'
1552 3718 1623 3784 Hoc

431 3824 555 3888 homini
588 3829 716 3887 6116666
745 3844 802 3887 666
826 3829 932 3887 161666
955 3825 1065 3888 166666
1087 3826 1120 3887 16
1145 3831 1285 3887 mentem
1310 3826 1417 3887 venire
1441 3831 1560 3909 potest:
1585 3835 1622 3890 ut

431 3929 472 3995 ad
501 3928 720 3994 rebellandum
744 3928 880 3993 adducat
903 3927 1030 4006 Gallos,
1055 3933 1082 3994 si
1106 3952 1167 3996 non
1189 3951 1298 3995 omnes
1321 3935 1354 3994 at
1378 3928 1501 4015 aliquas
1524 3935 1622 3997 natio

431 4057 505 4112 nes,
531 4040 564 4099 et
587 4057 605 4100 a
628 4035 738 4102 Rheno
762 4039 868 4121 copias
891 4039 924 4100 in
948 4035 1077 4102 ltaliam
1101 4036 1235 4102 alliciat:
1260 4040 1305 4102 sic
1328 4058 1449 4102 novum
1469 4044 1622 4123 atroxque

429 4140 555 4206 bellum
575 4144 702 4206 existet.

478 4352 521 4416 H.
546 4352 602 4429 llI,
628 4353 680 4417 46.
713 4352 809 4428 11661,
839 4354 968 4419 ardente
1000 4357 1032 4418 16
1057 4353 1151 4418 116116
1174 4352 1274 4429 bello,
1299 4354 1434 4420 abducto
1459 4378 1475 4420 e
1498 4357 1620 4423 Moesia

430 4462 595 4523 exercitu:

479 4569 691 4651 „expugnatis
722 4567 902 4631 cohortium
935 4565 1122 4651 alarumque
1153 4567 1294 4632 hibernis
1323 4573 1458 4651 utraque
1481 4568 1620 4634 Danuvii

429 4675 499 4757 ripa
532 4673 745 4758 potiebantur,
777 4676 906 4757 iamque
938 4681 1041 4737 666116
1073 4671 1241 4758 legionum
1265 4674 1430 4740 excindere
1453 4677 1621 4759 parabant,

430 4782 464 4843 ni
485 4778 653 4844 Mucianus
673 4788 797 4843 sextam
815 4778 978 4865 legionem
1000 4782 1216 4863 opposuisset,
1238 4777 1458 4845 Cremonensis
1471 4785 1622 4848 victoriae
