4525 5950
910 706 1159 758 aursnoemuns.
1561 690 1627 758 263

436 875 636 962 Quapropter
666 874 841 941 videndum
880 879 928 939 est
962 894 1065 938 annon
1099 879 1194 959 poeta
1229 873 1352 940 dedisse
1382 875 1555 940 censendus
1587 878 1630 940 sit

437 1005 485 1050 us.
512 982 594 1048 134:

924 1090 1001 1149 πῖον
1025 1110 1054 1150 τι
1081 1088 1204 1160 μῖολλον
1226 1087 1401 1151 τουτουί.

439 1201 478 1259 ut
502 1198 599 1260 etiam
625 1199 676 1257 τοῦ
703 1192 790 1263 πέους
816 1193 913 1256 inerit
936 1191 1033 1255 huius
1055 1194 1253 1275 pronominis
1276 1191 1447 1277 glossema.

487 1412 539 1477 Vs,
565 1411 639 1476 143.
664 1410 819 1487 γυναῖκοίς
845 1410 905 1473 ἐσθ’
931 1409 1057 1475 ύπνοῖν
1080 1409 1144 1482 οίνις
1173 1414 1282 1488 ψωλᾶς
1308 1410 1415 1486 μόνας.

438 1518 475 1582 In
508 1525 582 1582 nota
612 1518 717 1581 editor
747 1515 785 1581 de
818 1517 983 1579 ύπνύττειν
1006 1519 1085 1581 citat
1108 1516 1185 1580 Eur.
1211 1515 1300 1602 Oyol.
1327 1516 1403 1594 454,
1430 1519 1485 1582 ubi
1508 1517 1630 1583 codices

438 1625 559 1689 habent
578 1624 697 1702 ύπνύσρ
718 1642 737 1686 a
756 1622 852 1687 verbo
872 1623 981 1684 ύπνούν
994 1627 1025 1687 et
1038 1622 1177 1699 ύπνύσσρ
1189 1632 1236 1687 est
1248 1621 1426 1687 Hermanni
1439 1626 1629 1689 coniectura.

441 1732 625 1793 ’Τπνύσσειν
647 1734 774 1804 καίοιτο,
795 1727 879 1812 quod
900 1733 988 1792 extat
1007 1726 1108 1793 Orest.
1133 1728 1207 1804 172,
1229 1729 1341 1794 Aesch.
1362 1728 1549 1807 Eum.12l‚
1565 1731 1629 1794 124

439 1834 527 1920 Sept.
546 1833 623 1911 287,
644 1833 894 1918 comparandum
915 1854 989 1898 oum
1011 1836 1185 1911 λιμώττειν,
1207 1834 1375 1913 πυρέττειν,
1396 1834 1630 1919 similibusque.

486 2052 538 2117 Vs.
566 2051 639 2117 149.
665 2054 690 2115 εί
715 2053 779 2128 γὰρ
803 2053 992 2132 καθήμεθ’
1016 2049 1096 2115 ένθον
1121 2051 1372 2130 ἐντετριμμέναι,

667 2159 724 2220 κοὶν
748 2165 810 2227 τοῖς
834 2158 1000 2237 χιτωνίοισι
1025 2164 1086 2226 τοῖς
1113 2159 1288 2234 ἀμοργίνοις

668 2263 779 2340 γυμνοί
804 2265 1017 2341 παρίοιμεν
1041 2261 1138 2326 δέλτα
1162 2263 1444 2342 παρατετιλμέναι,

668 2370 856 2431 στύοιντο
880 2368 905 2431 θ’
931 2365 1033 2445 ἅνδρες
1059 2370 1334 2442 κάπιθυμοῖεν
1358 2377 1522 2448 σπλεκοῦν,

668 2477 756 2549 ἡμεῖς
781 2474 812 2537 δὲ
836 2477 879 2550 μίν
905 2477 1142 2551 προσίοιμεν
1166 2477 1240 2539 αλλ’
1266 2477 1550 2556 ἀπεχοίμεθα,

668 2581 800 2651 σπονδὰς
827 2583 996 2654 ποιήσαιντ’
1021 2581 1058 2648 θον
1082 2583 1225 2660 ταχέως,
1249 2578 1282 2646 εὖ
1306 2578 1364 2645 οἶδ’
1388 2580 1443 2647 ἔτι.

440 2691 573 2773 Saepius
596 2691 661 2751 iam
685 2690 798 2751 monui
821 2707 878 2751 nec
901 2707 1031 2751 monere
1055 2685 1208 2751 desistam
1231 2695 1340 2752 contra
1369 2692 1517 2773 syntaxis
1545 2710 1633 2774 grae

442 2816 511 2860 cam
532 2813 660 2878 peccare
678 2794 773 2856 amici
791 2794 854 2855 mei
871 2791 1133 2856 desideratissimi
1147 2791 1369 2858 Halbertsmae
1390 2817 1484 2873 προσ
1496 2819 1509 2857 ε
1520 2797 1531 2858 ί
1539 2822 1561 2866 μ
1574 2800 1630 2873 εθ’,

442 2903 517 2985 quia
547 2902 581 2962 in
613 2920 646 2962 re
675 2896 851 2962 identidem
882 2900 1017 2983 repetita
1050 2901 1224 2963 necessario
1255 2902 1431 2986 requiritur
1461 2901 1633 2987 imperfecti

441 3007 602 3087 ορίοθίυιιε,
627 3007 683 3089 qni
705 3006 848 3068 numeris
872 3002 1064 3069 excluditur.
1089 3003 1311 3069 Nihilominus
1333 3005 1494 3071 infelicem
1514 3010 1632 3072 coniec-

440 3119 548 3176 turam
572 3113 676 3176 textui
698 3108 812 3174 intulit
832 3108 1021 3173 vlreeuwen.
1041 3109 1200 3194 Equidem
1223 3112 1353 3196 ambigo
1375 3113 1631 3197 reponendumne

441 3222 483 3282 sit
516 3218 710 3296 cccclxvi
718 3241 807 3292 μεν,
832 3216 1048 3279 adverteremus
1072 3217 1213 3293 ανοίνιικνα,
1238 3237 1317 3301 quae
1341 3216 1444 3283 lenior
1468 3222 1567 3296 ratio,
1592 3241 1631 3285 an

443 3326 718 3401 παρέχοιμεν,
751 3322 887 3385 verbum
919 3322 957 3386 de
988 3324 1073 3386 coitu
1102 3322 1302 3387 admit-tendo
1327 3326 1575 3388 usitatissimum
1600 3331 1633 3390 et

443 3450 535 3513 saepe
557 3432 591 3491 in
615 3429 673 3492 hac
692 3430 762 3511 ipsa
782 3426 892 3491 fabula
910 3428 1060 3504 obvium,
1082 3428 1165 3512 quod
1185 3436 1314 3512 propter
1333 3433 1522 3494 sententiam
1536 3430 1632 3515 longe

442 3533 660 3620 praetulerim.
694 3531 876 3617 Utrumque
906 3539 1035 3617 propter
1057 3535 1273 3597 assonantiam
1296 3532 1334 3597 ad
1359 3536 1555 3614 ἀπεχοίμεθα
1581 3555 1633 3620 ap-

441 3642 617 3704 tissimum.

490 3840 542 3906 Vs,
571 3839 645 3907 175.
671 3841 744 3903 ἀλλ’
769 3839 833 3902 ἔστι
859 3838 911 3902 καί
938 3841 1022 3903 τοῦτ’
1047 3834 1079 3902 εὖ
1105 3840 1409 3918 παρεσκευασμένον·

671 3945 921 4023 καταλκψθμεθα
945 3946 1007 4024 γὰρ
1032 3947 1087 4017 τίρν
1110 3942 1272 4016 οίκρθπολιν
1296 3948 1434 4023 τήμερον.

671 4060 741 4123 ταῖς
761 4051 1053 4130 πρεσβυτάταις
1072 4052 1135 4126 γὰρ
1155 4050 1383 4122 προστέτακται
1402 4055 1510 4114 τοῦτο
1528 4050 1610 4129 θρῖον,

671 4151 724 4227 ἕως
752 4154 789 4220 θον
813 4158 900 4230 ἡμεῖς
926 4159 1030 4219 ταῦτα
1055 4155 1279 4231 συντιθώμεθα,

668 4262 766 4325 θύειν
791 4261 983 4329 δοκούσαις
1009 4261 1259 4338 καταλαβεῖν
1284 4264 1347 4330 τίιν
1368 4261 1586 4340 οὶκρθπολιν.

443 4366 617 4451 Suspectus
649 4367 731 4429 mihi
761 4365 897 4429 ultimus
930 4385 1039 4429 versus
1070 4386 1185 4449 parum
1217 4386 1422 4442 numerosus,
1448 4368 1523 4450 quia
1545 4371 1634 4428 τοῦτο

443 4472 514 4550 θρῖον
546 4472 747 4536 referendum
777 4478 825 4536 est
854 4471 893 4535 cd
924 4471 1018 4536 verba
1049 4471 1249 4545 καταλαβεῖν
1278 4474 1333 4544 τὴν
1357 4472 1530 4547 ἀκρόπολιν,
1555 4492 1635 4555 quae

443 4581 646 4644 continentur
677 4598 771 4642 versu
803 4578 1001 4641 antecedenti
1032 4576 1284 4652 καταληψόμεθα
1309 4577 1384 4652 κτὲ.,
1408 4580 1516 4661 itaque
1541 4578 1635 4641 verba

445 4685 523 4748 θύειν
537 4686 646 4754 -τίρν
671 4684 833 4758 οίκρθπολιν
857 4704 874 4746 e
897 4681 1091 4766 glossemate
1115 4683 1153 4746 ad
1178 4689 1266 4745 τοῦτο
1292 4683 1361 4759 δρᾶν
1381 4682 1454 4746 ficta
1476 4683 1634 4747 videntur.

445 4789 537 4854 Unde
568 4809 659 4867 vero,
692 4790 841 4854 obiecerit
872 4791 1050 4873 quispiam,
1081 4790 1151 4852 eius
1181 4796 1291 4853 auctor
1320 4795 1453 4854 noverat
1484 4787 1635 4853 mulieres
