<?xml version="1.0" encoding="UTF-8"?>
<!DOCTYPE html PUBLIC "-//W3C//DTD XHTML 1.0 Transitional//EN"
    "http://www.w3.org/TR/xhtml1/DTD/xhtml1-transitional.dtd">
<html xmlns="http://www.w3.org/1999/xhtml" xml:lang="en" lang="en">
 <head>
  <title>
</title>
<meta http-equiv="Content-Type" content="text/html;charset=utf-8" />
  <meta name='ocr-system' content='tesseract 3.04.00' />
  <meta name='ocr-capabilities' content='ocr_page ocr_carea ocr_par ocr_line ocrx_word'/>
</head>
<body>
  <div class='ocr_page' id='page_1' title='image "./mnemosyne07verdgoog_0096.png"; bbox 0 0 4525 5950; ppageno 0'>
   <div class='ocr_carea' id='block_1_1' title="bbox 970 709 1631 774">
    <p class='ocr_par' dir='ltr' id='par_1_1' title="bbox 970 709 1631 774">
     <span class='ocr_line' id='line_1_1' title="bbox 970 709 1631 774; baseline 0.003 -2"><span class='ocrx_word' id='word_1_1' title='bbox 970 726 1111 773; x_wconf 75' lang='lat' dir='ltr'><strong>userius.</strong></span> <span class='ocrx_word' id='word_1_2' title='bbox 1590 709 1631 774; x_wconf 82' lang='lat'><strong>81</strong></span> 
     </span>
    </p>
   </div>
   <div class='ocr_carea' id='block_1_2' title="bbox 429 885 1649 4762">
    <p class='ocr_par' dir='ltr' id='par_1_2' title="bbox 432 885 1649 2343">
     <span class='ocr_line' id='line_1_2' title="bbox 432 885 1634 975; baseline 0.004 -25"><span class='ocrx_word' id='word_1_3' title='bbox 432 885 543 950; x_wconf 86' lang='lat' dir='ltr'><strong>solum</strong></span> <span class='ocrx_word' id='word_1_4' title='bbox 567 885 694 950; x_wconf 75' lang='lat' dir='ltr'><strong>facilem</strong></span> <span class='ocrx_word' id='word_1_5' title='bbox 716 887 782 951; x_wconf 88' lang='lat' dir='ltr'><strong>fore</strong></span> <span class='ocrx_word' id='word_1_6' title='bbox 805 889 969 972; x_wconf 89' lang='lat' dir='ltr'><strong>promittit</strong></span> <span class='ocrx_word' id='word_1_7' title='bbox 992 888 1046 952; x_wconf 88' lang='lat' dir='ltr'><strong>sed</strong></span> <span class='ocrx_word' id='word_1_8' title='bbox 1070 890 1169 952; x_wconf 91' lang='lat' dir='ltr'><strong>etiam</strong></span> <span class='ocrx_word' id='word_1_9' title='bbox 1194 888 1380 953; x_wconf 83' lang='lat' dir='ltr'><strong>effecturum</strong></span> <span class='ocrx_word' id='word_1_10' title='bbox 1405 893 1634 975; x_wconf 89' lang='lat' dir='ltr'><strong>nequisquam</strong></span> 
     </span>
     <span class='ocr_line' id='line_1_3' title="bbox 434 990 1634 1081; baseline 0.005 -26"><span class='ocrx_word' id='word_1_11' title='bbox 434 990 615 1076; x_wconf 83' lang='lat' dir='ltr'>quidquam</span> <span class='ocrx_word' id='word_1_12' title='bbox 639 991 678 1056; x_wconf 96' lang='lat' dir='ltr'><strong>de</strong></span> <span class='ocrx_word' id='word_1_13' title='bbox 700 993 824 1076; x_wconf 85' lang='lat' dir='ltr'>probris</span> <span class='ocrx_word' id='word_1_14' title='bbox 845 991 910 1056; x_wconf 89' lang='grc'><strong>11111</strong></span> <span class='ocrx_word' id='word_1_15' title='bbox 935 996 1125 1078; x_wconf 83' lang='lat' dir='ltr'><strong>suspicetur.</strong></span> <span class='ocrx_word' id='word_1_16' title='bbox 1149 993 1255 1059; x_wconf 83' lang='lat' dir='ltr'><strong>Simul</strong></span> <span class='ocrx_word' id='word_1_17' title='bbox 1278 997 1364 1059; x_wconf 89' lang='lat' dir='ltr'><strong>enim</strong></span> <span class='ocrx_word' id='word_1_18' title='bbox 1390 1001 1423 1059; x_wconf 90' lang='lat' dir='ltr'><strong>et</strong></span> <span class='ocrx_word' id='word_1_19' title='bbox 1446 1016 1558 1060; x_wconf 91' lang='lat' dir='ltr'><strong>eorum</strong></span> <span class='ocrx_word' id='word_1_20' title='bbox 1579 999 1634 1081; x_wconf 93' lang='lat' dir='ltr'><strong>qui</strong></span> 
     </span>
     <span class='ocr_line' id='line_1_4' title="bbox 435 1097 1635 1185; baseline 0.005 -26"><span class='ocrx_word' id='word_1_21' title='bbox 435 1098 591 1160; x_wconf 72' lang='grc'><strong>1111111111</strong></span> <span class='ocrx_word' id='word_1_22' title='bbox 614 1097 705 1162; x_wconf 86' lang='lat' dir='ltr'><strong>illam</strong></span> <span class='ocrx_word' id='word_1_23' title='bbox 727 1099 923 1163; x_wconf 78' lang='lat' dir='ltr'><strong>obtinuerint</strong></span> <span class='ocrx_word' id='word_1_24' title='bbox 941 1101 1126 1163; x_wconf 83' lang='lat' dir='ltr'><strong>missionem</strong></span> <span class='ocrx_word' id='word_1_25' title='bbox 1147 1109 1179 1164; x_wconf 92' lang='lat' dir='ltr'><strong>et</strong></span> <span class='ocrx_word' id='word_1_26' title='bbox 1200 1121 1310 1164; x_wconf 94' lang='lat' dir='ltr'><strong>eorum</strong></span> <span class='ocrx_word' id='word_1_27' title='bbox 1332 1103 1387 1185; x_wconf 94' lang='lat' dir='ltr'><strong>qui</strong></span> <span class='ocrx_word' id='word_1_28' title='bbox 1406 1109 1494 1180; x_wconf 92' lang='lat' dir='ltr'><strong>(cum</strong></span> <span class='ocrx_word' id='word_1_29' title='bbox 1507 1122 1635 1166; x_wconf 88' lang='lat' dir='ltr'><strong>summa</strong></span> 
     </span>
     <span class='ocr_line' id='line_1_5' title="bbox 436 1206 1635 1288; baseline 0.003 -21"><span class='ocrx_word' id='word_1_30' title='bbox 436 1207 596 1267; x_wconf 87' lang='lat' dir='ltr'><strong>nimirum</strong></span> <span class='ocrx_word' id='word_1_31' title='bbox 630 1206 824 1288; x_wconf 88' lang='lat' dir='ltr'><strong>ignominia)</strong></span> <span class='ocrx_word' id='word_1_32' title='bbox 858 1206 956 1268; x_wconf 86' lang='lat' dir='ltr'><strong>inviti</strong></span> <span class='ocrx_word' id='word_1_33' title='bbox 988 1226 1006 1268; x_wconf 93' lang='lat' dir='ltr'><strong>a</strong></span> <span class='ocrx_word' id='word_1_34' title='bbox 1037 1206 1220 1269; x_wconf 80' lang='lat' dir='ltr'><strong>censoribus</strong></span> <span class='ocrx_word' id='word_1_35' title='bbox 1249 1215 1361 1270; x_wconf 91' lang='lat' dir='ltr'><strong>senatu</strong></span> <span class='ocrx_word' id='word_1_36' title='bbox 1393 1210 1474 1270; x_wconf 93' lang='lat' dir='ltr'><strong>moti</strong></span> <span class='ocrx_word' id='word_1_37' title='bbox 1506 1210 1571 1271; x_wconf 92' lang='lat' dir='ltr'><strong>sint</strong></span> <span class='ocrx_word' id='word_1_38' title='bbox 1602 1229 1635 1271; x_wconf 92' lang='lat' dir='ltr'><strong>se</strong></span> 
     </span>
     <span class='ocr_line' id='line_1_6' title="bbox 437 1290 1636 1395; baseline 0.003 -23"><span class='ocrx_word' id='word_1_39' title='bbox 437 1313 682 1395; x_wconf 87' lang='lat' dir='ltr'><strong>propositurum</strong></span> <span class='ocrx_word' id='word_1_40' title='bbox 706 1313 853 1386; x_wconf 89' lang='lat' dir='ltr'><strong>nomina,</strong></span> <span class='ocrx_word' id='word_1_41' title='bbox 877 1312 925 1373; x_wconf 90' lang='lat' dir='ltr'><strong>ita</strong></span> <span class='ocrx_word' id='word_1_42' title='bbox 948 1290 1135 1394; x_wconf 47' lang='lat' dir='ltr'><strong>ut¹„pudor</strong></span> <span class='ocrx_word' id='word_1_43' title='bbox 1157 1318 1268 1395; x_wconf 90' lang='lat' dir='ltr'><strong>sponte</strong></span> <span class='ocrx_word' id='word_1_44' title='bbox 1293 1311 1474 1376; x_wconf 87' lang='lat' dir='ltr'><strong>cedentium</strong></span> <span class='ocrx_word' id='word_1_45' title='bbox 1499 1321 1531 1377; x_wconf 90' lang='lat' dir='ltr'><strong>et</strong></span> <span class='ocrx_word' id='word_1_46' title='bbox 1554 1313 1636 1377; x_wconf 92' lang='lat' dir='ltr'><strong>iudi·</strong></span> 
     </span>
     <span class='ocr_line' id='line_1_7' title="bbox 438 1415 1649 1501; baseline -0.002 -23"><span class='ocrx_word' id='word_1_47' title='bbox 438 1416 562 1480; x_wconf 79' lang='lat' dir='ltr'><strong>dicium</strong></span> <span class='ocrx_word' id='word_1_48' title='bbox 587 1436 753 1480; x_wconf 88' lang='lat' dir='ltr'><strong>censorum</strong></span> <span class='ocrx_word' id='word_1_49' title='bbox 777 1417 937 1499; x_wconf 84' lang='lat' dir='ltr'><strong>permixta</strong></span> <span class='ocrx_word' id='word_1_50' title='bbox 959 1417 1176 1500; x_wconf 81' lang='lat' dir='ltr'><strong>ignominiam</strong></span> <span class='ocrx_word' id='word_1_51' title='bbox 1200 1415 1381 1480; x_wconf 91' lang='lat' dir='ltr'><strong>molliant”.</strong></span> <span class='ocrx_word' id='word_1_52' title='bbox 1414 1418 1475 1492; x_wconf 82' lang='lat' dir='ltr'><strong>At,</strong></span> <span class='ocrx_word' id='word_1_53' title='bbox 1500 1438 1649 1501; x_wconf 85' lang='lat' dir='ltr'><strong>quaeso,</strong></span> 
     </span>
     <span class='ocr_line' id='line_1_8' title="bbox 438 1518 1634 1607; baseline 0.003 -23"><span class='ocrx_word' id='word_1_54' title='bbox 438 1524 524 1585; x_wconf 88' lang='lat' dir='ltr'><strong>utris</strong></span> <span class='ocrx_word' id='word_1_55' title='bbox 544 1520 625 1584; x_wconf 89' lang='lat' dir='ltr'><strong>illud</strong></span> <span class='ocrx_word' id='word_1_56' title='bbox 646 1520 817 1586; x_wconf 86' lang='lat' dir='ltr'><strong>eonsilium</strong></span> <span class='ocrx_word' id='word_1_57' title='bbox 838 1521 1042 1605; x_wconf 86' lang='lat' dir='ltr'><strong>profuturum</strong></span> <span class='ocrx_word' id='word_1_58' title='bbox 1064 1518 1134 1585; x_wconf 86' lang='lat' dir='ltr'><strong>est?</strong></span> <span class='ocrx_word' id='word_1_59' title='bbox 1155 1520 1247 1586; x_wconf 84' lang='lat' dir='ltr'><strong>Oerte</strong></span> <span class='ocrx_word' id='word_1_60' title='bbox 1269 1543 1330 1586; x_wconf 93' lang='lat' dir='ltr'><strong>non</strong></span> <span class='ocrx_word' id='word_1_61' title='bbox 1347 1525 1388 1586; x_wconf 90' lang='grc'><strong>111</strong></span> <span class='ocrx_word' id='word_1_62' title='bbox 1401 1526 1456 1607; x_wconf 92' lang='lat' dir='ltr'><strong>qui</strong></span> <span class='ocrx_word' id='word_1_63' title='bbox 1469 1523 1634 1588; x_wconf 89' lang='lat' dir='ltr'><strong>honestam</strong></span> 
     </span>
     <span class='ocr_line' id='line_1_9' title="bbox 439 1626 1636 1714; baseline 0.002 -22"><span class='ocrx_word' id='word_1_64' title='bbox 439 1635 631 1711; x_wconf 90' lang='lat' dir='ltr'><strong>acceperunt</strong></span> <span class='ocrx_word' id='word_1_65' title='bbox 662 1629 866 1691; x_wconf 87' lang='lat' dir='ltr'><strong>missionem:</strong></span> <span class='ocrx_word' id='word_1_66' title='bbox 900 1626 983 1691; x_wconf 89' lang='lat' dir='ltr'><strong>nibil</strong></span> <span class='ocrx_word' id='word_1_67' title='bbox 1015 1629 1102 1692; x_wconf 92' lang='lat' dir='ltr'><strong>enim</strong></span> <span class='ocrx_word' id='word_1_68' title='bbox 1134 1628 1273 1692; x_wconf 73' lang='lat' dir='ltr'><strong>obstabit</strong></span> <span class='ocrx_word' id='word_1_69' title='bbox 1306 1632 1478 1712; x_wconf 90' lang='lat' dir='ltr'><strong>quominus</strong></span> <span class='ocrx_word' id='word_1_70' title='bbox 1509 1636 1542 1694; x_wconf 93' lang='lat' dir='ltr'><strong>et</strong></span> <span class='ocrx_word' id='word_1_71' title='bbox 1572 1631 1636 1714; x_wconf 91' lang='lat' dir='ltr'><strong>ipsi</strong></span> 
     </span>
     <span class='ocr_line' id='line_1_10' title="bbox 439 1731 1635 1819; baseline 0.003 -24"><span class='ocrx_word' id='word_1_72' title='bbox 439 1739 597 1817; x_wconf 88' lang='lat' dir='ltr'><strong>putentur</strong></span> <span class='ocrx_word' id='word_1_73' title='bbox 627 1754 646 1797; x_wconf 93' lang='lat' dir='ltr'><strong>a</strong></span> <span class='ocrx_word' id='word_1_74' title='bbox 669 1753 797 1797; x_wconf 89' lang='lat' dir='ltr'><strong>censore</strong></span> <span class='ocrx_word' id='word_1_75' title='bbox 820 1739 933 1796; x_wconf 90' lang='lat' dir='ltr'><strong>senatu</strong></span> <span class='ocrx_word' id='word_1_76' title='bbox 957 1735 1048 1797; x_wconf 90' lang='lat' dir='ltr'><strong>moti.</strong></span> <span class='ocrx_word' id='word_1_77' title='bbox 1073 1731 1221 1797; x_wconf 83' lang='lat' dir='ltr'><strong>Fortasse</strong></span> <span class='ocrx_word' id='word_1_78' title='bbox 1244 1739 1337 1819; x_wconf 89' lang='lat' dir='ltr'><strong>grata</strong></span> <span class='ocrx_word' id='word_1_79' title='bbox 1359 1754 1409 1798; x_wconf 88' lang='lat' dir='ltr'><strong>res</strong></span> <span class='ocrx_word' id='word_1_80' title='bbox 1432 1737 1473 1798; x_wconf 92' lang='lat' dir='ltr'><strong>iis</strong></span> <span class='ocrx_word' id='word_1_81' title='bbox 1497 1735 1635 1812; x_wconf 88' lang='lat' dir='ltr'><strong>accidet,</strong></span> 
     </span>
     <span class='ocr_line' id='line_1_11' title="bbox 438 1838 1635 1923; baseline 0.002 -21"><span class='ocrx_word' id='word_1_82' title='bbox 438 1841 498 1923; x_wconf 93' lang='lat' dir='ltr'><strong>qui</strong></span> <span class='ocrx_word' id='word_1_83' title='bbox 521 1858 631 1902; x_wconf 84' lang='lat' dir='ltr'><strong>revera</strong></span> <span class='ocrx_word' id='word_1_84' title='bbox 654 1858 817 1903; x_wconf 87' lang='lat' dir='ltr'><strong>acensore</strong></span> <span class='ocrx_word' id='word_1_85' title='bbox 837 1841 917 1902; x_wconf 92' lang='lat' dir='ltr'><strong>moti</strong></span> <span class='ocrx_word' id='word_1_86' title='bbox 938 1844 1012 1902; x_wconf 90' lang='lat' dir='ltr'><strong>sunt</strong></span> <span class='ocrx_word' id='word_1_87' title='bbox 1030 1847 1158 1915; x_wconf 74' lang='lat' dir='ltr'><strong>senatu,</strong></span> <span class='ocrx_word' id='word_1_88' title='bbox 1180 1838 1263 1903; x_wconf 91' lang='lat' dir='ltr'><strong>haud</strong></span> <span class='ocrx_word' id='word_1_89' title='bbox 1286 1843 1377 1923; x_wconf 90' lang='lat' dir='ltr'><strong>pauci</strong></span> <span class='ocrx_word' id='word_1_90' title='bbox 1398 1843 1483 1904; x_wconf 90' lang='lat' dir='ltr'><strong>enim</strong></span> <span class='ocrx_word' id='word_1_91' title='bbox 1503 1839 1635 1904; x_wconf 91' lang='lat' dir='ltr'><strong>illorum</strong></span> 
     </span>
     <span class='ocr_line' id='line_1_12' title="bbox 437 1944 1636 2029; baseline 0.003 -24"><span class='ocrx_word' id='word_1_92' title='bbox 437 1945 640 2029; x_wconf 86' lang='lat' dir='ltr'><strong>putabuntur</strong></span> <span class='ocrx_word' id='word_1_93' title='bbox 670 1944 836 2008; x_wconf 89' lang='lat' dir='ltr'><strong>honestam</strong></span> <span class='ocrx_word' id='word_1_94' title='bbox 869 1946 1054 2007; x_wconf 91' lang='lat' dir='ltr'><strong>missionem</strong></span> <span class='ocrx_word' id='word_1_95' title='bbox 1085 1947 1261 2027; x_wconf 88' lang='lat' dir='ltr'><strong>accepisse,</strong></span> <span class='ocrx_word' id='word_1_96' title='bbox 1295 1965 1374 2029; x_wconf 90' lang='lat' dir='ltr'><strong>quae</strong></span> <span class='ocrx_word' id='word_1_97' title='bbox 1405 1945 1490 2009; x_wconf 86' lang='lat' dir='ltr'><strong>fama</strong></span> <span class='ocrx_word' id='word_1_98' title='bbox 1514 1945 1636 2029; x_wconf 88' lang='lat' dir='ltr'><strong>aliquot</strong></span> 
     </span>
     <span class='ocr_line' id='line_1_13' title="bbox 437 2048 1635 2134; baseline 0.003 -23"><span class='ocrx_word' id='word_1_99' title='bbox 437 2051 532 2112; x_wconf 86' lang='lat' dir='ltr'><strong>annis</strong></span> <span class='ocrx_word' id='word_1_100' title='bbox 566 2055 676 2132; x_wconf 89' lang='lat' dir='ltr'><strong>postea</strong></span> <span class='ocrx_word' id='word_1_101' title='bbox 710 2048 795 2112; x_wconf 91' lang='lat' dir='ltr'><strong>haud</strong></span> <span class='ocrx_word' id='word_1_102' title='bbox 832 2049 927 2112; x_wconf 90' lang='lat' dir='ltr'><strong>dubie</strong></span> <span class='ocrx_word' id='word_1_103' title='bbox 961 2069 1154 2134; x_wconf 80' lang='lat' dir='ltr'><strong>magnopere</strong></span> <span class='ocrx_word' id='word_1_104' title='bbox 1185 2051 1224 2112; x_wconf 93' lang='lat' dir='ltr'><strong>iis</strong></span> <span class='ocrx_word' id='word_1_105' title='bbox 1256 2049 1413 2134; x_wconf 90' lang='lat' dir='ltr'><strong>proderit:</strong></span> <span class='ocrx_word' id='word_1_106' title='bbox 1446 2057 1517 2113; x_wconf 91' lang='lat' dir='ltr'><strong>tum</strong></span> <span class='ocrx_word' id='word_1_107' title='bbox 1549 2054 1635 2115; x_wconf 92' lang='lat' dir='ltr'><strong>enim</strong></span> 
     </span>
     <span class='ocr_line' id='line_1_14' title="bbox 436 2152 1636 2220; baseline 0.003 -3"><span class='ocrx_word' id='word_1_108' title='bbox 436 2152 533 2218; x_wconf 90' lang='lat' dir='ltr'><strong>obliti</strong></span> <span class='ocrx_word' id='word_1_109' title='bbox 567 2159 660 2217; x_wconf 88' lang='lat' dir='ltr'><strong>erunt</strong></span> <span class='ocrx_word' id='word_1_110' title='bbox 694 2153 840 2217; x_wconf 86' lang='lat' dir='ltr'><strong>homines</strong></span> <span class='ocrx_word' id='word_1_111' title='bbox 874 2153 953 2218; x_wconf 92' lang='lat' dir='ltr'><strong>olim</strong></span> <span class='ocrx_word' id='word_1_112' title='bbox 985 2157 1127 2218; x_wconf 87' lang='lat' dir='ltr'><strong>evenisse</strong></span> <span class='ocrx_word' id='word_1_113' title='bbox 1159 2162 1195 2218; x_wconf 95' lang='lat' dir='ltr'><strong>ut</strong></span> <span class='ocrx_word' id='word_1_114' title='bbox 1227 2160 1259 2219; x_wconf 92' lang='lat' dir='ltr'><strong>et</strong></span> <span class='ocrx_word' id='word_1_115' title='bbox 1290 2157 1331 2218; x_wconf 92' lang='lat' dir='ltr'><strong>iis</strong></span> <span class='ocrx_word' id='word_1_116' title='bbox 1362 2155 1494 2220; x_wconf 88' lang='lat' dir='ltr'><strong>honesta</strong></span> <span class='ocrx_word' id='word_1_117' title='bbox 1526 2159 1636 2220; x_wconf 92' lang='lat' dir='ltr'><strong>missio</strong></span> 
     </span>
     <span class='ocr_line' id='line_1_15' title="bbox 436 2258 1153 2343; baseline -0.001 -19"><span class='ocrx_word' id='word_1_118' title='bbox 436 2258 663 2324; x_wconf 88' lang='lat' dir='ltr'><strong>concederetur</strong></span> <span class='ocrx_word' id='word_1_119' title='bbox 685 2261 740 2343; x_wconf 92' lang='lat' dir='ltr'><strong>qui</strong></span> <span class='ocrx_word' id='word_1_120' title='bbox 758 2260 880 2340; x_wconf 77' lang='lat' dir='ltr'><strong>probris</strong></span> <span class='ocrx_word' id='word_1_121' title='bbox 895 2259 1015 2342; x_wconf 76' lang='lat' dir='ltr'><strong>famosi</strong></span> <span class='ocrx_word' id='word_1_122' title='bbox 1038 2268 1153 2324; x_wconf 89' lang='lat' dir='ltr'><strong>essent.</strong></span> 
     </span>
    </p>

    <p class='ocr_par' dir='ltr' id='par_1_3' title="bbox 438 2356 1636 2556">
     <span class='ocr_line' id='line_1_16' title="bbox 484 2356 1636 2431; baseline 0.002 -2"><span class='ocrx_word' id='word_1_123' title='bbox 484 2364 600 2429; x_wconf 83' lang='lat' dir='ltr'><strong>Eidem</strong></span> <span class='ocrx_word' id='word_1_124' title='bbox 630 2356 765 2430; x_wconf 80' lang='lat' dir='ltr'><strong>Claudio</strong></span> <span class='ocrx_word' id='word_1_125' title='bbox 789 2371 820 2429; x_wconf 93' lang='lat' dir='ltr'><strong>et</strong></span> <span class='ocrx_word' id='word_1_126' title='bbox 844 2364 931 2429; x_wconf 92' lang='lat' dir='ltr'><strong>aliud</strong></span> <span class='ocrx_word' id='word_1_127' title='bbox 956 2365 1148 2430; x_wconf 89' lang='lat' dir='ltr'><strong>adscribitur</strong></span> <span class='ocrx_word' id='word_1_128' title='bbox 1171 2364 1342 2430; x_wconf 89' lang='lat' dir='ltr'><strong>consilium</strong></span> <span class='ocrx_word' id='word_1_129' title='bbox 1367 2387 1430 2430; x_wconf 92' lang='lat' dir='ltr'><strong>non</strong></span> <span class='ocrx_word' id='word_1_130' title='bbox 1453 2370 1563 2431; x_wconf 90' lang='lat' dir='ltr'><strong>minus</strong></span> <span class='ocrx_word' id='word_1_131' title='bbox 1588 2370 1636 2430; x_wconf 91' lang='lat' dir='ltr'><strong>in·</strong></span> 
     </span>
     <span class='ocr_line' id='line_1_17' title="bbox 438 2470 1095 2556; baseline -0.002 -21"><span class='ocrx_word' id='word_1_132' title='bbox 438 2470 590 2536; x_wconf 89' lang='lat' dir='ltr'><strong>anditum</strong></span> <span class='ocrx_word' id='word_1_133' title='bbox 614 2479 710 2556; x_wconf 88' lang='lat' dir='ltr'><strong>atque</strong></span> <span class='ocrx_word' id='word_1_134' title='bbox 733 2471 909 2535; x_wconf 88' lang='lat' dir='ltr'><strong>absurdum</strong></span> <span class='ocrx_word' id='word_1_135' title='bbox 933 2471 1007 2546; x_wconf 89' lang='lat' dir='ltr'>XII,</span> <span class='ocrx_word' id='word_1_136' title='bbox 1033 2471 1095 2534; x_wconf 79' lang='lat'><strong>53:</strong></span> 
     </span>
    </p>

    <p class='ocr_par' dir='ltr' id='par_1_4' title="bbox 436 2576 1636 2873">
     <span class='ocr_line' id='line_1_18' title="bbox 488 2576 1636 2663; baseline 0.002 -23"><span class='ocrx_word' id='word_1_137' title='bbox 488 2577 606 2652; x_wconf 87' lang='lat' dir='ltr'><strong>„refert</strong></span> <span class='ocrx_word' id='word_1_138' title='bbox 629 2576 668 2641; x_wconf 91' lang='lat' dir='ltr'><strong>ad</strong></span> <span class='ocrx_word' id='word_1_139' title='bbox 692 2583 798 2661; x_wconf 89' lang='lat' dir='ltr'><strong>patres</strong></span> <span class='ocrx_word' id='word_1_140' title='bbox 821 2577 860 2642; x_wconf 91' lang='lat' dir='ltr'><strong>de</strong></span> <span class='ocrx_word' id='word_1_141' title='bbox 883 2598 982 2661; x_wconf 91' lang='lat' dir='ltr'><strong>poena</strong></span> <span class='ocrx_word' id='word_1_142' title='bbox 1005 2577 1218 2652; x_wconf 86' lang='lat' dir='ltr'><strong>feminarum,</strong></span> <span class='ocrx_word' id='word_1_143' title='bbox 1241 2597 1321 2662; x_wconf 90' lang='lat' dir='ltr'><strong>quae</strong></span> <span class='ocrx_word' id='word_1_144' title='bbox 1345 2581 1445 2642; x_wconf 83' lang='lat' dir='ltr'><strong>servis</strong></span> <span class='ocrx_word' id='word_1_145' title='bbox 1465 2581 1636 2663; x_wconf 90' lang='lat' dir='ltr'><strong>coniunge-</strong></span> 
     </span>
     <span class='ocr_line' id='line_1_19' title="bbox 437 2681 1635 2767; baseline 0.002 -22"><span class='ocrx_word' id='word_1_146' title='bbox 437 2688 569 2758; x_wconf 90' lang='lat' dir='ltr'><strong>rentur;</strong></span> <span class='ocrx_word' id='word_1_147' title='bbox 602 2685 837 2766; x_wconf 85' lang='lat' dir='ltr'><strong>statuiturque,</strong></span> <span class='ocrx_word' id='word_1_148' title='bbox 861 2688 899 2745; x_wconf 90' lang='lat' dir='ltr'><strong>ut</strong></span> <span class='ocrx_word' id='word_1_149' title='bbox 922 2685 1034 2767; x_wconf 89' lang='lat' dir='ltr'><strong>ignaro</strong></span> <span class='ocrx_word' id='word_1_150' title='bbox 1058 2682 1186 2746; x_wconf 93' lang='lat' dir='ltr'><strong>domino</strong></span> <span class='ocrx_word' id='word_1_151' title='bbox 1210 2681 1306 2745; x_wconf 87' lang='lat' dir='ltr'><strong>adid</strong></span> <span class='ocrx_word' id='word_1_152' title='bbox 1330 2682 1494 2767; x_wconf 88' lang='lat' dir='ltr'><strong>prolapsae</strong></span> <span class='ocrx_word' id='word_1_153' title='bbox 1517 2686 1550 2746; x_wconf 91' lang='lat' dir='ltr'><strong>in</strong></span> <span class='ocrx_word' id='word_1_154' title='bbox 1574 2704 1635 2747; x_wconf 92' lang='lat' dir='ltr'><strong>ser·</strong></span> 
     </span>
     <span class='ocr_line' id='line_1_20' title="bbox 436 2787 1383 2873; baseline 0 -22"><span class='ocrx_word' id='word_1_155' title='bbox 436 2790 562 2864; x_wconf 83' lang='lat' dir='ltr'><strong>vitute,</strong></span> <span class='ocrx_word' id='word_1_156' title='bbox 585 2790 634 2850; x_wconf 91' lang='lat' dir='ltr'><strong>sin</strong></span> <span class='ocrx_word' id='word_1_157' title='bbox 657 2789 903 2862; x_wconf 88' lang='lat' dir='ltr'><strong>consensissent,</strong></span> <span class='ocrx_word' id='word_1_158' title='bbox 928 2809 985 2873; x_wconf 93' lang='lat' dir='ltr'><strong>pro</strong></span> <span class='ocrx_word' id='word_1_159' title='bbox 1008 2787 1135 2852; x_wconf 87' lang='lat' dir='ltr'><strong>libertis</strong></span> <span class='ocrx_word' id='word_1_160' title='bbox 1159 2787 1383 2852; x_wconf 89' lang='lat' dir='ltr'><strong>haberentur”.</strong></span> 
     </span>
    </p>

    <p class='ocr_par' dir='ltr' id='par_1_5' title="bbox 429 2889 1635 4762">
     <span class='ocr_line' id='line_1_21' title="bbox 486 2889 1634 2978; baseline 0 -23"><span class='ocrx_word' id='word_1_161' title='bbox 486 2894 626 2956; x_wconf 90' lang='lat' dir='ltr'><strong>Auctore</strong></span> <span class='ocrx_word' id='word_1_162' title='bbox 649 2913 725 2978; x_wconf 90' lang='lat' dir='ltr'><strong>ergo</strong></span> <span class='ocrx_word' id='word_1_163' title='bbox 748 2891 856 2957; x_wconf 75' lang='lat' dir='ltr'><strong>&#39;Facito</strong></span> <span class='ocrx_word' id='word_1_164' title='bbox 881 2889 1035 2958; x_wconf 80' lang='lat' dir='ltr'><strong>Claudius</strong></span> <span class='ocrx_word' id='word_1_165' title='bbox 1059 2895 1100 2955; x_wconf 87' lang='lat' dir='ltr'><strong>od</strong></span> <span class='ocrx_word' id='word_1_166' title='bbox 1122 2895 1310 2955; x_wconf 78' lang='lat' dir='ltr'><strong>coercendam</strong></span> <span class='ocrx_word' id='word_1_167' title='bbox 1334 2893 1487 2956; x_wconf 77' lang='lat' dir='ltr'><strong>libidinem</strong></span> <span class='ocrx_word' id='word_1_168' title='bbox 1507 2894 1634 2976; x_wconf 79' lang='lat' dir='ltr'><strong>impudi-</strong></span> 
     </span>
     <span class='ocr_line' id='line_1_22' title="bbox 437 2998 1633 3083; baseline 0.001 -21"><span class='ocrx_word' id='word_1_169' title='bbox 437 2999 599 3081; x_wconf 78' lang='lat' dir='ltr'><strong>citiamque</strong></span> <span class='ocrx_word' id='word_1_170' title='bbox 618 3000 698 3061; x_wconf 72' lang='grc' dir='ltr'><strong>πάνυ</strong></span> <span class='ocrx_word' id='word_1_171' title='bbox 720 3005 834 3073; x_wconf 71' lang='grc' dir='ltr'><strong><em>σεμνῶς</em></strong></span> <span class='ocrx_word' id='word_1_172' title='bbox 854 3019 989 3082; x_wconf 89' lang='lat' dir='ltr'><strong>poenam</strong></span> <span class='ocrx_word' id='word_1_173' title='bbox 1009 3001 1123 3062; x_wconf 89' lang='lat' dir='ltr'><strong>statuit</strong></span> <span class='ocrx_word' id='word_1_174' title='bbox 1143 2999 1310 3074; x_wconf 86' lang='lat' dir='ltr'><strong>facinoris,</strong></span> <span class='ocrx_word' id='word_1_175' title='bbox 1331 2998 1413 3083; x_wconf 90' lang='lat' dir='ltr'><strong>quod</strong></span> <span class='ocrx_word' id='word_1_176' title='bbox 1434 3003 1633 3063; x_wconf 88' lang='lat' dir='ltr'><strong>rarissimum</strong></span> 
     </span>
     <span class='ocr_line' id='line_1_23' title="bbox 437 3103 1635 3187; baseline -0.001 -19"><span class='ocrx_word' id='word_1_177' title='bbox 437 3106 552 3168; x_wconf 91' lang='lat' dir='ltr'><strong>eratin</strong></span> <span class='ocrx_word' id='word_1_178' title='bbox 563 3106 712 3179; x_wconf 88' lang='lat' dir='ltr'><strong>civitate,</strong></span> <span class='ocrx_word' id='word_1_179' title='bbox 732 3103 894 3187; x_wconf 90' lang='lat' dir='ltr'><strong>quodque,</strong></span> <span class='ocrx_word' id='word_1_180' title='bbox 911 3107 938 3166; x_wconf 93' lang='lat' dir='ltr'><strong>si</strong></span> <span class='ocrx_word' id='word_1_181' title='bbox 952 3107 1014 3167; x_wconf 89' lang='lat' dir='ltr'><strong>iam</strong></span> <span class='ocrx_word' id='word_1_182' title='bbox 1030 3103 1128 3168; x_wconf 89' lang='lat' dir='ltr'><strong>semel</strong></span> <span class='ocrx_word' id='word_1_183' title='bbox 1140 3106 1322 3187; x_wconf 88' lang='lat' dir='ltr'><strong>iterumque</strong></span> <span class='ocrx_word' id='word_1_184' title='bbox 1335 3107 1430 3168; x_wconf 88' lang='lat' dir='ltr'><strong>certis</strong></span> <span class='ocrx_word' id='word_1_185' title='bbox 1443 3107 1635 3168; x_wconf 90' lang='lat' dir='ltr'><strong>testimoniis</strong></span> 
     </span>
     <span class='ocr_line' id='line_1_24' title="bbox 436 3207 1632 3294; baseline -0.002 -21"><span class='ocrx_word' id='word_1_186' title='bbox 436 3208 628 3292; x_wconf 90' lang='lat' dir='ltr'><strong>indiciisque</strong></span> <span class='ocrx_word' id='word_1_187' title='bbox 647 3207 951 3291; x_wconf 84' lang='lat' dir='ltr'><strong>deprehendebatur,</strong></span> <span class='ocrx_word' id='word_1_188' title='bbox 972 3216 1079 3273; x_wconf 86' lang='lat' dir='ltr'><strong>tamen</strong></span> <span class='ocrx_word' id='word_1_189' title='bbox 1097 3211 1145 3271; x_wconf 89' lang='grc'><strong>111</strong></span> <span class='ocrx_word' id='word_1_190' title='bbox 1161 3208 1257 3292; x_wconf 89' lang='lat' dir='ltr'><strong>plecti</strong></span> <span class='ocrx_word' id='word_1_191' title='bbox 1270 3212 1324 3272; x_wconf 80' lang='lat' dir='ltr'><strong>vix</strong></span> <span class='ocrx_word' id='word_1_192' title='bbox 1340 3216 1372 3272; x_wconf 93' lang='lat' dir='ltr'><strong>et</strong></span> <span class='ocrx_word' id='word_1_193' title='bbox 1385 3230 1424 3273; x_wconf 90' lang='lat' dir='ltr'><strong>ne</strong></span> <span class='ocrx_word' id='word_1_194' title='bbox 1436 3212 1491 3273; x_wconf 79' lang='lat' dir='ltr'><strong>vix</strong></span> <span class='ocrx_word' id='word_1_195' title='bbox 1504 3209 1632 3294; x_wconf 89' lang='lat' dir='ltr'><strong>quidem</strong></span> 
     </span>
     <span class='ocr_line' id='line_1_25' title="bbox 436 3312 1632 3400; baseline 0 -23"><span class='ocrx_word' id='word_1_196' title='bbox 436 3321 574 3399; x_wconf 89' lang='lat' dir='ltr'><strong>poterat.</strong></span> <span class='ocrx_word' id='word_1_197' title='bbox 605 3314 655 3376; x_wconf 89' lang='lat' dir='ltr'><strong>An</strong></span> <span class='ocrx_word' id='word_1_198' title='bbox 688 3335 829 3399; x_wconf 86' lang='lat' dir='ltr'><strong>unquam</strong></span> <span class='ocrx_word' id='word_1_199' title='bbox 858 3315 1032 3400; x_wconf 90' lang='lat' dir='ltr'><strong>quidquam</strong></span> <span class='ocrx_word' id='word_1_200' title='bbox 1064 3316 1208 3377; x_wconf 87' lang='lat' dir='ltr'><strong>innotuit</strong></span> <span class='ocrx_word' id='word_1_201' title='bbox 1239 3313 1276 3376; x_wconf 91' lang='lat' dir='ltr'><strong>de</strong></span> <span class='ocrx_word' id='word_1_202' title='bbox 1307 3312 1482 3378; x_wconf 89' lang='lat' dir='ltr'><strong>Messalina</strong></span> <span class='ocrx_word' id='word_1_203' title='bbox 1506 3313 1632 3399; x_wconf 90' lang='lat' dir='ltr'><strong>aliqua,</strong></span> 
     </span>
     <span class='ocr_line' id='line_1_26' title="bbox 437 3415 1632 3504; baseline -0.001 -22"><span class='ocrx_word' id='word_1_204' title='bbox 437 3440 520 3504; x_wconf 87' lang='lat' dir='ltr'><strong>quae</strong></span> <span class='ocrx_word' id='word_1_205' title='bbox 542 3422 576 3481; x_wconf 92' lang='lat' dir='ltr'><strong>in</strong></span> <span class='ocrx_word' id='word_1_206' title='bbox 599 3421 790 3483; x_wconf 87' lang='lat' dir='ltr'><strong>servitutem</strong></span> <span class='ocrx_word' id='word_1_207' title='bbox 814 3419 910 3484; x_wconf 88' lang='lat' dir='ltr'><strong>alicui</strong></span> <span class='ocrx_word' id='word_1_208' title='bbox 934 3422 998 3482; x_wconf 89' lang='grc'><strong>1111</strong></span> <span class='ocrx_word' id='word_1_209' title='bbox 1023 3421 1065 3482; x_wconf 88' lang='grc'><strong>111</strong></span> <span class='ocrx_word' id='word_1_210' title='bbox 1085 3415 1223 3482; x_wconf 86' lang='lat' dir='ltr'><strong>tradita?</strong></span> <span class='ocrx_word' id='word_1_211' title='bbox 1247 3418 1331 3482; x_wconf 90' lang='lat' dir='ltr'><strong>Nam</strong></span> <span class='ocrx_word' id='word_1_212' title='bbox 1352 3418 1559 3504; x_wconf 90' lang='lat' dir='ltr'><strong>cogitandum</strong></span> <span class='ocrx_word' id='word_1_213' title='bbox 1581 3419 1632 3481; x_wconf 91' lang='lat' dir='ltr'><strong>hio</strong></span> 
     </span>
     <span class='ocr_line' id='line_1_27' title="bbox 437 3523 1632 3609; baseline -0.001 -22"><span class='ocrx_word' id='word_1_214' title='bbox 437 3545 505 3588; x_wconf 87' lang='lat' dir='ltr'><strong>esse</strong></span> <span class='ocrx_word' id='word_1_215' title='bbox 538 3523 577 3587; x_wconf 87' lang='lat' dir='ltr'><strong>de</strong></span> <span class='ocrx_word' id='word_1_216' title='bbox 607 3523 716 3607; x_wconf 88' lang='lat' dir='ltr'><strong>aliqua</strong></span> <span class='ocrx_word' id='word_1_217' title='bbox 748 3527 993 3609; x_wconf 89' lang='lat' dir='ltr'><strong>importunitate</strong></span> <span class='ocrx_word' id='word_1_218' title='bbox 1017 3524 1148 3607; x_wconf 89' lang='lat' dir='ltr'><strong>diraque</strong></span> <span class='ocrx_word' id='word_1_219' title='bbox 1173 3524 1394 3608; x_wconf 91' lang='lat' dir='ltr'><strong>impudicitia,</strong></span> <span class='ocrx_word' id='word_1_220' title='bbox 1420 3546 1499 3608; x_wconf 89' lang='lat' dir='ltr'><strong>quae</strong></span> <span class='ocrx_word' id='word_1_221' title='bbox 1523 3524 1632 3588; x_wconf 89' lang='lat' dir='ltr'><strong>cadere</strong></span> 
     </span>
     <span class='ocr_line' id='line_1_28' title="bbox 436 3628 1633 3713; baseline -0.001 -20"><span class='ocrx_word' id='word_1_222' title='bbox 436 3652 500 3695; x_wconf 88' lang='lat' dir='ltr'><strong>non</strong></span> <span class='ocrx_word' id='word_1_223' title='bbox 531 3632 633 3713; x_wconf 92' lang='lat' dir='ltr'><strong>possit</strong></span> <span class='ocrx_word' id='word_1_224' title='bbox 663 3632 725 3692; x_wconf 89' lang='lat' dir='ltr'><strong>nisi</strong></span> <span class='ocrx_word' id='word_1_225' title='bbox 755 3632 787 3693; x_wconf 93' lang='lat' dir='ltr'><strong>in</strong></span> <span class='ocrx_word' id='word_1_226' title='bbox 819 3651 870 3693; x_wconf 89' lang='lat' dir='ltr'><strong>eas</strong></span> <span class='ocrx_word' id='word_1_227' title='bbox 895 3630 1048 3704; x_wconf 86' lang='lat' dir='ltr'><strong>feminas,</strong></span> <span class='ocrx_word' id='word_1_228' title='bbox 1072 3649 1150 3712; x_wconf 87' lang='lat' dir='ltr'><strong>quas</strong></span> <span class='ocrx_word' id='word_1_229' title='bbox 1174 3631 1294 3692; x_wconf 92' lang='lat' dir='ltr'><strong>nimius</strong></span> <span class='ocrx_word' id='word_1_230' title='bbox 1317 3628 1414 3691; x_wconf 83' lang='lat' dir='ltr'><strong>luxus</strong></span> <span class='ocrx_word' id='word_1_231' title='bbox 1438 3629 1476 3692; x_wconf 93' lang='lat' dir='ltr'><strong>ad</strong></span> <span class='ocrx_word' id='word_1_232' title='bbox 1498 3629 1633 3713; x_wconf 83' lang='lat' dir='ltr'><strong>quodvis</strong></span> 
     </span>
     <span class='ocr_line' id='line_1_29' title="bbox 437 3732 1632 3819; baseline 0 -22"><span class='ocrx_word' id='word_1_233' title='bbox 437 3734 576 3797; x_wconf 86' lang='lat' dir='ltr'><strong>dedecus</strong></span> <span class='ocrx_word' id='word_1_234' title='bbox 600 3732 808 3818; x_wconf 88' lang='lat' dir='ltr'><strong>compulerit,</strong></span> <span class='ocrx_word' id='word_1_235' title='bbox 833 3740 944 3819; x_wconf 91' lang='lat' dir='ltr'><strong>sponte</strong></span> <span class='ocrx_word' id='word_1_236' title='bbox 967 3733 1173 3818; x_wconf 80' lang='lat' dir='ltr'><strong>intelligitur.</strong></span> <span class='ocrx_word' id='word_1_237' title='bbox 1206 3734 1272 3796; x_wconf 89' lang='lat' dir='ltr'><strong>Nec</strong></span> <span class='ocrx_word' id='word_1_238' title='bbox 1295 3736 1403 3797; x_wconf 93' lang='lat' dir='ltr'><strong>minus</strong></span> <span class='ocrx_word' id='word_1_239' title='bbox 1427 3733 1562 3798; x_wconf 87' lang='lat' dir='ltr'><strong>ridicula</strong></span> <span class='ocrx_word' id='word_1_240' title='bbox 1585 3740 1632 3797; x_wconf 89' lang='lat' dir='ltr'><strong>est</strong></span> 
     </span>
     <span class='ocr_line' id='line_1_30' title="bbox 437 3836 1632 3923; baseline 0 -22"><span class='ocrx_word' id='word_1_241' title='bbox 437 3838 595 3902; x_wconf 88' lang='lat' dir='ltr'><strong>Pallantis</strong></span> <span class='ocrx_word' id='word_1_242' title='bbox 611 3841 768 3922; x_wconf 83' lang='lat' dir='ltr'><strong>gravitas,</strong></span> <span class='ocrx_word' id='word_1_243' title='bbox 782 3841 838 3923; x_wconf 94' lang='lat' dir='ltr'><strong>qui</strong></span> <span class='ocrx_word' id='word_1_244' title='bbox 849 3841 881 3903; x_wconf 92' lang='lat' dir='ltr'><strong>in</strong></span> <span class='ocrx_word' id='word_1_245' title='bbox 894 3839 954 3902; x_wconf 90' lang='lat' dir='ltr'><strong>boc</strong></span> <span class='ocrx_word' id='word_1_246' title='bbox 965 3836 1239 3902; x_wconf 89' lang='lat' dir='ltr'><strong>senatusconsulto</strong></span> <span class='ocrx_word' id='word_1_247' title='bbox 1251 3839 1424 3922; x_wconf 92' lang='lat' dir='ltr'><strong>promendo</strong></span> <span class='ocrx_word' id='word_1_248' title='bbox 1438 3842 1632 3923; x_wconf 89' lang='lat' dir='ltr'><strong>magistrum</strong></span> 
     </span>
     <span class='ocr_line' id='line_1_31' title="bbox 437 3942 1632 4028; baseline 0 -21"><span class='ocrx_word' id='word_1_249' title='bbox 437 3964 535 4007; x_wconf 92' lang='lat' dir='ltr'><strong>suum</strong></span> <span class='ocrx_word' id='word_1_250' title='bbox 562 3942 693 4006; x_wconf 85' lang='lat' dir='ltr'><strong>adiuvat</strong></span> <span class='ocrx_word' id='word_1_251' title='bbox 716 3950 748 4007; x_wconf 92' lang='lat' dir='ltr'><strong>et</strong></span> <span class='ocrx_word' id='word_1_252' title='bbox 770 3965 828 4028; x_wconf 91' lang='lat' dir='ltr'><strong>pro</strong></span> <span class='ocrx_word' id='word_1_253' title='bbox 852 3943 910 4007; x_wconf 94' lang='lat' dir='ltr'><strong>illa</strong></span> <span class='ocrx_word' id='word_1_254' title='bbox 933 3964 1028 4027; x_wconf 89' lang='lat' dir='ltr'><strong>opera</strong></span> <span class='ocrx_word' id='word_1_255' title='bbox 1051 3964 1069 4007; x_wconf 92' lang='lat' dir='ltr'><strong>a</strong></span> <span class='ocrx_word' id='word_1_256' title='bbox 1092 3943 1264 4008; x_wconf 85' lang='lat' dir='ltr'><strong>servilibus</strong></span> <span class='ocrx_word' id='word_1_257' title='bbox 1284 3945 1483 4007; x_wconf 89' lang='lat' dir='ltr'><strong>senatoribus</strong></span> <span class='ocrx_word' id='word_1_258' title='bbox 1503 3965 1632 4008; x_wconf 89' lang='lat' dir='ltr'><strong>summo</strong></span> 
     </span>
     <span class='ocr_line' id='line_1_32' title="bbox 435 4047 1632 4114; baseline -0.002 -1"><span class='ocrx_word' id='word_1_259' title='bbox 435 4049 577 4113; x_wconf 85' lang='lat' dir='ltr'><strong>afficitur</strong></span> <span class='ocrx_word' id='word_1_260' title='bbox 611 4048 735 4113; x_wconf 89' lang='lat' dir='ltr'><strong>honore.</strong></span> <span class='ocrx_word' id='word_1_261' title='bbox 771 4048 905 4114; x_wconf 83' lang='lat' dir='ltr'><strong>Subesse</strong></span> <span class='ocrx_word' id='word_1_262' title='bbox 940 4047 1120 4112; x_wconf 90' lang='lat' dir='ltr'><strong>incredibili</strong></span> <span class='ocrx_word' id='word_1_263' title='bbox 1153 4051 1327 4112; x_wconf 89' lang='lat' dir='ltr'><strong>narrationi</strong></span> <span class='ocrx_word' id='word_1_264' title='bbox 1358 4049 1438 4112; x_wconf 92' lang='lat' dir='ltr'><strong>hanc</strong></span> <span class='ocrx_word' id='word_1_265' title='bbox 1464 4052 1632 4112; x_wconf 89' lang='lat' dir='ltr'><strong>veritatem</strong></span> 
     </span>
     <span class='ocr_line' id='line_1_33' title="bbox 434 4150 1633 4237; baseline -0.003 -18"><span class='ocrx_word' id='word_1_266' title='bbox 434 4156 591 4237; x_wconf 89' lang='lat' dir='ltr'><strong>suspicor.</strong></span> <span class='ocrx_word' id='word_1_267' title='bbox 625 4154 697 4217; x_wconf 90' lang='lat' dir='ltr'><strong>Non</strong></span> <span class='ocrx_word' id='word_1_268' title='bbox 727 4156 903 4217; x_wconf 74' lang='grc'><strong>1111111111</strong></span> <span class='ocrx_word' id='word_1_269' title='bbox 934 4153 1057 4215; x_wconf 79' lang='lat' dir='ltr'><strong>libidini</strong></span> <span class='ocrx_word' id='word_1_270' title='bbox 1080 4153 1393 4217; x_wconf 90' lang='lat' dir='ltr'><strong>senatusconsultum</strong></span> <span class='ocrx_word' id='word_1_271' title='bbox 1419 4150 1633 4219; x_wconf 82' lang='lat' dir='ltr'><strong>Claudianum</strong></span> 
     </span>
     <span class='ocr_line' id='line_1_34' title="bbox 432 4257 1632 4343; baseline -0.003 -20"><span class='ocrx_word' id='word_1_272' title='bbox 432 4258 651 4332; x_wconf 81' lang='lat' dir='ltr'><strong>inserviebat,</strong></span> <span class='ocrx_word' id='word_1_273' title='bbox 682 4257 736 4322; x_wconf 94' lang='lat' dir='ltr'><strong>sed</strong></span> <span class='ocrx_word' id='word_1_274' title='bbox 767 4259 980 4323; x_wconf 89' lang='lat' dir='ltr'><strong>dirimebatur</strong></span> <span class='ocrx_word' id='word_1_275' title='bbox 1009 4279 1045 4322; x_wconf 92' lang='lat' dir='ltr'><strong>eo</strong></span> <span class='ocrx_word' id='word_1_276' title='bbox 1075 4261 1290 4322; x_wconf 89' lang='lat' dir='ltr'><strong>controversia</strong></span> <span class='ocrx_word' id='word_1_277' title='bbox 1321 4258 1476 4343; x_wconf 88' lang='lat' dir='ltr'><strong>quaedam</strong></span> <span class='ocrx_word' id='word_1_278' title='bbox 1506 4261 1632 4342; x_wconf 87' lang='lat' dir='ltr'><strong>saepius</strong></span> 
     </span>
     <span class='ocr_line' id='line_1_35' title="bbox 430 4362 1632 4449; baseline -0.002 -21"><span class='ocrx_word' id='word_1_279' title='bbox 430 4369 519 4429; x_wconf 88' lang='lat' dir='ltr'><strong>iuter</strong></span> <span class='ocrx_word' id='word_1_280' title='bbox 552 4362 659 4427; x_wconf 91' lang='lat' dir='ltr'><strong>doctos</strong></span> <span class='ocrx_word' id='word_1_281' title='bbox 691 4367 814 4449; x_wconf 89' lang='lat' dir='ltr'><strong>agitata</strong></span> <span class='ocrx_word' id='word_1_282' title='bbox 844 4362 1106 4428; x_wconf 88' lang='lat' dir='ltr'><strong>iurisconsultos:</strong></span> <span class='ocrx_word' id='word_1_283' title='bbox 1140 4384 1243 4426; x_wconf 91' lang='lat' dir='ltr'><strong>nonne</strong></span> <span class='ocrx_word' id='word_1_284' title='bbox 1279 4363 1339 4427; x_wconf 93' lang='lat' dir='ltr'><strong>hoc</strong></span> <span class='ocrx_word' id='word_1_285' title='bbox 1371 4364 1434 4426; x_wconf 88' lang='lat' dir='ltr'><strong>fuit</strong></span> <span class='ocrx_word' id='word_1_286' title='bbox 1464 4366 1632 4447; x_wconf 85' lang='lat' dir='ltr'><strong>negotium</strong></span> 
     </span>
     <span class='ocr_line' id='line_1_36' title="bbox 432 4465 1633 4554; baseline -0.003 -21"><span class='ocrx_word' id='word_1_287' title='bbox 432 4470 576 4554; x_wconf 91' lang='lat' dir='ltr'><strong>dignum</strong></span> <span class='ocrx_word' id='word_1_288' title='bbox 610 4465 744 4532; x_wconf 82' lang='lat' dir='ltr'><strong>Claudio</strong></span> <span class='ocrx_word' id='word_1_289' title='bbox 775 4475 900 4544; x_wconf 88' lang='lat' dir='ltr'><strong>nostro,</strong></span> <span class='ocrx_word' id='word_1_290' title='bbox 922 4468 1014 4532; x_wconf 90' lang='lat' dir='ltr'><strong>docto</strong></span> <span class='ocrx_word' id='word_1_291' title='bbox 1038 4470 1219 4550; x_wconf 90' lang='lat' dir='ltr'><strong>antiquario</strong></span> <span class='ocrx_word' id='word_1_292' title='bbox 1243 4474 1275 4531; x_wconf 91' lang='grc'><strong>11</strong></span> <span class='ocrx_word' id='word_1_293' title='bbox 1299 4468 1457 4532; x_wconf 91' lang='lat' dir='ltr'><strong>eiusmodi</strong></span> <span class='ocrx_word' id='word_1_294' title='bbox 1481 4467 1633 4551; x_wconf 90' lang='lat' dir='ltr'><strong>discepta-</strong></span> 
     </span>
     <span class='ocr_line' id='line_1_37' title="bbox 431 4569 1633 4639; baseline -0.005 0"><span class='ocrx_word' id='word_1_295' title='bbox 431 4579 565 4639; x_wconf 88' lang='lat' dir='ltr'><strong>tionum</strong></span> <span class='ocrx_word' id='word_1_296' title='bbox 589 4571 830 4638; x_wconf 83' lang='lat' dir='ltr'><strong>amantissimo?</strong></span> <span class='ocrx_word' id='word_1_297' title='bbox 855 4571 947 4639; x_wconf 81' lang='lat' dir='ltr'><strong>Certe</strong></span> <span class='ocrx_word' id='word_1_298' title='bbox 967 4572 1005 4636; x_wconf 88' lang='lat' dir='ltr'><strong>de</strong></span> <span class='ocrx_word' id='word_1_299' title='bbox 1027 4571 1326 4637; x_wconf 71' lang='lat' dir='ltr'><strong>senatusconsulto</strong></span> <span class='ocrx_word' id='word_1_300' title='bbox 1347 4569 1521 4638; x_wconf 82' lang='lat' dir='ltr'><strong>Claudiano</strong></span> <span class='ocrx_word' id='word_1_301' title='bbox 1542 4574 1633 4634; x_wconf 74' lang='lat' dir='ltr'><strong>iuris</strong></span> 
     </span>
     <span class='ocr_line' id='line_1_38' title="bbox 429 4676 1632 4762; baseline -0.006 -17"><span class='ocrx_word' id='word_1_302' title='bbox 429 4676 574 4745; x_wconf 86' lang='lat' dir='ltr'><strong>consulti</strong></span> <span class='ocrx_word' id='word_1_303' title='bbox 605 4684 714 4760; x_wconf 91' lang='lat' dir='ltr'><strong>postea</strong></span> <span class='ocrx_word' id='word_1_304' title='bbox 744 4680 978 4761; x_wconf 90' lang='lat' dir='ltr'><strong>spinosissimas</strong></span> <span class='ocrx_word' id='word_1_305' title='bbox 1008 4676 1212 4761; x_wconf 90' lang='lat' dir='ltr'><strong>protulerunt</strong></span> <span class='ocrx_word' id='word_1_306' title='bbox 1243 4679 1404 4762; x_wconf 87' lang='lat' dir='ltr'><strong>argutias;</strong></span> <span class='ocrx_word' id='word_1_307' title='bbox 1438 4684 1470 4740; x_wconf 89' lang='lat' dir='ltr'><strong>at</strong></span> <span class='ocrx_word' id='word_1_308' title='bbox 1493 4685 1632 4739; x_wconf 90' lang='lat' dir='ltr'><strong>senatus·</strong></span> 
     </span>
    </p>
   </div>
   <div class='ocr_carea' id='block_1_3' title="bbox 431 4781 1633 4947">
    <p class='ocr_par' dir='ltr' id='par_1_6' title="bbox 431 4781 1633 4947">
     <span class='ocr_line' id='line_1_39' title="bbox 431 4781 1633 4866; baseline -0.005 -17"><span class='ocrx_word' id='word_1_309' title='bbox 431 4781 638 4857; x_wconf 86' lang='lat' dir='ltr'><strong>consultum,</strong></span> <span class='ocrx_word' id='word_1_310' title='bbox 659 4782 741 4866; x_wconf 92' lang='lat' dir='ltr'><strong>quod</strong></span> <span class='ocrx_word' id='word_1_311' title='bbox 763 4782 814 4847; x_wconf 92' lang='lat' dir='ltr'><strong>illi</strong></span> <span class='ocrx_word' id='word_1_312' title='bbox 833 4785 1071 4848; x_wconf 88' lang='lat' dir='ltr'><strong>commentariis</strong></span> <span class='ocrx_word' id='word_1_313' title='bbox 1088 4782 1260 4864; x_wconf 86' lang='lat' dir='ltr'><strong>illustrant,</strong></span> <span class='ocrx_word' id='word_1_314' title='bbox 1275 4783 1313 4845; x_wconf 88' lang='lat' dir='ltr'><strong>ad</strong></span> <span class='ocrx_word' id='word_1_315' title='bbox 1326 4783 1483 4845; x_wconf 82' lang='lat' dir='ltr'><strong>liberorum</strong></span> <span class='ocrx_word' id='word_1_316' title='bbox 1497 4785 1633 4866; x_wconf 88' lang='lat' dir='ltr'><strong>pertinet</strong></span> 
     </span>
     <span class='ocr_line' id='line_1_40' title="bbox 1491 4899 1507 4947; baseline 0 0"><span class='ocrx_word' id='word_1_317' title='bbox 1491 4899 1507 4947; x_wconf 89' lang='lat' dir='ltr'><strong>e</strong></span> 
     </span>
    </p>
   </div>
   <div class='ocr_carea' id='block_1_4' title="bbox 0 0 2268 5940">
    <p class='ocr_par' dir='ltr' id='par_1_7' title="bbox 0 0 2268 5940">
     <span class='ocr_line' id='line_1_41' title="bbox 0 0 2268 5940; baseline 0 0"><span class='ocrx_word' id='word_1_318' title='bbox 0 0 2268 5940; x_wconf 95' lang='lat' dir='ltr'><strong> </strong></span> 
     </span>
    </p>
   </div>
  </div>
 </body>
</html>
