<?xml version="1.0" encoding="UTF-8"?>
<!DOCTYPE html PUBLIC "-//W3C//DTD XHTML 1.0 Transitional//EN"
    "http://www.w3.org/TR/xhtml1/DTD/xhtml1-transitional.dtd">
<html xmlns="http://www.w3.org/1999/xhtml" xml:lang="en" lang="en">
 <head>
  <title>
</title>
<meta http-equiv="Content-Type" content="text/html;charset=utf-8" />
  <meta name='ocr-system' content='tesseract 3.04.00' />
  <meta name='ocr-capabilities' content='ocr_page ocr_carea ocr_par ocr_line ocrx_word'/>
</head>
<body>
  <div class='ocr_page' id='page_1' title='image "./mnemosyne07verdgoog_0350.png"; bbox 0 0 4525 5950; ppageno 0'>
   <div class='ocr_carea' id='block_1_1' title="bbox 539 669 1198 738">
    <p class='ocr_par' dir='ltr' id='par_1_1' title="bbox 539 669 1198 738">
     <span class='ocr_line' id='line_1_1' title="bbox 539 669 1198 738; baseline -0.008 -1"><span class='ocrx_word' id='word_1_1' title='bbox 539 669 606 738; x_wconf 73' lang='grc'>828</span> <span class='ocrx_word' id='word_1_2' title='bbox 1056 686 1198 736; x_wconf 75' lang='lat' dir='ltr'>ruorrrs.</span> 
     </span>
    </p>
   </div>
   <div class='ocr_carea' id='block_1_2' title="bbox 530 848 1727 4865">
    <p class='ocr_par' dir='ltr' id='par_1_2' title="bbox 536 848 1725 1471">
     <span class='ocr_line' id='line_1_2' title="bbox 537 848 1721 938; baseline -0.003 -21"><span class='ocrx_word' id='word_1_3' title='bbox 537 874 609 938; x_wconf 90' lang='lat' dir='ltr'>pars</span> <span class='ocrx_word' id='word_1_4' title='bbox 640 873 676 917; x_wconf 89' lang='lat' dir='ltr'>eo</span> <span class='ocrx_word' id='word_1_5' title='bbox 708 854 751 916; x_wconf 87' lang='lat' dir='ltr'>sit</span> <span class='ocrx_word' id='word_1_6' title='bbox 780 850 941 916; x_wconf 91' lang='lat' dir='ltr'>referenda</span> <span class='ocrx_word' id='word_1_7' title='bbox 971 871 1034 915; x_wconf 90' lang='lat' dir='ltr'>non</span> <span class='ocrx_word' id='word_1_8' title='bbox 1064 850 1175 926; x_wconf 78' lang='lat' dir='ltr'>video,</span> <span class='ocrx_word' id='word_1_9' title='bbox 1207 871 1308 936; x_wconf 91' lang='lat' dir='ltr'>neque</span> <span class='ocrx_word' id='word_1_10' title='bbox 1339 871 1377 915; x_wconf 88' lang='lat' dir='ltr'>ex</span> <span class='ocrx_word' id='word_1_11' title='bbox 1400 852 1479 935; x_wconf 86' lang='lat' dir='ltr'>lpsla</span> <span class='ocrx_word' id='word_1_12' title='bbox 1502 850 1610 915; x_wconf 82' lang='lat' dir='ltr'>varbls</span> <span class='ocrx_word' id='word_1_13' title='bbox 1633 848 1721 914; x_wconf 81' lang='lat' dir='ltr'>facila</span> 
     </span>
     <span class='ocr_line' id='line_1_3' title="bbox 536 956 1722 1043; baseline -0.003 -20"><span class='ocrx_word' id='word_1_14' title='bbox 536 959 651 1024; x_wconf 89' lang='lat' dir='ltr'>efficias</span> <span class='ocrx_word' id='word_1_15' title='bbox 670 958 927 1043; x_wconf 68' lang='lat' dir='ltr'><em>propinquitatem</em></span> <span class='ocrx_word' id='word_1_16' title='bbox 951 957 986 1019; x_wconf 91' lang='lat' dir='ltr'>ab</span> <span class='ocrx_word' id='word_1_17' title='bbox 1009 957 1079 1020; x_wconf 88' lang='lat' dir='ltr'>arbe</span> <span class='ocrx_word' id='word_1_18' title='bbox 1101 957 1197 1020; x_wconf 77' lang='lat' dir='ltr'>Roma</span> <span class='ocrx_word' id='word_1_19' title='bbox 1220 959 1364 1043; x_wconf 84' lang='lat' dir='ltr'>cogitari.</span> <span class='ocrx_word' id='word_1_20' title='bbox 1388 956 1500 1022; x_wconf 82' lang='lat' dir='ltr'><strong>Nonne</strong></span> <span class='ocrx_word' id='word_1_21' title='bbox 1523 959 1655 1041; x_wconf 88' lang='lat' dir='ltr'>utrique</span> <span class='ocrx_word' id='word_1_22' title='bbox 1678 958 1722 1020; x_wconf 92' lang='lat' dir='ltr'>in·</span> 
     </span>
     <span class='ocr_line' id='line_1_4' title="bbox 536 1059 1722 1149; baseline -0.004 -19"><span class='ocrx_word' id='word_1_23' title='bbox 536 1064 702 1131; x_wconf 92' lang='lat' dir='ltr'>commodo</span> <span class='ocrx_word' id='word_1_24' title='bbox 725 1063 887 1129; x_wconf 88' lang='lat' dir='ltr'>lenissima</span> <span class='ocrx_word' id='word_1_25' title='bbox 910 1064 1102 1149; x_wconf 76' lang='lat' dir='ltr'>prospicitur</span> <span class='ocrx_word' id='word_1_26' title='bbox 1123 1061 1265 1139; x_wconf 86' lang='lat' dir='ltr'>medela,</span> <span class='ocrx_word' id='word_1_27' title='bbox 1285 1065 1313 1126; x_wconf 89' lang='lat' dir='ltr'>si</span> <span class='ocrx_word' id='word_1_28' title='bbox 1332 1063 1422 1147; x_wconf 65' lang='lat' dir='ltr'>rrjs&#39;reei</span> <span class='ocrx_word' id='word_1_29' title='bbox 1440 1059 1604 1148; x_wconf 78' lang='lat' dir='ltr'>legimus?</span> <span class='ocrx_word' id='word_1_30' title='bbox 1629 1061 1722 1139; x_wconf 85' lang='lat' dir='ltr'>Rari,</span> 
     </span>
     <span class='ocr_line' id='line_1_5' title="bbox 536 1167 1723 1257; baseline -0.004 -20"><span class='ocrx_word' id='word_1_31' title='bbox 536 1171 662 1256; x_wconf 74' lang='lat' dir='ltr'>Tiberio</span> <span class='ocrx_word' id='word_1_32' title='bbox 684 1174 877 1257; x_wconf 87' lang='lat' dir='ltr'>imperante,</span> <span class='ocrx_word' id='word_1_33' title='bbox 898 1172 931 1233; x_wconf 91' lang='lat' dir='ltr'>in</span> <span class='ocrx_word' id='word_1_34' title='bbox 950 1172 1020 1254; x_wconf 90' lang='lat' dir='ltr'>ipsa</span> <span class='ocrx_word' id='word_1_35' title='bbox 1038 1170 1116 1234; x_wconf 90' lang='lat' dir='ltr'>urbe</span> <span class='ocrx_word' id='word_1_36' title='bbox 1137 1170 1267 1234; x_wconf 88' lang='lat' dir='ltr'>fuerunt</span> <span class='ocrx_word' id='word_1_37' title='bbox 1284 1167 1501 1256; x_wconf 76' lang='lat' dir='ltr'>gladiatorum</span> <span class='ocrx_word' id='word_1_38' title='bbox 1521 1167 1608 1245; x_wconf 90' lang='lat' dir='ltr'>ludi,</span> <span class='ocrx_word' id='word_1_39' title='bbox 1629 1187 1723 1252; x_wconf 81' lang='lat' dir='ltr'>ergo,</span> 
     </span>
     <span class='ocr_line' id='line_1_6' title="bbox 536 1274 1725 1362; baseline -0.007 -16"><span class='ocrx_word' id='word_1_40' title='bbox 536 1302 610 1346; x_wconf 88' lang='lat' dir='ltr'>cum</span> <span class='ocrx_word' id='word_1_41' title='bbox 646 1285 713 1343; x_wconf 91' lang='lat' dir='ltr'>tam</span> <span class='ocrx_word' id='word_1_42' title='bbox 743 1298 840 1362; x_wconf 83' lang='lat' dir='ltr'>prope</span> <span class='ocrx_word' id='word_1_43' title='bbox 871 1277 984 1341; x_wconf 89' lang='lat' dir='ltr'>urbem</span> <span class='ocrx_word' id='word_1_44' title='bbox 1013 1275 1170 1341; x_wconf 90' lang='lat' dir='ltr'>eiusmodi</span> <span class='ocrx_word' id='word_1_45' title='bbox 1202 1275 1385 1361; x_wconf 87' lang='lat' dir='ltr'>spectacula</span> <span class='ocrx_word' id='word_1_46' title='bbox 1415 1275 1601 1353; x_wconf 78' lang='lat' dir='ltr'>edebantur,</span> <span class='ocrx_word' id='word_1_47' title='bbox 1633 1274 1725 1340; x_wconf 86' lang='lat' dir='ltr'>avida</span> 
     </span>
     <span class='ocr_line' id='line_1_7' title="bbox 536 1382 1064 1471; baseline -0.009 -20"><span class='ocrx_word' id='word_1_48' title='bbox 536 1385 624 1471; x_wconf 91' lang='lat' dir='ltr'>plebs</span> <span class='ocrx_word' id='word_1_49' title='bbox 649 1406 666 1450; x_wconf 91' lang='lat' dir='ltr'>e</span> <span class='ocrx_word' id='word_1_50' title='bbox 690 1390 757 1450; x_wconf 91' lang='lat' dir='ltr'>tota</span> <span class='ocrx_word' id='word_1_51' title='bbox 780 1383 858 1448; x_wconf 90' lang='lat' dir='ltr'>urbe</span> <span class='ocrx_word' id='word_1_52' title='bbox 882 1403 918 1447; x_wconf 85' lang='lat' dir='ltr'>eo</span> <span class='ocrx_word' id='word_1_53' title='bbox 942 1382 1064 1447; x_wconf 89' lang='lat' dir='ltr'>ruebat.</span> 
     </span>
    </p>

    <p class='ocr_par' dir='ltr' id='par_1_3' title="bbox 535 1487 1727 2318">
     <span class='ocr_line' id='line_1_8' title="bbox 581 1487 1725 1576; baseline -0.004 -20"><span class='ocrx_word' id='word_1_54' title='bbox 581 1491 617 1556; x_wconf 93' lang='lat' dir='ltr'>In</span> <span class='ocrx_word' id='word_1_55' title='bbox 653 1489 911 1576; x_wconf 82' lang='lat' dir='ltr'>praecedentibus</span> <span class='ocrx_word' id='word_1_56' title='bbox 941 1488 1100 1552; x_wconf 81' lang='lat' dir='ltr'>celebraret</span> <span class='ocrx_word' id='word_1_57' title='bbox 1131 1510 1260 1573; x_wconf 89' lang='lat' dir='ltr'>prorsus</span> <span class='ocrx_word' id='word_1_58' title='bbox 1290 1488 1377 1553; x_wconf 88' lang='lat' dir='ltr'>idem</span> <span class='ocrx_word' id='word_1_59' title='bbox 1408 1487 1607 1575; x_wconf 79' lang='lat' dir='ltr'>significare,</span> <span class='ocrx_word' id='word_1_60' title='bbox 1642 1487 1725 1572; x_wconf 89' lang='lat' dir='ltr'>quod</span> 
     </span>
     <span class='ocr_line' id='line_1_9' title="bbox 536 1592 1725 1678; baseline -0.004 -16"><span class='ocrx_word' id='word_1_61' title='bbox 536 1600 651 1674; x_wconf 83' lang='lat' dir='ltr'>ederet,</span> <span class='ocrx_word' id='word_1_62' title='bbox 670 1598 836 1662; x_wconf 83' lang='lat' dir='ltr'>verissime</span> <span class='ocrx_word' id='word_1_63' title='bbox 856 1599 989 1658; x_wconf 90' lang='lat' dir='ltr'>annotat</span> <span class='ocrx_word' id='word_1_64' title='bbox 1008 1593 1194 1670; x_wconf 83' lang='lat' dir='ltr'>Furneaux,</span> <span class='ocrx_word' id='word_1_65' title='bbox 1214 1594 1268 1659; x_wconf 90' lang='lat' dir='ltr'>sed</span> <span class='ocrx_word' id='word_1_66' title='bbox 1288 1615 1390 1659; x_wconf 88' lang='lat' dir='ltr'>nonne</span> <span class='ocrx_word' id='word_1_67' title='bbox 1409 1593 1583 1659; x_wconf 85' lang='lat' dir='ltr'>admodum</span> <span class='ocrx_word' id='word_1_68' title='bbox 1603 1592 1725 1678; x_wconf 82' lang='lat' dir='ltr'>puerile</span> 
     </span>
     <span class='ocr_line' id='line_1_10' title="bbox 536 1699 1727 1786; baseline -0.005 -17"><span class='ocrx_word' id='word_1_69' title='bbox 536 1710 585 1769; x_wconf 90' lang='lat' dir='ltr'>est</span> <span class='ocrx_word' id='word_1_70' title='bbox 608 1704 714 1768; x_wconf 80' lang='lat' dir='ltr'>verbis</span> <span class='ocrx_word' id='word_1_71' title='bbox 738 1707 837 1784; x_wconf 82' lang='lat' dir='ltr'>coepto</span> <span class='ocrx_word' id='word_1_72' title='bbox 861 1700 1078 1783; x_wconf 79' lang='lat' dir='ltr'>areptitbeatro</span> <span class='ocrx_word' id='word_1_73' title='bbox 1103 1707 1284 1765; x_wconf 85' lang='lat' dir='ltr'>annectere:</span> <span class='ocrx_word' id='word_1_74' title='bbox 1311 1721 1394 1785; x_wconf 92' lang='lat' dir='ltr'>„quo</span> <span class='ocrx_word' id='word_1_75' title='bbox 1418 1699 1640 1786; x_wconf 82' lang='lat' dir='ltr'>spectaculum</span> <span class='ocrx_word' id='word_1_76' title='bbox 1660 1699 1727 1786; x_wconf 83' lang='lat' dir='ltr'>gla-</span> 
     </span>
     <span class='ocr_line' id='line_1_11' title="bbox 535 1803 1726 1891; baseline -0.005 -19"><span class='ocrx_word' id='word_1_77' title='bbox 535 1808 697 1874; x_wconf 90' lang='lat' dir='ltr'>diatorum</span> <span class='ocrx_word' id='word_1_78' title='bbox 728 1806 899 1872; x_wconf 89' lang='lat' dir='ltr'>celebraret</span> <span class='ocrx_word' id='word_1_79' title='bbox 931 1804 997 1884; x_wconf 84' lang='lat' dir='ltr'>(vel</span> <span class='ocrx_word' id='word_1_80' title='bbox 1027 1805 1160 1883; x_wconf 84' lang='lat' dir='ltr'>ederet)&#39;&#39;</span> <span class='ocrx_word' id='word_1_81' title='bbox 1193 1814 1360 1891; x_wconf 90' lang='lat' dir='ltr'>tamquam</span> <span class='ocrx_word' id='word_1_82' title='bbox 1392 1807 1421 1870; x_wconf 86' lang='lat' dir='ltr'>si</span> <span class='ocrx_word' id='word_1_83' title='bbox 1451 1827 1514 1870; x_wconf 90' lang='lat' dir='ltr'>non</span> <span class='ocrx_word' id='word_1_84' title='bbox 1537 1803 1622 1869; x_wconf 88' lang='lat' dir='ltr'>illud</span> <span class='ocrx_word' id='word_1_85' title='bbox 1646 1808 1726 1870; x_wconf 88' lang='lat' dir='ltr'>esset</span> 
     </span>
     <span class='ocr_line' id='line_1_12' title="bbox 535 1910 1725 1998; baseline -0.005 -18"><span class='ocrx_word' id='word_1_86' title='bbox 535 1918 680 1981; x_wconf 89' lang='lat' dir='ltr'>omnium</span> <span class='ocrx_word' id='word_1_87' title='bbox 704 1913 1013 1998; x_wconf 87' lang='lat' dir='ltr'>amphitheatrorum</span> <span class='ocrx_word' id='word_1_88' title='bbox 1036 1911 1262 1976; x_wconf 85' lang='lat' dir='ltr'>struendarum</span> <span class='ocrx_word' id='word_1_89' title='bbox 1282 1910 1452 1977; x_wconf 86' lang='lat' dir='ltr'>consilium</span> <span class='ocrx_word' id='word_1_90' title='bbox 1473 1913 1725 1976; x_wconf 86' lang='lat' dir='ltr'>usitatissimum</span> 
     </span>
     <span class='ocr_line' id='line_1_13' title="bbox 536 2016 1726 2108; baseline -0.007 -22"><span class='ocrx_word' id='word_1_91' title='bbox 536 2016 885 2108; x_wconf 77' lang='lat' dir='ltr'>vulgatissimumquel</span> <span class='ocrx_word' id='word_1_92' title='bbox 915 2017 1072 2103; x_wconf 79' lang='lat' dir='ltr'>Equidem</span> <span class='ocrx_word' id='word_1_93' title='bbox 1105 2024 1177 2103; x_wconf 93' lang='lat' dir='ltr'>post</span> <span class='ocrx_word' id='word_1_94' title='bbox 1208 2040 1264 2103; x_wconf 89' lang='lat' dir='ltr'>qao</span> <span class='ocrx_word' id='word_1_95' title='bbox 1296 2018 1448 2082; x_wconf 85' lang='lat' dir='ltr'>excidisse</span> <span class='ocrx_word' id='word_1_96' title='bbox 1476 2018 1615 2083; x_wconf 89' lang='lat' dir='ltr'>arbitror</span> <span class='ocrx_word' id='word_1_97' title='bbox 1639 2017 1726 2081; x_wconf 72' lang='lat' dir='ltr'>eitiu</span> 
     </span>
     <span class='ocr_line' id='line_1_14' title="bbox 536 2122 1723 2209; baseline -0.003 -17"><span class='ocrx_word' id='word_1_98' title='bbox 536 2127 588 2192; x_wconf 81' lang='lat' dir='ltr'>vel</span> <span class='ocrx_word' id='word_1_99' title='bbox 618 2126 760 2202; x_wconf 80' lang='lat' dir='ltr'>celeriore,</span> <span class='ocrx_word' id='word_1_100' title='bbox 793 2122 952 2190; x_wconf 90' lang='lat' dir='ltr'>utillud:</span> <span class='ocrx_word' id='word_1_101' title='bbox 977 2147 1032 2209; x_wconf 89' lang='lat' dir='ltr'>qao</span> <span class='ocrx_word' id='word_1_102' title='bbox 1056 2123 1147 2186; x_wconf 81' lang='lat' dir='ltr'>citior</span> <span class='ocrx_word' id='word_1_103' title='bbox 1162 2160 1202 2170; x_wconf 94' lang='lat'>—</span> <span class='ocrx_word' id='word_1_104' title='bbox 1217 2124 1376 2187; x_wconf 84' lang='lat' dir='ltr'>celebraret</span> <span class='ocrx_word' id='word_1_105' title='bbox 1400 2145 1474 2188; x_wconf 89' lang='lat' dir='ltr'>cum</span> <span class='ocrx_word' id='word_1_106' title='bbox 1499 2124 1723 2208; x_wconf 86' lang='lat' dir='ltr'>sequentibus,</span> 
     </span>
     <span class='ocr_line' id='line_1_15' title="bbox 535 2230 1446 2318; baseline -0.002 -21"><span class='ocrx_word' id='word_1_107' title='bbox 535 2235 651 2318; x_wconf 89' lang='lat' dir='ltr'>quibus</span> <span class='ocrx_word' id='word_1_108' title='bbox 675 2235 736 2296; x_wconf 87' lang='lat' dir='ltr'>viri</span> <span class='ocrx_word' id='word_1_109' title='bbox 760 2232 922 2296; x_wconf 77' lang='lat' dir='ltr'>festinatio</span> <span class='ocrx_word' id='word_1_110' title='bbox 946 2230 1145 2305; x_wconf 86' lang='lat' dir='ltr'>describitur,</span> <span class='ocrx_word' id='word_1_111' title='bbox 1171 2233 1214 2294; x_wconf 93' lang='lat' dir='ltr'>sit</span> <span class='ocrx_word' id='word_1_112' title='bbox 1235 2230 1446 2317; x_wconf 83' lang='lat' dir='ltr'>iungendum.</span> 
     </span>
    </p>

    <p class='ocr_par' dir='ltr' id='par_1_4' title="bbox 538 2334 1723 2511">
     <span class='ocr_line' id='line_1_16' title="bbox 581 2334 1723 2423; baseline -0.004 -19"><span class='ocrx_word' id='word_1_113' title='bbox 581 2339 627 2403; x_wconf 92' lang='lat' dir='ltr'>De</span> <span class='ocrx_word' id='word_1_114' title='bbox 651 2345 867 2423; x_wconf 86' lang='lat' dir='ltr'>spectatorum</span> <span class='ocrx_word' id='word_1_115' title='bbox 891 2339 924 2400; x_wconf 90' lang='lat' dir='ltr'>in</span> <span class='ocrx_word' id='word_1_116' title='bbox 947 2335 1003 2401; x_wconf 89' lang='lat' dir='ltr'>illo</span> <span class='ocrx_word' id='word_1_117' title='bbox 1026 2335 1264 2421; x_wconf 89' lang='lat' dir='ltr'>amphitheatro</span> <span class='ocrx_word' id='word_1_118' title='bbox 1288 2339 1422 2402; x_wconf 89' lang='lat' dir='ltr'>interitu</span> <span class='ocrx_word' id='word_1_119' title='bbox 1447 2341 1480 2402; x_wconf 91' lang='lat' dir='ltr'>et</span> <span class='ocrx_word' id='word_1_120' title='bbox 1501 2334 1565 2401; x_wconf 90' lang='lat' dir='ltr'>alia</span> <span class='ocrx_word' id='word_1_121' title='bbox 1583 2336 1723 2423; x_wconf 75' lang='lat' dir='ltr'>legimus</span> 
     </span>
     <span class='ocr_line' id='line_1_17' title="bbox 538 2447 688 2511; baseline -0.013 0"><span class='ocrx_word' id='word_1_122' title='bbox 538 2451 571 2511; x_wconf 91' lang='lat' dir='ltr'>et</span> <span class='ocrx_word' id='word_1_123' title='bbox 594 2447 688 2510; x_wconf 90' lang='lat' dir='ltr'>haec:</span> 
     </span>
    </p>

    <p class='ocr_par' dir='ltr' id='par_1_5' title="bbox 535 2549 1724 2933">
     <span class='ocr_line' id='line_1_18' title="bbox 583 2549 1723 2635; baseline -0.001 -21"><span class='ocrx_word' id='word_1_124' title='bbox 583 2549 776 2627; x_wconf 91' lang='lat' dir='ltr'>„miserandi</span> <span class='ocrx_word' id='word_1_125' title='bbox 806 2551 912 2634; x_wconf 81' lang='lat' dir='ltr'>magis</span> <span class='ocrx_word' id='word_1_126' title='bbox 935 2552 990 2623; x_wconf 89' lang='lat' dir='ltr'>(sc.</span> <span class='ocrx_word' id='word_1_127' title='bbox 1015 2569 1111 2633; x_wconf 90' lang='lat' dir='ltr'>quam</span> <span class='ocrx_word' id='word_1_128' title='bbox 1135 2551 1190 2633; x_wconf 91' lang='lat' dir='ltr'>qui</span> <span class='ocrx_word' id='word_1_129' title='bbox 1214 2551 1325 2613; x_wconf 90' lang='lat' dir='ltr'>statim</span> <span class='ocrx_word' id='word_1_130' title='bbox 1348 2554 1424 2613; x_wconf 91' lang='lat' dir='ltr'>sunt</span> <span class='ocrx_word' id='word_1_131' title='bbox 1446 2551 1623 2629; x_wconf 84' lang='lat' dir='ltr'>exstincti),</span> <span class='ocrx_word' id='word_1_132' title='bbox 1648 2570 1723 2635; x_wconf 92' lang='lat' dir='ltr'>quos</span> 
     </span>
     <span class='ocr_line' id='line_1_19' title="bbox 535 2653 1723 2741; baseline -0.002 -21"><span class='ocrx_word' id='word_1_133' title='bbox 535 2656 670 2741; x_wconf 89' lang='lat' dir='ltr'>abrupta</span> <span class='ocrx_word' id='word_1_134' title='bbox 702 2662 792 2740; x_wconf 89' lang='lat' dir='ltr'>parte</span> <span class='ocrx_word' id='word_1_135' title='bbox 822 2656 958 2739; x_wconf 89' lang='lat' dir='ltr'>corporis</span> <span class='ocrx_word' id='word_1_136' title='bbox 988 2653 1129 2719; x_wconf 90' lang='lat' dir='ltr'>nondum</span> <span class='ocrx_word' id='word_1_137' title='bbox 1161 2656 1228 2718; x_wconf 85' lang='lat' dir='ltr'>vita</span> <span class='ocrx_word' id='word_1_138' title='bbox 1259 2654 1441 2720; x_wconf 89' lang='lat' dir='ltr'>deseruerat</span> <span class='ocrx_word' id='word_1_139' title='bbox 1448 2677 1456 2732; x_wconf 93' lang='lat'>;</span> <span class='ocrx_word' id='word_1_140' title='bbox 1482 2658 1538 2740; x_wconf 89' lang='lat' dir='ltr'>qui</span> <span class='ocrx_word' id='word_1_141' title='bbox 1559 2676 1617 2740; x_wconf 89' lang='lat' dir='ltr'>per</span> <span class='ocrx_word' id='word_1_142' title='bbox 1640 2653 1723 2719; x_wconf 90' lang='lat' dir='ltr'>diem</span> 
     </span>
     <span class='ocr_line' id='line_1_20' title="bbox 535 2758 1724 2847; baseline -0.002 -21"><span class='ocrx_word' id='word_1_143' title='bbox 535 2765 623 2838; x_wconf 88' lang='lat' dir='ltr'>visu,</span> <span class='ocrx_word' id='word_1_144' title='bbox 661 2782 717 2847; x_wconf 90' lang='lat' dir='ltr'>per</span> <span class='ocrx_word' id='word_1_145' title='bbox 750 2770 878 2826; x_wconf 86' lang='lat' dir='ltr'>noctem</span> <span class='ocrx_word' id='word_1_146' title='bbox 909 2758 1086 2824; x_wconf 88' lang='lat' dir='ltr'>ululatibus</span> <span class='ocrx_word' id='word_1_147' title='bbox 1117 2765 1149 2824; x_wconf 93' lang='lat' dir='ltr'>et</span> <span class='ocrx_word' id='word_1_148' title='bbox 1178 2762 1306 2845; x_wconf 80' lang='lat' dir='ltr'>gemitu</span> <span class='ocrx_word' id='word_1_149' title='bbox 1337 2763 1490 2846; x_wconf 82' lang='lat' dir='ltr'>coniuges</span> <span class='ocrx_word' id='word_1_150' title='bbox 1521 2768 1579 2825; x_wconf 88' lang='lat' dir='ltr'>aut</span> <span class='ocrx_word' id='word_1_151' title='bbox 1610 2759 1724 2826; x_wconf 87' lang='lat' dir='ltr'>liberos</span> 
     </span>
     <span class='ocr_line' id='line_1_21' title="bbox 535 2866 739 2933; baseline -0.01 -1"><span class='ocrx_word' id='word_1_152' title='bbox 535 2866 739 2933; x_wconf 90' lang='lat' dir='ltr'>noscebant.&#39;&#39;</span> 
     </span>
    </p>

    <p class='ocr_par' dir='ltr' id='par_1_6' title="bbox 530 2970 1724 4525">
     <span class='ocr_line' id='line_1_22' title="bbox 579 2970 1722 3057; baseline -0.002 -19"><span class='ocrx_word' id='word_1_153' title='bbox 579 2975 642 3038; x_wconf 92' lang='lat' dir='ltr'>Pro</span> <span class='ocrx_word' id='word_1_154' title='bbox 672 2974 827 3036; x_wconf 84' lang='lat' dir='ltr'>aoacebaat</span> <span class='ocrx_word' id='word_1_155' title='bbox 856 2970 1031 3057; x_wconf 81' lang='lat' dir='ltr'>legendum</span> <span class='ocrx_word' id='word_1_156' title='bbox 1060 2992 1127 3035; x_wconf 89' lang='lat' dir='ltr'>ease</span> <span class='ocrx_word' id='word_1_157' title='bbox 1149 2971 1307 3051; x_wconf 86' lang='lat' dir='ltr'>poeeebaat</span> <span class='ocrx_word' id='word_1_158' title='bbox 1327 2970 1405 3037; x_wconf 89' lang='lat' dir='ltr'>olim</span> <span class='ocrx_word' id='word_1_159' title='bbox 1429 2970 1566 3051; x_wconf 88' lang='lat' dir='ltr'>(Mnem.</span> <span class='ocrx_word' id='word_1_160' title='bbox 1591 2972 1657 3038; x_wconf 81' lang='lat' dir='ltr'>vol.</span> <span class='ocrx_word' id='word_1_161' title='bbox 1681 2970 1722 3037; x_wconf 81' lang='grc'>22</span> 
     </span>
     <span class='ocr_line' id='line_1_23' title="bbox 531 3078 1724 3165; baseline -0.001 -21"><span class='ocrx_word' id='word_1_162' title='bbox 531 3102 563 3165; x_wconf 92' lang='lat' dir='ltr'>p.</span> <span class='ocrx_word' id='word_1_163' title='bbox 589 3078 668 3159; x_wconf 82' lang='lat'><strong>357)</strong></span> <span class='ocrx_word' id='word_1_164' title='bbox 692 3079 926 3154; x_wconf 88' lang='lat' dir='ltr'>demonstravi,</span> <span class='ocrx_word' id='word_1_165' title='bbox 951 3078 1219 3162; x_wconf 89' lang='lat' dir='ltr'>vehementerque</span> <span class='ocrx_word' id='word_1_166' title='bbox 1242 3099 1311 3143; x_wconf 91' lang='lat' dir='ltr'>eam</span> <span class='ocrx_word' id='word_1_167' title='bbox 1336 3079 1593 3145; x_wconf 86' lang='lat' dir='ltr'>emendationem</span> <span class='ocrx_word' id='word_1_168' title='bbox 1618 3079 1724 3144; x_wconf 90' lang='lat' dir='ltr'>lauda·</span> 
     </span>
     <span class='ocr_line' id='line_1_24' title="bbox 533 3183 1720 3272; baseline -0.001 -23"><span class='ocrx_word' id='word_1_169' title='bbox 533 3189 581 3250; x_wconf 89' lang='lat' dir='ltr'>vit</span> <span class='ocrx_word' id='word_1_170' title='bbox 612 3185 749 3249; x_wconf 88' lang='lat' dir='ltr'>Vlietins</span> <span class='ocrx_word' id='word_1_171' title='bbox 782 3205 890 3260; x_wconf 90' lang='lat' dir='ltr'>meus,</span> <span class='ocrx_word' id='word_1_172' title='bbox 923 3204 985 3268; x_wconf 90' lang='lat' dir='ltr'>quo</span> <span class='ocrx_word' id='word_1_173' title='bbox 1015 3183 1142 3247; x_wconf 87' lang='lat' dir='ltr'>nullum</span> <span class='ocrx_word' id='word_1_174' title='bbox 1169 3187 1245 3248; x_wconf 87' lang='lat' dir='ltr'>novi</span> <span class='ocrx_word' id='word_1_175' title='bbox 1266 3185 1407 3250; x_wconf 89' lang='lat' dir='ltr'>iudicem</span> <span class='ocrx_word' id='word_1_176' title='bbox 1431 3189 1537 3272; x_wconf 80' lang='lat' dir='ltr'>magis</span> <span class='ocrx_word' id='word_1_177' title='bbox 1559 3186 1720 3252; x_wconf 90' lang='lat' dir='ltr'>idoneum.</span> 
     </span>
     <span class='ocr_line' id='line_1_25' title="bbox 532 3290 1723 3376; baseline 0 -20"><span class='ocrx_word' id='word_1_178' title='bbox 532 3293 646 3357; x_wconf 86' lang='lat' dir='ltr'>Postea</span> <span class='ocrx_word' id='word_1_179' title='bbox 681 3292 765 3376; x_wconf 91' lang='lat' dir='ltr'>apud</span> <span class='ocrx_word' id='word_1_180' title='bbox 799 3291 960 3355; x_wconf 88' lang='lat' dir='ltr'>Ritterum</span> <span class='ocrx_word' id='word_1_181' title='bbox 996 3290 1063 3353; x_wconf 85' lang='lat' dir='ltr'>vidi</span> <span class='ocrx_word' id='word_1_182' title='bbox 1104 3293 1170 3354; x_wconf 89' lang='lat' dir='ltr'>iam</span> <span class='ocrx_word' id='word_1_183' title='bbox 1211 3291 1353 3357; x_wconf 85' lang='lat' dir='ltr'>Navium</span> <span class='ocrx_word' id='word_1_184' title='bbox 1397 3291 1483 3357; x_wconf 85' lang='lat' dir='ltr'>idem</span> <span class='ocrx_word' id='word_1_185' title='bbox 1525 3291 1723 3357; x_wconf 80' lang='lat' dir='ltr'>intellexisse</span> 
     </span>
     <span class='ocr_line' id='line_1_26' title="bbox 531 3395 1722 3484; baseline 0 -22"><span class='ocrx_word' id='word_1_186' title='bbox 531 3419 632 3482; x_wconf 91' lang='lat' dir='ltr'>neque</span> <span class='ocrx_word' id='word_1_187' title='bbox 662 3399 724 3481; x_wconf 89' lang='lat' dir='ltr'>ipsi</span> <span class='ocrx_word' id='word_1_188' title='bbox 755 3395 881 3460; x_wconf 88' lang='lat' dir='ltr'>Rittero</span> <span class='ocrx_word' id='word_1_189' title='bbox 913 3416 985 3460; x_wconf 89' lang='lat' dir='ltr'>eam</span> <span class='ocrx_word' id='word_1_190' title='bbox 1008 3395 1177 3480; x_wconf 87' lang='lat' dir='ltr'>displicere</span> <span class='ocrx_word' id='word_1_191' title='bbox 1200 3395 1382 3462; x_wconf 88' lang='lat' dir='ltr'>lectionem.</span> <span class='ocrx_word' id='word_1_192' title='bbox 1407 3396 1468 3463; x_wconf 76' lang='lat' dir='ltr'>&#39;l&#39;ot</span> <span class='ocrx_word' id='word_1_193' title='bbox 1493 3404 1722 3484; x_wconf 89' lang='lat' dir='ltr'>tantorumque</span> 
     </span>
     <span class='ocr_line' id='line_1_27' title="bbox 532 3502 1721 3593; baseline -0.001 -24"><span class='ocrx_word' id='word_1_194' title='bbox 532 3508 674 3569; x_wconf 90' lang='lat' dir='ltr'>virorum</span> <span class='ocrx_word' id='word_1_195' title='bbox 707 3503 807 3566; x_wconf 78' lang='lat' dir='ltr'>fretus</span> <span class='ocrx_word' id='word_1_196' title='bbox 838 3523 991 3566; x_wconf 89' lang='lat' dir='ltr'>consensu</span> <span class='ocrx_word' id='word_1_197' title='bbox 1024 3510 1204 3567; x_wconf 90' lang='lat' dir='ltr'>ceterorum</span> <span class='ocrx_word' id='word_1_198' title='bbox 1234 3502 1411 3569; x_wconf 87' lang='lat' dir='ltr'>calumnias</span> <span class='ocrx_word' id='word_1_199' title='bbox 1441 3526 1504 3569; x_wconf 90' lang='lat' dir='ltr'>non</span> <span class='ocrx_word' id='word_1_200' title='bbox 1528 3525 1721 3593; x_wconf 81' lang='lat' dir='ltr'>magnopere</span> 
     </span>
     <span class='ocr_line' id='line_1_28' title="bbox 533 3607 1720 3698; baseline 0.001 -24"><span class='ocrx_word' id='word_1_201' title='bbox 533 3617 651 3674; x_wconf 88' lang='lat' dir='ltr'>metuo.</span> <span class='ocrx_word' id='word_1_202' title='bbox 685 3607 794 3673; x_wconf 88' lang='lat' dir='ltr'>Unum</span> <span class='ocrx_word' id='word_1_203' title='bbox 825 3608 924 3673; x_wconf 90' lang='lat' dir='ltr'>addo:</span> <span class='ocrx_word' id='word_1_204' title='bbox 955 3608 1108 3695; x_wconf 81' lang='lat' dir='ltr'>vulgatae</span> <span class='ocrx_word' id='word_1_205' title='bbox 1140 3607 1269 3674; x_wconf 88' lang='lat' dir='ltr'>lectioni</span> <span class='ocrx_word' id='word_1_206' title='bbox 1300 3610 1383 3676; x_wconf 90' lang='lat' dir='ltr'>nibil</span> <span class='ocrx_word' id='word_1_207' title='bbox 1414 3632 1481 3677; x_wconf 90' lang='lat' dir='ltr'>esse</span> <span class='ocrx_word' id='word_1_208' title='bbox 1512 3613 1665 3698; x_wconf 88' lang='lat' dir='ltr'>praesidii</span> <span class='ocrx_word' id='word_1_209' title='bbox 1688 3615 1720 3676; x_wconf 93' lang='lat' dir='ltr'>in</span> 
     </span>
     <span class='ocr_line' id='line_1_29' title="bbox 530 3714 1719 3803; baseline 0.002 -23"><span class='ocrx_word' id='word_1_210' title='bbox 530 3717 617 3780; x_wconf 92' lang='lat' dir='ltr'>hisce</span> <span class='ocrx_word' id='word_1_211' title='bbox 649 3714 748 3779; x_wconf 88' lang='lat' dir='ltr'>Plinii</span> <span class='ocrx_word' id='word_1_212' title='bbox 775 3714 845 3799; x_wconf 81' lang='lat' dir='ltr'>(Ep.</span> <span class='ocrx_word' id='word_1_213' title='bbox 870 3714 924 3790; x_wconf 91' lang='lat' dir='ltr'>VI,</span> <span class='ocrx_word' id='word_1_214' title='bbox 949 3715 1005 3793; x_wconf 84' lang='lat'>20)</span> <span class='ocrx_word' id='word_1_215' title='bbox 1034 3715 1156 3779; x_wconf 88' lang='lat' dir='ltr'>verbis:</span> <span class='ocrx_word' id='word_1_216' title='bbox 1183 3717 1336 3791; x_wconf 87' lang='lat' dir='ltr'>„vocibus</span> <span class='ocrx_word' id='word_1_217' title='bbox 1359 3719 1564 3803; x_wconf 88' lang='lat' dir='ltr'>requirebant</span> <span class='ocrx_word' id='word_1_218' title='bbox 1587 3719 1719 3784; x_wconf 83' lang='lat' dir='ltr'>vocibus</span> 
     </span>
     <span class='ocr_line' id='line_1_30' title="bbox 531 3820 1719 3910; baseline 0 -23"><span class='ocrx_word' id='word_1_219' title='bbox 531 3821 762 3887; x_wconf 90' lang='lat' dir='ltr'>noscitabant.”</span> <span class='ocrx_word' id='word_1_220' title='bbox 788 3820 836 3886; x_wconf 92' lang='lat' dir='ltr'>lbi</span> <span class='ocrx_word' id='word_1_221' title='bbox 860 3824 945 3885; x_wconf 88' lang='lat' dir='ltr'>enim</span> <span class='ocrx_word' id='word_1_222' title='bbox 969 3821 1158 3905; x_wconf 82' lang='lat' dir='ltr'>requirebant</span> <span class='ocrx_word' id='word_1_223' title='bbox 1181 3842 1255 3886; x_wconf 90' lang='lat' dir='ltr'>eum</span> <span class='ocrx_word' id='word_1_224' title='bbox 1279 3823 1403 3887; x_wconf 88' lang='lat' dir='ltr'>obtinet</span> <span class='ocrx_word' id='word_1_225' title='bbox 1422 3823 1548 3901; x_wconf 91' lang='lat' dir='ltr'>locum,</span> <span class='ocrx_word' id='word_1_226' title='bbox 1569 3845 1666 3910; x_wconf 90' lang='lat' dir='ltr'>quem</span> <span class='ocrx_word' id='word_1_227' title='bbox 1688 3827 1719 3887; x_wconf 92' lang='lat' dir='ltr'>in</span> 
     </span>
     <span class='ocr_line' id='line_1_31' title="bbox 532 3925 1721 4013; baseline 0.001 -21"><span class='ocrx_word' id='word_1_228' title='bbox 532 3928 699 3993; x_wconf 90' lang='lat' dir='ltr'>emendata</span> <span class='ocrx_word' id='word_1_229' title='bbox 728 3925 831 3991; x_wconf 80' lang='lat' dir='ltr'>Taciti</span> <span class='ocrx_word' id='word_1_230' title='bbox 860 3925 996 3991; x_wconf 87' lang='lat' dir='ltr'>lectione</span> <span class='ocrx_word' id='word_1_231' title='bbox 1025 3928 1194 4009; x_wconf 77' lang='lat' dir='ltr'>poreebaat.</span> <span class='ocrx_word' id='word_1_232' title='bbox 1225 3927 1268 3992; x_wconf 81' lang='lat' dir='ltr'>Et</span> <span class='ocrx_word' id='word_1_233' title='bbox 1298 3929 1382 4013; x_wconf 86' lang='lat' dir='ltr'>apud</span> <span class='ocrx_word' id='word_1_234' title='bbox 1414 3928 1560 3994; x_wconf 89' lang='lat' dir='ltr'>Plinium</span> <span class='ocrx_word' id='word_1_235' title='bbox 1593 3939 1661 3995; x_wconf 88' lang='lat' dir='ltr'>tam</span> <span class='ocrx_word' id='word_1_236' title='bbox 1684 3929 1721 3994; x_wconf 91' lang='lat' dir='ltr'>de</span> 
     </span>
     <span class='ocr_line' id='line_1_32' title="bbox 531 4033 1720 4122; baseline -0.001 -23"><span class='ocrx_word' id='word_1_237' title='bbox 531 4036 647 4099; x_wconf 89' lang='lat' dir='ltr'>sauciis</span> <span class='ocrx_word' id='word_1_238' title='bbox 669 4036 778 4119; x_wconf 79' lang='lat' dir='ltr'>agitur</span> <span class='ocrx_word' id='word_1_239' title='bbox 801 4053 898 4117; x_wconf 88' lang='lat' dir='ltr'>quam</span> <span class='ocrx_word' id='word_1_240' title='bbox 921 4033 959 4097; x_wconf 92' lang='lat' dir='ltr'>de</span> <span class='ocrx_word' id='word_1_241' title='bbox 983 4054 1092 4097; x_wconf 90' lang='lat' dir='ltr'>eorum</span> <span class='ocrx_word' id='word_1_242' title='bbox 1117 4036 1320 4111; x_wconf 89' lang='lat' dir='ltr'>necessariis,</span> <span class='ocrx_word' id='word_1_243' title='bbox 1345 4037 1400 4119; x_wconf 91' lang='lat' dir='ltr'>qui</span> <span class='ocrx_word' id='word_1_244' title='bbox 1417 4035 1491 4100; x_wconf 87' lang='lat' dir='ltr'>illos</span> <span class='ocrx_word' id='word_1_245' title='bbox 1510 4036 1720 4122; x_wconf 88' lang='lat' dir='ltr'>quaerebant,</span> 
     </span>
     <span class='ocr_line' id='line_1_33' title="bbox 532 4138 1720 4227; baseline 0.003 -22"><span class='ocrx_word' id='word_1_246' title='bbox 532 4140 616 4226; x_wconf 86' lang='lat' dir='ltr'>apud</span> <span class='ocrx_word' id='word_1_247' title='bbox 647 4138 795 4203; x_wconf 83' lang='lat' dir='ltr'>Tacitum</span> <span class='ocrx_word' id='word_1_248' title='bbox 825 4142 933 4203; x_wconf 89' lang='lat' dir='ltr'>omnia</span> <span class='ocrx_word' id='word_1_249' title='bbox 963 4139 1002 4203; x_wconf 90' lang='lat' dir='ltr'>ad</span> <span class='ocrx_word' id='word_1_250' title='bbox 1034 4139 1118 4205; x_wconf 90' lang='lat' dir='ltr'>solos</span> <span class='ocrx_word' id='word_1_251' title='bbox 1148 4143 1271 4205; x_wconf 90' lang='lat' dir='ltr'>saucios</span> <span class='ocrx_word' id='word_1_252' title='bbox 1302 4144 1480 4226; x_wconf 89' lang='lat' dir='ltr'>pertinent,</span> <span class='ocrx_word' id='word_1_253' title='bbox 1506 4146 1563 4227; x_wconf 92' lang='lat' dir='ltr'>qui</span> <span class='ocrx_word' id='word_1_254' title='bbox 1586 4143 1720 4208; x_wconf 79' lang='lat' dir='ltr'>fortasse</span> 
     </span>
     <span class='ocr_line' id='line_1_34' title="bbox 532 4245 1719 4326; baseline 0.002 -15"><span class='ocrx_word' id='word_1_255' title='bbox 532 4246 710 4312; x_wconf 90' lang='lat' dir='ltr'>ululatibus</span> <span class='ocrx_word' id='word_1_256' title='bbox 741 4245 966 4321; x_wconf 88' lang='lat' dir='ltr'>noscebantur;</span> <span class='ocrx_word' id='word_1_257' title='bbox 992 4246 1045 4310; x_wconf 87' lang='lat' dir='ltr'>sad</span> <span class='ocrx_word' id='word_1_258' title='bbox 1068 4246 1143 4311; x_wconf 89' lang='lat' dir='ltr'>illos</span> <span class='ocrx_word' id='word_1_259' title='bbox 1167 4269 1292 4312; x_wconf 89' lang='lat' dir='ltr'>narrare</span> <span class='ocrx_word' id='word_1_260' title='bbox 1315 4248 1481 4311; x_wconf 77' lang='lat' dir='ltr'>abebat-ibae</span> <span class='ocrx_word' id='word_1_261' title='bbox 1505 4272 1625 4313; x_wconf 81' lang='lat' dir='ltr'>aoeeere</span> <span class='ocrx_word' id='word_1_262' title='bbox 1647 4271 1719 4326; x_wconf 90' lang='lat' dir='ltr'>eos,</span> 
     </span>
     <span class='ocr_line' id='line_1_35' title="bbox 532 4350 1721 4440; baseline 0.003 -22"><span class='ocrx_word' id='word_1_263' title='bbox 532 4375 550 4419; x_wconf 91' lang='lat' dir='ltr'>a</span> <span class='ocrx_word' id='word_1_264' title='bbox 585 4353 701 4437; x_wconf 89' lang='lat' dir='ltr'>quibus</span> <span class='ocrx_word' id='word_1_265' title='bbox 736 4350 872 4415; x_wconf 88' lang='lat' dir='ltr'>salutem</span> <span class='ocrx_word' id='word_1_266' title='bbox 907 4358 1090 4437; x_wconf 86' lang='lat' dir='ltr'>expectent,</span> <span class='ocrx_word' id='word_1_267' title='bbox 1124 4356 1179 4417; x_wconf 86' lang='lat' dir='ltr'>vix</span> <span class='ocrx_word' id='word_1_268' title='bbox 1216 4353 1279 4418; x_wconf 91' lang='lat' dir='ltr'>dici</span> <span class='ocrx_word' id='word_1_269' title='bbox 1317 4361 1422 4439; x_wconf 88' lang='lat' dir='ltr'>potest</span> <span class='ocrx_word' id='word_1_270' title='bbox 1456 4376 1555 4440; x_wconf 90' lang='lat' dir='ltr'>quam</span> <span class='ocrx_word' id='word_1_271' title='bbox 1590 4359 1634 4421; x_wconf 90' lang='lat' dir='ltr'>sit</span> <span class='ocrx_word' id='word_1_272' title='bbox 1670 4357 1721 4421; x_wconf 86' lang='lat' dir='ltr'>ab</span> 
     </span>
     <span class='ocr_line' id='line_1_36' title="bbox 533 4460 677 4525; baseline -0.014 -1"><span class='ocrx_word' id='word_1_273' title='bbox 533 4460 677 4525; x_wconf 89' lang='lat' dir='ltr'>surdum.</span> 
     </span>
    </p>

    <p class='ocr_par' dir='ltr' id='par_1_7' title="bbox 531 4562 1722 4865">
     <span class='ocr_line' id='line_1_37' title="bbox 576 4562 1722 4653; baseline 0.003 -24"><span class='ocrx_word' id='word_1_274' title='bbox 576 4565 630 4641; x_wconf 88' lang='lat' dir='ltr'>IV,</span> <span class='ocrx_word' id='word_1_275' title='bbox 656 4562 708 4629; x_wconf 81' lang='lat'>67.</span> <span class='ocrx_word' id='word_1_276' title='bbox 739 4564 810 4628; x_wconf 91' lang='lat' dir='ltr'>Non</span> <span class='ocrx_word' id='word_1_277' title='bbox 842 4585 972 4648; x_wconf 91' lang='lat' dir='ltr'>possum</span> <span class='ocrx_word' id='word_1_278' title='bbox 1003 4564 1105 4630; x_wconf 90' lang='lat' dir='ltr'>alium</span> <span class='ocrx_word' id='word_1_279' title='bbox 1135 4565 1241 4630; x_wconf 91' lang='lat' dir='ltr'>locum</span> <span class='ocrx_word' id='word_1_280' title='bbox 1264 4566 1403 4632; x_wconf 89' lang='lat' dir='ltr'>indicare</span> <span class='ocrx_word' id='word_1_281' title='bbox 1427 4570 1584 4653; x_wconf 87' lang='lat' dir='ltr'>aptiorem</span> <span class='ocrx_word' id='word_1_282' title='bbox 1608 4568 1649 4633; x_wconf 85' lang='lat' dir='ltr'>ad</span> <span class='ocrx_word' id='word_1_283' title='bbox 1672 4568 1722 4634; x_wconf 82' lang='lat' dir='ltr'>de</span> 
     </span>
     <span class='ocr_line' id='line_1_38' title="bbox 531 4671 1721 4756; baseline 0.002 -17"><span class='ocrx_word' id='word_1_284' title='bbox 531 4671 773 4739; x_wconf 88' lang='lat' dir='ltr'>monstrandum</span> <span class='ocrx_word' id='word_1_285' title='bbox 809 4693 961 4756; x_wconf 91' lang='lat' dir='ltr'>quorsum</span> <span class='ocrx_word' id='word_1_286' title='bbox 994 4673 1129 4738; x_wconf 88' lang='lat' dir='ltr'>abducat</span> <span class='ocrx_word' id='word_1_287' title='bbox 1162 4677 1250 4740; x_wconf 86' lang='lat' dir='ltr'>viros</span> <span class='ocrx_word' id='word_1_288' title='bbox 1281 4675 1389 4740; x_wconf 92' lang='lat' dir='ltr'>doctos</span> <span class='ocrx_word' id='word_1_289' title='bbox 1420 4679 1548 4742; x_wconf 86' lang='lat' dir='ltr'>novicia</span> <span class='ocrx_word' id='word_1_290' title='bbox 1578 4680 1643 4742; x_wconf 89' lang='lat' dir='ltr'>ista</span> <span class='ocrx_word' id='word_1_291' title='bbox 1674 4681 1721 4741; x_wconf 92' lang='lat' dir='ltr'>in-</span> 
     </span>
     <span class='ocr_line' id='line_1_39' title="bbox 531 4776 1721 4865; baseline 0.002 -20"><span class='ocrx_word' id='word_1_292' title='bbox 531 4782 699 4865; x_wconf 92' lang='lat' dir='ltr'>temperies</span> <span class='ocrx_word' id='word_1_293' title='bbox 729 4778 861 4842; x_wconf 86' lang='lat' dir='ltr'>traditas</span> <span class='ocrx_word' id='word_1_294' title='bbox 890 4776 1056 4854; x_wconf 89' lang='lat' dir='ltr'>lectiones,</span> <span class='ocrx_word' id='word_1_295' title='bbox 1088 4783 1235 4864; x_wconf 88' lang='lat' dir='ltr'>quamvis</span> <span class='ocrx_word' id='word_1_296' title='bbox 1266 4782 1435 4860; x_wconf 88' lang='lat' dir='ltr'>absurdas,</span> <span class='ocrx_word' id='word_1_297' title='bbox 1468 4805 1543 4848; x_wconf 89' lang='lat' dir='ltr'>cum</span> <span class='ocrx_word' id='word_1_298' title='bbox 1568 4791 1655 4849; x_wconf 87' lang='lat' dir='ltr'>certa</span> <span class='ocrx_word' id='word_1_299' title='bbox 1677 4788 1721 4848; x_wconf 85' lang='lat' dir='ltr'>sit</span> 
     </span>
    </p>
   </div>
   <div class='ocr_carea' id='block_1_3' title="bbox 0 0 2268 5942">
    <p class='ocr_par' dir='ltr' id='par_1_8' title="bbox 0 0 2268 5942">
     <span class='ocr_line' id='line_1_40' title="bbox 0 0 2268 5942; baseline 0 0"><span class='ocrx_word' id='word_1_300' title='bbox 0 0 2268 5942; x_wconf 95' lang='lat' dir='ltr'> </span> 
     </span>
    </p>
   </div>
  </div>
 </body>
</html>
