4525 5950
962 683 1103 732 uacuus.
1558 663 1623 732 397

430 852 568 917 demum
607 851 789 936 apparebit,
826 852 881 934 qui
916 848 984 913 fieri
1021 853 1162 934 potuerit
1200 857 1237 915 ut
1274 857 1342 914 tam
1380 852 1554 914 immanem
1591 853 1626 915 in

431 958 573 1023 modum
605 958 657 1022 hic
688 956 778 1022 locus
804 964 1062 1040 corrumperetur
1085 995 1126 1003 -
1151 978 1207 1041 pro
1231 956 1357 1019 additur
1379 955 1508 1042 legatur
1530 959 1627 1021 addit.

430 1064 607 1149 Scripsisse
627 1084 704 1149 ergo
723 1061 872 1128 Tacitum
891 1063 1043 1126 arbitror:
1067 1061 1190 1140 ,‚addit,
1213 1068 1376 1148 tamquam
1395 1062 1434 1127 de
1456 1065 1627 1148 iniquitate

431 1173 532 1237 exitii
558 1191 707 1255 querens,
733 1167 918 1253 sequidem
943 1169 1025 1231 mori
1050 1166 1149 1232 nullis
1172 1169 1320 1254 supplicii
1344 1173 1447 1235 causis
1471 1190 1498 1234 e.
1523 1192 1551 1254 q.
1578 1169 1625 1233 s.”

431 1276 522 1345 Cum
546 1275 644 1341 semel
668 1275 773 1351 addit,
798 1272 881 1358 quod
905 1273 1201 1357 frequentissimum
1225 1277 1344 1339 vitium
1365 1281 1429 1352 est,
1448 1278 1482 1339 in
1502 1275 1628 1338 additur

432 1384 635 1459 transiisset,
661 1388 765 1447 cetera
788 1382 894 1445 omnia
917 1386 1028 1465 sponte
1054 1387 1129 1444 sunt
1153 1388 1273 1446 secuta.

482 1494 521 1555 A.
547 1488 632 1565 XVI,
657 1487 712 1552 30.
749 1489 877 1570 ,Atque
900 1488 1032 1550 interim
1057 1485 1204 1551 Ostorius
1227 1485 1382 1563 Sabinus,
1406 1486 1517 1553 Sorani
1541 1508 1631 1552 aceu-

436 1604 534 1674 sator,
558 1594 742 1683 ingreditur
765 1592 951 1688 orditurque
971 1592 1008 1657 de
1029 1595 1174 1657 amicitia
1191 1592 1317 1658 Rubelli
1337 1592 1463 1670 Plauti,
1485 1593 1633 1679 quodque

437 1701 703 1786 proconsulatum
728 1701 822 1763 Asiae
846 1697 986 1763 Soranus
1007 1720 1063 1783 pro
1087 1697 1232 1763 claritate
1251 1700 1311 1764 sibi
1332 1702 1438 1784 potius
1456 1699 1633 1766 adcommo

438 1807 553 1872 datum
577 1828 673 1891 quam
697 1829 735 1873 er
760 1803 903 1870 utilitate
927 1807 1090 1869 communi
1114 1807 1266 1890 egisset.’'

485 1912 559 1977 Vidi
589 1913 743 1978 editorem
776 1896 913 1977 traditae
935 1909 1080 1976 lectionis
1105 1919 1172 1976 tam
1196 1919 1360 1990 tenacem,
1385 1918 1422 1977 ut
1444 1915 1506 1976 ista
1529 1914 1575 1977 sic
1599 1914 1632 1975 in

439 2026 532 2085 textu
556 2041 614 2084 suo
639 2026 836 2106 proponeret.
861 2017 896 2083 Si
919 2017 1111 2083 nobilissimi
1135 2021 1303 2104 scriptores
1328 2019 1436 2084 Latini
1460 2018 1538 2084 talia
1560 2041 1633 2104 pro-

437 2125 604 2203 tulerunt,
641 2146 701 2211 ego
735 2147 754 2190 a
787 2124 890 2191 literis
924 2124 1048 2189 Latinis
1078 2128 1251 2211 ingenuam
1282 2129 1486 2192 iuventutem
1518 2125 1629 2211 procul

436 2232 607 2298 arcendam
631 2252 752 2296 censeo.
776 2230 907 2296 Dudum
928 2238 1036 2297 estex
1056 2252 1118 2315 quo
1137 2235 1259 2296 saniora
1279 2232 1387 2298 docuit
1406 2231 1628 2317 Nipperdeius,

437 2338 495 2404 sed
531 2338 614 2423 quod
644 2336 699 2402 ille
731 2337 818 2402 dedit
841 2337 1054 2421 popularitate
1086 2359 1188 2422 neque
1218 2338 1391 2403 admodum
1422 2339 1551 2425 elegans
1582 2345 1631 2404 est

438 2467 499 2510 nec
529 2443 715 2510 verisimile.
751 2443 785 2508 Si
815 2447 887 2529 quis
918 2445 950 2510 tt
980 2443 1144 2509 Taciteam
1178 2448 1354 2509 orationem
1385 2448 1568 2510 restitutam
1599 2445 1632 2509 et

440 2553 626 2615 convictum
658 2548 919 2634 interpolatorem
951 2553 1058 2635 cupit,
1091 2555 1197 2614 totum
1228 2549 1311 2615 illud
1328 2573 1387 2633 pro
1412 2551 1552 2613 ctodtote
1575 2559 1632 2614 aut

441 2654 548 2722 deleat
578 2663 635 2720 aut
666 2655 770 2720 denuo
801 2658 834 2719 in
865 2658 1046 2740 marginem
1076 2655 1209 2741 releget.
1242 2654 1325 2722 Cum
1357 2659 1443 2721 enim
1465 2653 1631 2741 eleganter

439 2763 572 2849 quidem
602 2761 657 2826 sed
689 2760 785 2846 paulo
816 2762 980 2826 obscurius
1003 2761 1213 2847 significasset
1236 2760 1365 2827 Tacitus
1388 2761 1542 2826 Sabinum
1562 2782 1630 2827 esse

437 2875 642 2944 accusatum,
673 2866 757 2952 quod
787 2869 819 2930 in
851 2865 1076 2952 proconsulatu
1105 2868 1244 2953 gerendo
1274 2890 1336 2933 non
1368 2874 1436 2933 tam
1464 2867 1631 2954 publicum

438 2975 648 3043 commodum
679 2995 776 3060 quam
802 2995 898 3039 suum
922 2980 1110 3058 spectasset,
1136 2979 1300 3040 annotavit
1324 2975 1440 3061 aliquis
1456 2999 1515 3058 pro
1540 2977 1631 3039 ctori-

439 3091 513 3159 tate,
538 3103 652 3167 nempe
670 3087 709 3146 ut
728 3082 853 3146 doceret
872 3080 1024 3145 Sabinum
1045 3081 1121 3146 huic
1141 3084 1186 3146 rei
1207 3085 1392 3167 praesertim
1412 3084 1445 3146 in
1466 3085 1630 3167 provincia

439 3188 564 3255 dedisse
601 3209 730 3273 operam
760 3194 797 3251 ut
827 3190 895 3272 ipse
925 3185 1152 3252 inclaresceret.
1184 3188 1226 3251 Et
1257 3188 1333 3252 bene
1364 3188 1494 3272 quidem
1526 3187 1629 3253 Taciti

438 3298 603 3383 perspexit
635 3301 775 3361 mentem
807 3293 880 3370 ille,
913 3294 966 3358 sed
999 3292 1130 3378 pulchre
1162 3294 1391 3359 conformatam
1416 3297 1627 3359 sententiam:

440 3402 611 3488 „quodque
639 3397 900 3486 proconsulatum
931 3401 993 3464 sibi
1024 3403 1131 3485 potius
1164 3400 1438 3465 accommodatum
1471 3421 1567 3486 quam
1592 3421 1630 3464 ex

439 3507 584 3574 utilitate
607 3510 770 3573 communi
793 3506 935 3594 egisset'
960 3510 1102 3591 corrupit
1125 3510 1182 3591 qui
1204 3509 1457 3585 annotationem,
1482 3509 1630 3592 quamvis

440 3615 658 3703 prudentem,
676 3615 858 3679 admiscuit.
1333 3685 1335 3689 ¹

489 3721 538 3786 Ex
562 3722 711 3785 Historiis
734 3722 827 3786 hosce
851 3722 1037 3805 praesertim
1060 3718 1145 3785 locos
1169 3720 1248 3784 banc
1273 3718 1419 3804 flagitare
1438 3720 1630 3785 medicinam

440 3832 571 3916 opinor:

489 3935 531 3999 H.
556 3934 581 4012 I,
606 3935 636 3998 2.
661 3934 758 3999 Brevi
778 3942 947 4018 conspectu
968 3932 1053 3997 mala
1073 3954 1277 4011 enumerans,
1300 3935 1416 4018 quibus
1436 3955 1472 3999 eo
1485 3940 1630 4017 temporo

437 4048 484 4109 sit
507 4041 623 4107 afflicta
646 4039 840 4126 respublica,
865 4040 902 4106 de
923 4043 1070 4125 quoiam
1091 4042 1134 4104 sit
1152 4042 1345 4124 scripturus,
1366 4046 1397 4106 et
1419 4039 1480 4105 alia
1500 4038 1630 4104 Tacitus

439 4149 564 4238 profert
586 4153 618 4213 et
640 4148 717 4213 hoc:

491 4256 627 4331 „hausta
649 4259 706 4317 aut
729 4253 844 4316 obruta
866 4250 1091 4317 fecundissima
1114 4248 1306 4336 Campaniae
1330 4252 1415 4317 ora.’'

489 4358 609 4424 Statim
632 4358 702 4424 dedi
728 4357 853 4435 locum,
874 4361 958 4422 sicut
977 4378 1087 4422 revera
1107 4378 1125 4422 a
1144 4355 1254 4422 Tacito
1273 4364 1322 4423 est
1341 4361 1479 4442 scriptus
1498 4365 1530 4422 et
1549 4360 1633 4422 sicut

438 4489 517 4533 eum
549 4464 732 4530 Woelfflinii
763 4467 907 4530 restituit
938 4484 1088 4541 acumeu3
1122 4463 1297 4528 admodum
1328 4467 1413 4529 enim
1447 4470 1634 4549 corruptum

438 4595 516 4638 eum
548 4571 679 4636 exhibet
709 4570 808 4635 codex
839 4570 1013 4636 Mediceus.
1044 4568 1175 4635 Scilicet
1208 4569 1316 4647 lector,
1349 4592 1430 4656 quae
1454 4570 1492 4636 de
1515 4572 1634 4634 orditas

439 4680 606 4763 Pompeiis
631 4675 892 4761 Heroulaneoque
915 4676 1031 4740 dirutis
1055 4679 1185 4760 cognita
1209 4677 1356 4754 haberet,
1381 4698 1455 4742 cum
1479 4678 1539 4741 sibi
1563 4680 1636 4741 reti-

442 4807 519 4851 uore
549 4806 611 4848 uon
643 4793 765 4871 posset,
797 4805 892 4847 suum
910 4785 1005 4845 arder
1028 4783 1172 4859 infersit,
1199 4805 1263 4868 quo
1286 4785 1406 4848 fact-um
1430 4791 1479 4848 est
1502 4791 1539 4847 ut
1561 4804 1635 4847 cum
