4525 5950
644 659 707 723 154
1161 675 1313 724 rrnorrs.

639 843 782 925 antiquis
807 843 914 925 potius
938 839 1087 905 lacrimas
1111 846 1144 905 et
1168 841 1417 905 misericordiam
1442 848 1623 908 moverunt.
1649 843 1757 929 Finge
1781 845 1839 908 tibi

637 949 793 1010 miserum
825 945 1017 1029 puerulum,
1050 949 1105 1030 qui
1137 953 1174 1010 ut
1197 946 1322 1031 reliqua
1345 950 1506 1032 mancipia
1528 947 1635 1013 lenoni
1659 949 1712 1013 die
1737 949 1838 1014 natali

637 1072 755 1116 munus
792 1050 866 1115 dare
902 1053 1008 1115 iussus
1039 1056 1096 1115 est.
1129 1051 1265 1116 Scenam
1297 1055 1398 1116 intrat
1429 1053 1601 1131 deformis,
1625 1057 1715 1140 turpi
1742 1056 1836 1131 facie,

636 1157 720 1222 male
752 1159 906 1233 vestitus,
940 1159 1149 1241 queriturque
1180 1179 1213 1222 se
1242 1161 1405 1222 neminem
1429 1159 1546 1224 habere
1569 1180 1588 1224 a
1611 1181 1675 1244 quo
1699 1169 1835 1237 ametur,

638 1267 691 1348 qui
724 1261 931 1326 nitidiuscule
962 1284 994 1326 se
1027 1270 1115 1326 curet
1148 1265 1360 1348 praebeatque
1390 1264 1573 1348 peculium,
1605 1287 1669 1350 quo
1693 1287 1748 1330 ero
1771 1288 1837 1330 rnu-

637 1366 808 1433 nusculum
844 1374 939 1431 emat.
977 1366 1078 1446 Quem
1109 1369 1167 1432 ubi
1199 1368 1331 1433 domurn
1364 1391 1397 1434 se
1428 1373 1634 1455 rcciprentem
1659 1375 1835 1456 conspicit,

637 1495 747 1539 rocem
781 1474 967 1556 comprimit
995 1480 1026 1536 et
1049 1475 1138 1558 fugit
1160 1477 1255 1538 intro.
1281 1474 1396 1539 Forma
1420 1482 1452 1539 et
1476 1497 1525 1541 res
1549 1497 1679 1561 prorsus
1701 1498 1834 1562 graecae

636 1588 721 1643 sunt.
755 1581 921 1642 Actionem
954 1578 1080 1643 fabulae
1111 1582 1206 1662 pauci
1237 1580 1271 1643 hi
1303 1601 1415 1645 versus
1440 1580 1522 1644 nihil
1546 1589 1758 1665 promovent,
1783 1583 1836 1647 sed

636 1706 738 1769 neque
761 1687 915 1759 retinent;
941 1685 1059 1749 idcirco
1084 1705 1228 1763 scenam,
1254 1707 1335 1770 quae
1358 1685 1527 1771 respondet
1550 1686 1689 1770 querelis
1713 1687 1832 1773 Synce

638 1795 716 1856 rasti
738 1795 772 1855 in
798 1789 955 1866 Poenulo,
983 1811 1040 1855 nec
1064 1789 1182 1855 Plauto
1206 1812 1262 1857 nec
1287 1812 1402 1877 graeco
1426 1798 1554 1857 auctore
1577 1793 1749 1879 indignam
1770 1814 1835 1858 esse

642 1918 763 1963 censeo.

686 2003 748 2068 Leo
772 2001 811 2067 ad
834 2023 880 2066 vs.
908 2001 972 2067 767
998 2002 1181 2067 adnotavit:
1213 2003 1424 2088 „interpolata
1447 2011 1566 2083 (scena)
1590 2004 1721 2071 videtur
1744 2010 1837 2072 utin

640 2111 761 2174 actione
792 2110 825 2170 in
856 2109 960 2172 vicem
991 2108 1175 2174 succederet
1205 2129 1335 2174 scaenae
1365 2109 1459 2187 12’'‚
1492 2116 1525 2175 et
1556 2110 1595 2174 ad
1627 2132 1676 2176 vs.
1703 2111 1835 2177 1079-

644 2213 748 2278 1086:
782 2213 1039 2297 ‚‚(interpolator)
1071 2214 1173 2278 simili
1204 2217 1326 2279 ratione
1358 2222 1452 2300 atque
1486 2236 1612 2280 scenam
1651 2215 1700 2280 Ill
1731 2218 1748 2281 1
1783 2239 1839 2302 pro

641 2320 657 2384 I
681 2320 701 2384 2
725 2320 781 2383 hos
805 2339 916 2382 versus
939 2321 972 2381 in
998 2340 1107 2383 scenae
1131 2318 1146 2382 Ι
1167 2318 1186 2383 3
1210 2323 1316 2384 vicem
1338 2320 1486 2385 intulisse
1508 2321 1670 2385 videtur’'.
1703 2321 1740 2386 si
1763 2323 1838 2387 haec

642 2425 738 2510 probe
761 2422 928 2508 intelligo,
954 2429 1082 2508 tempus
1105 2425 1185 2501 fuit,
1210 2425 1384 2489 secundum
1407 2425 1565 2502 Leonem,
1590 2447 1665 2491 cum
1689 2436 1839 2513 ageretur

643 2533 719 2595 haec
751 2528 858 2593 sabula
889 2532 955 2592 sine
988 2532 1090 2593 scenis
1121 2528 1182 2592 12
1215 2537 1247 2594 et
1271 2528 1301 2607 3,
1326 2532 1357 2594 h.
1381 2550 1408 2595 e.
1433 2533 1501 2596 sine
1524 2533 1565 2595 iis
1588 2532 1735 2615 partibus
1760 2552 1838 2616 quae

642 2637 825 2721 argumenti
849 2633 1000 2698 nucleum
1025 2637 1187 2699 continent
1214 2639 1416 2720 (praesertim
1442 2635 1507 2700 224
1520 2658 1587 2721 sqq.
1617 2643 1650 2701 et
1678 2645 1749 2702 tota
1776 2638 1837 2702 fere

642 2763 734 2807 scena
756 2741 789 2819 3)
809 2762 866 2825 pro
887 2742 1003 2824 quibus
1024 2740 1100 2805 alibi
1120 2744 1152 2807 in
1166 2742 1329 2806 comoedia
1342 2742 1538 2828 diversisque
1550 2741 1836 2822 lenirem-789

642 2855 675 2913 et
706 2848 810 2913 denuo
844 2846 1080 2926 1079-1086)
1112 2851 1323 2913 recitarentur
1353 2851 1446 2932 pauci
1478 2869 1606 2926 versus,
1638 2848 1721 2913 nihil
1746 2849 1835 2914 valde

643 2954 749 3020 simile
783 2956 978 3019 continentes
1016 2976 1079 3039 quo
1115 2953 1172 3019 illa
1206 2954 1322 3019 damna
1358 2956 1554 3020 resarcirent.
1595 2955 1701 3041 Aegre
1741 2954 1835 3021 talem

643 3061 768 3127 fabulae
791 3064 948 3125 actionem
973 3061 1120 3145 equidem
1147 3060 1318 3125 informare
1341 3061 1424 3124 mihi
1448 3081 1588 3144 possum.
1621 3060 1669 3126 De
1693 3062 1836 3126 versibus

648 3166 969 3249 1079-1086m01
993 3166 1186 3231 videbimus.

690 3274 799 3337 Etiam
831 3278 920 3337 actus
947 3273 994 3337 ΙΙΙ
1017 3292 1109 3337 scena
1134 3271 1154 3335 2
1178 3271 1356 3336 multorum
1381 3273 1595 3356 suspicionem
1620 3274 1741 3348 movit,
1765 3275 1835 3358 quia

646 3380 685 3445 ad
716 3385 946 3464 argumentum
970 3377 1113 3455 fabulae,
1140 3381 1166 3442 si
1190 3381 1369 3462 excipimus
1392 3399 1439 3441 vs.
1465 3385 1642 3451 extremos,
1665 3376 1751 3441 nihil
1776 3378 1834 3441 fere

643 3489 791 3571 pertinet.
824 3483 908 3549 Satis
940 3490 1047 3548 tamen
1081 3484 1208 3549 defensa
1239 3491 1286 3548 est
1318 3484 1478 3547 aLorenn
1502 3486 1535 3546 in
1561 3483 1656 3567 praes.
1682 3505 1713 3568 p.
1739 3483 1783 3546 24
1806 3491 1834 3546 et

645 3592 771 3656 Bierma
802 3614 832 3676 p.
859 3591 902 3656 40
918 3614 963 3676 sq.
989 3598 1097 3655 contra
1121 3611 1190 3665 eos,
1215 3592 1288 3674 qui,
1313 3595 1350 3653 ut
1373 3588 1518 3673 Sauppe,
1542 3589 1623 3653 hanc
1645 3608 1775 3653 scenam
1799 3610 1833 3652 ex

644 3702 706 3767 alia
729 3720 884 3788 graecae
908 3697 1022 3763 Plauto
1045 3700 1198 3761 insertam
1222 3715 1290 3759 esse
1313 3694 1484 3758 crederent.
1511 3693 1708 3757 Huiusmodi
1727 3713 1834 3758 scenae

643 3811 677 3873 in
708 3807 805 3871 nullis
836 3814 892 3870 aut
922 3807 955 3868 in
987 3803 1138 3867 omnibus
1169 3801 1234 3864 fere
1264 3799 1381 3864 fabulis
1404 3799 1546 3863 adhiberi
1570 3805 1738 3883 poterant,
1763 3818 1833 3864 curn

644 3935 813 3979 excursum
842 3914 1040 3976 continerent
1063 3929 1137 3973 cum
1162 3906 1250 3971 nullo
1274 3913 1465 3991 argumento
1489 3911 1604 3969 natura
1627 3907 1833 3970 coniunctum

644 4022 698 4086 sed
733 4023 828 4084 etiam
861 4016 1010 4094 anullo,
1035 4016 1090 4079 ubi
1115 4035 1231 4098 coquos
1256 4019 1361 4097 partes
1385 4015 1512 4096 ageret,
1537 4010 1693 4075 alienum.
1718 4009 1836 4077 Consu·

645 4130 747 4191 mitur
770 4146 862 4189 scena
885 4123 1078 4207 loquacitate
1099 4122 1191 4204 coqui
1215 4121 1292 4183 artis
1317 4120 1543 4202 praestantiam
1567 4119 1733 4193 iactantis,
1760 4137 1836 4201 quae

646 4255 696 4297 res
727 4253 823 4317 quam
852 4238 919 4295 tota
948 4248 1063 4315 graeca
1095 4230 1138 4291 sit
1169 4227 1350 4311 fragmenta
1379 4223 1520 4288 edocent.
1553 4222 1660 4287 Possis
1683 4225 1836 4309 suspicari

646 4338 801 4402 Plautum
833 4356 985 4421 graecum
1017 4330 1201 4417 exemplum
1233 4331 1335 4394 denuo
1360 4330 1410 4393 hic
1433 4327 1501 4392 illic
1525 4348 1693 4393 exornasse
1718 4338 1751 4391 ct
1776 4349 1837 4392 am·

646 4443 820 4529 plificasse,
853 4440 907 4504 sed
938 4460 976 4503 ne
1000 4439 1058 4502 hoc
1084 4436 1213 4522 quidem
1237 4456 1362 4499 sumere
1386 4455 1511 4499 necesse
1535 4441 1601 4510 est,
1626 4454 1702 4497 cum
1725 4452 1837 4518 graeca

645 4549 826 4633 fragmenta
856 4548 1006 4628 coquina,
1038 4549 1075 4606 ut
1097 4544 1144 4605 ita
1168 4542 1290 4616 dicam,
1315 4538 1499 4625 prolixitate
1523 4539 1597 4602 huic
1622 4559 1733 4603 scenae
1758 4535 1836 4601 nihil

646 4652 828 4717 concedant.
854 4650 902 4715 Ex
923 4648 1102 4712 Damoxeni
1122 4646 1332 4732 Syntrophis‚
1355 4644 1453 4709 Mein.
1474 4642 1516 4708 IV
1532 4642 1607 4716 530.
1629 4641 1836 4728 soliloquium

647 4766 791 4843 superest
817 4756 857 4820 67
883 4776 1052 4829 versuum,
1085 4756 1141 4837 qui
1164 4756 1288 4837 copiose
1313 4752 1392 4815 hanc
1417 4752 1520 4815 thesin
1544 4749 1726 4814 illustrant:
1752 4752 1836 4813 Ἐπι-
