<?xml version="1.0" encoding="UTF-8"?>
<!DOCTYPE html PUBLIC "-//W3C//DTD XHTML 1.0 Transitional//EN"
    "http://www.w3.org/TR/xhtml1/DTD/xhtml1-transitional.dtd">
<html xmlns="http://www.w3.org/1999/xhtml" xml:lang="en" lang="en">
 <head>
  <title>
</title>
<meta http-equiv="Content-Type" content="text/html;charset=utf-8" />
  <meta name='ocr-system' content='tesseract 3.04.00' />
  <meta name='ocr-capabilities' content='ocr_page ocr_carea ocr_par ocr_line ocrx_word'/>
</head>
<body>
  <div class='ocr_page' id='page_1' title='image "./mnemosyne07verdgoog_0136.png"; bbox 0 0 4525 5950; ppageno 0'>
   <div class='ocr_carea' id='block_1_1' title="bbox 1017 700 1732 766">
    <p class='ocr_par' dir='ltr' id='par_1_1' title="bbox 1017 700 1732 766">
     <span class='ocr_line' id='line_1_1' title="bbox 1017 700 1732 766; baseline 0.004 -4"><span class='ocrx_word' id='word_1_1' title='bbox 1017 714 1258 764; x_wconf 81' lang='lat' dir='ltr'>nnnoernnune.</span> <span class='ocrx_word' id='word_1_2' title='bbox 1668 700 1732 766; x_wconf 84' lang='grc'>119</span> 
     </span>
    </p>
   </div>
   <div class='ocr_carea' id='block_1_2' title="bbox 535 876 1735 4229">
    <p class='ocr_par' dir='ltr' id='par_1_2' title="bbox 535 876 1735 4229">
     <span class='ocr_line' id='line_1_2' title="bbox 539 876 1731 960; baseline 0.005 -20"><span class='ocrx_word' id='word_1_3' title='bbox 539 877 706 956; x_wconf 77' lang='grc' dir='ltr'><strong><em>ήμετθρους</em></strong></span> <span class='ocrx_word' id='word_1_4' title='bbox 737 876 826 949; x_wconf 84' lang='grc' dir='ltr'><strong><em>ίντας</em></strong></span> <span class='ocrx_word' id='word_1_5' title='bbox 858 879 940 955; x_wconf 83' lang='grc' dir='ltr'><strong><em>μήτε</em></strong></span> <span class='ocrx_word' id='word_1_6' title='bbox 974 879 1130 950; x_wconf 84' lang='grc' dir='ltr'><strong><em>Φιλίππου</em></strong></span> <span class='ocrx_word' id='word_1_7' title='bbox 1161 881 1298 960; x_wconf 74' lang='grc' dir='ltr'><strong><em>ἐνμέσῳ</em></strong></span> <span class='ocrx_word' id='word_1_8' title='bbox 1322 881 1439 947; x_wconf 82' lang='grc' dir='ltr'><strong><em>κεῖσθαι</em></strong></span> <span class='ocrx_word' id='word_1_9' title='bbox 1566 884 1653 947; x_wconf 70' lang='grc' dir='ltr'><strong><em>ἀλλὰ</em></strong></span> <span class='ocrx_word' id='word_1_10' title='bbox 1679 885 1731 948; x_wconf 80' lang='grc' dir='ltr'>καί</span> 
     </span>
     <span class='ocr_line' id='line_1_3' title="bbox 537 983 1734 1066; baseline 0.009 -22"><span class='ocrx_word' id='word_1_11' title='bbox 537 983 659 1053; x_wconf 78' lang='grc' dir='ltr'><strong><em>τούτοις</em></strong></span> <span class='ocrx_word' id='word_1_12' title='bbox 692 983 741 1046; x_wconf 70' lang='grc' dir='ltr'>διὰ</span> <span class='ocrx_word' id='word_1_13' title='bbox 772 985 827 1056; x_wconf 75' lang='grc' dir='ltr'>τήν</span> <span class='ocrx_word' id='word_1_14' title='bbox 859 983 1009 1064; x_wconf 82' lang='grc' dir='ltr'><strong><em>ὑμετίραν</em></strong></span> <span class='ocrx_word' id='word_1_15' title='bbox 1033 986 1148 1065; x_wconf 83' lang='grc' dir='ltr'><strong><em>είρήνιιν</em></strong></span> <span class='ocrx_word' id='word_1_16' title='bbox 1172 986 1322 1066; x_wconf 76' lang='grc' dir='ltr'>ὑπάρχειν</span> <span class='ocrx_word' id='word_1_17' title='bbox 1346 989 1504 1065; x_wconf 82' lang='grc' dir='ltr'><strong><em>τωτήρίαν.</em></strong></span> <span class='ocrx_word' id='word_1_18' title='bbox 1529 989 1734 1054; x_wconf 84' lang='lat' dir='ltr'><strong>Incommode</strong></span> 
     </span>
     <span class='ocr_line' id='line_1_4' title="bbox 538 1087 1732 1176; baseline 0.005 -26"><span class='ocrx_word' id='word_1_19' title='bbox 538 1087 666 1151; x_wconf 86' lang='lat' dir='ltr'>dictum</span> <span class='ocrx_word' id='word_1_20' title='bbox 697 1093 746 1152; x_wconf 84' lang='lat' dir='ltr'>eet</span> <span class='ocrx_word' id='word_1_21' title='bbox 776 1087 858 1152; x_wconf 92' lang='lat' dir='ltr'>illud</span> <span class='ocrx_word' id='word_1_22' title='bbox 889 1091 934 1164; x_wconf 77' lang='grc' dir='ltr'>μή</span> <span class='ocrx_word' id='word_1_23' title='bbox 964 1090 1052 1164; x_wconf 79' lang='grc' dir='ltr'><strong><em>μόνον</em></strong></span> <span class='ocrx_word' id='word_1_24' title='bbox 1076 1097 1108 1154; x_wconf 88' lang='lat' dir='ltr'>et</span> <span class='ocrx_word' id='word_1_25' title='bbox 1132 1089 1312 1176; x_wconf 89' lang='lat' dir='ltr'>plurimum</span> <span class='ocrx_word' id='word_1_26' title='bbox 1337 1091 1472 1157; x_wconf 82' lang='lat' dir='ltr'><strong>arridet:</strong></span> <span class='ocrx_word' id='word_1_27' title='bbox 1496 1095 1540 1166; x_wconf 75' lang='grc' dir='ltr'>μή</span> <span class='ocrx_word' id='word_1_28' title='bbox 1564 1096 1636 1168; x_wconf 74' lang='grc' dir='ltr'><strong><em>μὲν</em></strong></span> <span class='ocrx_word' id='word_1_29' title='bbox 1660 1090 1732 1158; x_wconf 84' lang='grc' dir='ltr'><strong><em>οὖν.</em></strong></span> 
     </span>
     <span class='ocr_line' id='line_1_5' title="bbox 537 1193 1734 1279; baseline 0.004 -22"><span class='ocrx_word' id='word_1_30' title='bbox 537 1193 724 1257; x_wconf 80' lang='lat' dir='ltr'>Secundum</span> <span class='ocrx_word' id='word_1_31' title='bbox 740 1193 928 1279; x_wconf 75' lang='lat' dir='ltr'>¹vulgatum</span> <span class='ocrx_word' id='word_1_32' title='bbox 958 1194 1129 1260; x_wconf 86' lang='lat' dir='ltr'>lectionem</span> <span class='ocrx_word' id='word_1_33' title='bbox 1153 1197 1364 1262; x_wconf 73' lang='lat' dir='ltr'>Athenienses</span> <span class='ocrx_word' id='word_1_34' title='bbox 1387 1200 1512 1262; x_wconf 80' lang='lat' dir='ltr'>iustum</span> <span class='ocrx_word' id='word_1_35' title='bbox 1536 1199 1657 1263; x_wconf 85' lang='lat' dir='ltr'>ducunt</span> <span class='ocrx_word' id='word_1_36' title='bbox 1680 1219 1734 1264; x_wconf 81' lang='grc' dir='ltr'>θοι</span> 
     </span>
     <span class='ocr_line' id='line_1_6' title="bbox 539 1301 1734 1384; baseline 0.003 -22"><span class='ocrx_word' id='word_1_37' title='bbox 539 1301 597 1383; x_wconf 92' lang='lat' dir='ltr'>qni</span> <span class='ocrx_word' id='word_1_38' title='bbox 621 1307 809 1363; x_wconf 79' lang='lat' dir='ltr'>neutrarum</span> <span class='ocrx_word' id='word_1_39' title='bbox 832 1303 973 1384; x_wconf 82' lang='lat' dir='ltr'>partium</span> <span class='ocrx_word' id='word_1_40' title='bbox 998 1307 1073 1365; x_wconf 86' lang='lat' dir='ltr'>eunt</span> <span class='ocrx_word' id='word_1_41' title='bbox 1097 1303 1125 1364; x_wconf 76' lang='grc' dir='ltr'><strong><em>ἐν</em></strong></span> <span class='ocrx_word' id='word_1_42' title='bbox 1150 1306 1235 1380; x_wconf 79' lang='grc' dir='ltr'>μεέω</span> <span class='ocrx_word' id='word_1_43' title='bbox 1260 1306 1376 1366; x_wconf 82' lang='grc' dir='ltr'><strong><em>κεῖσθαι</em></strong></span> <span class='ocrx_word' id='word_1_44' title='bbox 1400 1305 1452 1368; x_wconf 80' lang='grc' dir='ltr'>καί</span> <span class='ocrx_word' id='word_1_45' title='bbox 1479 1305 1535 1368; x_wconf 85' lang='grc' dir='ltr'><strong><em>ὑπὸ</em></strong></span> <span class='ocrx_word' id='word_1_46' title='bbox 1560 1311 1618 1368; x_wconf 83' lang='grc' dir='ltr'>τῶν</span> <span class='ocrx_word' id='word_1_47' title='bbox 1642 1328 1734 1382; x_wconf 86' lang='grc' dir='ltr'><strong><em>κρειτ-</em></strong></span> 
     </span>
     <span class='ocr_line' id='line_1_7' title="bbox 538 1404 1735 1494; baseline 0.004 -28"><span class='ocrx_word' id='word_1_48' title='bbox 538 1404 633 1468; x_wconf 89' lang='grc' dir='ltr'><strong><em>τθνων</em></strong></span> <span class='ocrx_word' id='word_1_49' title='bbox 667 1404 882 1482; x_wconf 81' lang='grc' dir='ltr'><strong><em>οὶπθλλοτθιιι,</em></strong></span> <span class='ocrx_word' id='word_1_50' title='bbox 918 1404 973 1469; x_wconf 81' lang='lat' dir='ltr'>sed</span> <span class='ocrx_word' id='word_1_51' title='bbox 1003 1408 1156 1489; x_wconf 86' lang='lat' dir='ltr'>qnoniam</span> <span class='ocrx_word' id='word_1_52' title='bbox 1187 1407 1247 1471; x_wconf 85' lang='lat' dir='ltr'>hoe</span> <span class='ocrx_word' id='word_1_53' title='bbox 1276 1410 1383 1492; x_wconf 85' lang='lat' dir='ltr'>ipsum</span> <span class='ocrx_word' id='word_1_54' title='bbox 1414 1429 1542 1473; x_wconf 84' lang='lat' dir='ltr'>summo</span> <span class='ocrx_word' id='word_1_55' title='bbox 1572 1430 1665 1494; x_wconf 89' lang='lat' dir='ltr'>opere</span> <span class='ocrx_word' id='word_1_56' title='bbox 1688 1411 1735 1472; x_wconf 89' lang='lat' dir='ltr'>in·</span> 
     </span>
     <span class='ocr_line' id='line_1_8' title="bbox 540 1509 1732 1595; baseline 0.003 -22"><span class='ocrx_word' id='word_1_57' title='bbox 540 1509 726 1595; x_wconf 82' lang='lat' dir='ltr'>dignantur,</span> <span class='ocrx_word' id='word_1_58' title='bbox 757 1512 800 1585; x_wconf 77' lang='grc' dir='ltr'>μή</span> <span class='ocrx_word' id='word_1_59' title='bbox 824 1509 914 1585; x_wconf 82' lang='grc' dir='ltr'><strong><em>μθνον</em></strong></span> <span class='ocrx_word' id='word_1_60' title='bbox 939 1517 1023 1574; x_wconf 79' lang='lat' dir='ltr'>stare</span> <span class='ocrx_word' id='word_1_61' title='bbox 1047 1531 1108 1574; x_wconf 94' lang='lat' dir='ltr'>nou</span> <span class='ocrx_word' id='word_1_62' title='bbox 1131 1518 1237 1595; x_wconf 85' lang='lat' dir='ltr'>potest</span> <span class='ocrx_word' id='word_1_63' title='bbox 1259 1518 1291 1577; x_wconf 88' lang='lat' dir='ltr'>et</span> <span class='ocrx_word' id='word_1_64' title='bbox 1315 1513 1469 1578; x_wconf 81' lang='lat' dir='ltr'>facillima</span> <span class='ocrx_word' id='word_1_65' title='bbox 1491 1517 1643 1579; x_wconf 85' lang='lat' dir='ltr'>eorrectio</span> <span class='ocrx_word' id='word_1_66' title='bbox 1667 1520 1732 1579; x_wconf 85' lang='lat' dir='ltr'>eet:</span> 
     </span>
     <span class='ocr_line' id='line_1_9' title="bbox 540 1609 1734 1702; baseline 0.004 -25"><span class='ocrx_word' id='word_1_67' title='bbox 540 1616 587 1688; x_wconf 77' lang='grc' dir='ltr'>μή</span> <span class='ocrx_word' id='word_1_68' title='bbox 620 1615 691 1687; x_wconf 74' lang='grc' dir='ltr'><strong><em>μὲν</em></strong></span> <span class='ocrx_word' id='word_1_69' title='bbox 716 1609 789 1679; x_wconf 79' lang='grc' dir='ltr'><strong><em>οὖν.</em></strong></span> <span class='ocrx_word' id='word_1_70' title='bbox 815 1612 895 1679; x_wconf 87' lang='lat' dir='ltr'>Vide</span> <span class='ocrx_word' id='word_1_71' title='bbox 920 1615 977 1679; x_wconf 84' lang='lat' dir='ltr'>has</span> <span class='ocrx_word' id='word_1_72' title='bbox 1000 1616 1173 1700; x_wconf 78' lang='lat' dir='ltr'>particulae</span> <span class='ocrx_word' id='word_1_73' title='bbox 1197 1624 1269 1681; x_wconf 88' lang='lat' dir='ltr'>tum</span> <span class='ocrx_word' id='word_1_74' title='bbox 1294 1617 1371 1682; x_wconf 81' lang='lat' dir='ltr'>alibi</span> <span class='ocrx_word' id='word_1_75' title='bbox 1394 1626 1466 1682; x_wconf 88' lang='lat' dir='ltr'>tum</span> <span class='ocrx_word' id='word_1_76' title='bbox 1490 1616 1605 1685; x_wconf 84' lang='lat' dir='ltr'>Geron.</span> <span class='ocrx_word' id='word_1_77' title='bbox 1629 1621 1647 1702; x_wconf 83' lang='lat'>§</span> <span class='ocrx_word' id='word_1_78' title='bbox 1668 1617 1734 1682; x_wconf 88' lang='grc'>130</span> 
     </span>
     <span class='ocr_line' id='line_1_10' title="bbox 539 1717 1732 1808; baseline 0.004 -25"><span class='ocrx_word' id='word_1_79' title='bbox 539 1743 572 1806; x_wconf 88' lang='lat' dir='ltr'>p.</span> <span class='ocrx_word' id='word_1_80' title='bbox 599 1717 683 1784; x_wconf 83' lang='lat'>270:</span> <span class='ocrx_word' id='word_1_81' title='bbox 708 1720 764 1796; x_wconf 74' lang='grc' dir='ltr'>ὀψὲ</span> <span class='ocrx_word' id='word_1_82' title='bbox 789 1721 889 1797; x_wconf 54' lang='grc' dir='ltr'><strong><em>λέγω</em></strong></span> <span class='ocrx_word' id='word_1_83' title='bbox 916 1722 991 1798; x_wconf 75' lang='grc' dir='ltr'><strong><em>χθὲς</em></strong></span> <span class='ocrx_word' id='word_1_84' title='bbox 1015 1721 1069 1794; x_wconf 71' lang='grc' dir='ltr'><strong><em>μὲν</em></strong></span> <span class='ocrx_word' id='word_1_85' title='bbox 1092 1718 1141 1785; x_wconf 84' lang='grc' dir='ltr'><strong><em>οὖν</em></strong></span> <span class='ocrx_word' id='word_1_86' title='bbox 1165 1723 1217 1784; x_wconf 78' lang='grc' dir='ltr'>καί</span> <span class='ocrx_word' id='word_1_87' title='bbox 1244 1719 1352 1802; x_wconf 77' lang='grc' dir='ltr'><strong><em>πρῴην.</em></strong></span> <span class='ocrx_word' id='word_1_88' title='bbox 1377 1723 1457 1788; x_wconf 87' lang='lat' dir='ltr'>lbid.</span> <span class='ocrx_word' id='word_1_89' title='bbox 1483 1724 1579 1808; x_wconf 73' lang='lat'>§140</span> <span class='ocrx_word' id='word_1_90' title='bbox 1603 1745 1633 1808; x_wconf 94' lang='lat' dir='ltr'>p.</span> <span class='ocrx_word' id='word_1_91' title='bbox 1647 1722 1732 1789; x_wconf 79' lang='lat'>274:</span> 
     </span>
     <span class='ocr_line' id='line_1_11' title="bbox 539 1821 1732 1911; baseline 0.002 -21"><span class='ocrx_word' id='word_1_92' title='bbox 539 1827 574 1890; x_wconf 81' lang='lat' dir='ltr'>od</span> <span class='ocrx_word' id='word_1_93' title='bbox 604 1827 662 1899; x_wconf 71' lang='grc' dir='ltr'><strong><em>μὲν</em></strong></span> <span class='ocrx_word' id='word_1_94' title='bbox 691 1821 740 1890; x_wconf 78' lang='grc' dir='ltr'><strong><em>οὖν</em></strong></span> <span class='ocrx_word' id='word_1_95' title='bbox 764 1821 796 1898; x_wconf 73' lang='grc' dir='ltr'><strong><em>ἦν</em></strong></span> <span class='ocrx_word' id='word_1_96' title='bbox 828 1827 924 1889; x_wconf 74' lang='grc' dir='ltr'><strong><em>εἰπεῖν</em></strong></span> <span class='ocrx_word' id='word_1_97' title='bbox 958 1825 1056 1905; x_wconf 76' lang='grc' dir='ltr'><strong><em>ἕτίρῳ.</em></strong></span> <span class='ocrx_word' id='word_1_98' title='bbox 1098 1825 1188 1891; x_wconf 87' lang='lat' dir='ltr'>Idem</span> <span class='ocrx_word' id='word_1_99' title='bbox 1219 1830 1339 1891; x_wconf 86' lang='lat' dir='ltr'>vitium</span> <span class='ocrx_word' id='word_1_100' title='bbox 1370 1829 1453 1893; x_wconf 88' lang='lat' dir='ltr'>redit</span> <span class='ocrx_word' id='word_1_101' title='bbox 1480 1829 1620 1894; x_wconf 82' lang='lat' dir='ltr'>Halonn.</span> <span class='ocrx_word' id='word_1_102' title='bbox 1651 1827 1732 1911; x_wconf 79' lang='lat'>§36</span> 
     </span>
     <span class='ocr_line' id='line_1_12' title="bbox 538 1928 1732 2017; baseline 0.003 -23"><span class='ocrx_word' id='word_1_103' title='bbox 538 1954 571 2017; x_wconf 86' lang='lat' dir='ltr'>p.</span> <span class='ocrx_word' id='word_1_104' title='bbox 598 1930 659 1994; x_wconf 84' lang='lat'>85:</span> <span class='ocrx_word' id='word_1_105' title='bbox 692 1928 865 2011; x_wconf 81' lang='grc' dir='ltr'><strong><em>ίπιτρέπειν</em></strong></span> <span class='ocrx_word' id='word_1_106' title='bbox 896 1931 972 2006; x_wconf 73' lang='grc' dir='ltr'><strong><em>Φινεῖ</em></strong></span> <span class='ocrx_word' id='word_1_107' title='bbox 1007 1932 1074 2011; x_wconf 75' lang='grc' dir='ltr'><strong><em>περὶ</em></strong></span> <span class='ocrx_word' id='word_1_108' title='bbox 1105 1932 1220 1995; x_wconf 77' lang='grc' dir='ltr'><strong><em>τούτων</em></strong></span> <span class='ocrx_word' id='word_1_109' title='bbox 1250 1931 1369 2008; x_wconf 78' lang='grc' dir='ltr'><strong><em>ἕτοιμος</em></strong></span> <span class='ocrx_word' id='word_1_110' title='bbox 1392 1929 1470 1997; x_wconf 88' lang='grc' dir='ltr'><strong><em>είναι</em></strong></span> <span class='ocrx_word' id='word_1_111' title='bbox 1494 1934 1547 2011; x_wconf 65' lang='lat' dir='ltr'>iege</span> <span class='ocrx_word' id='word_1_112' title='bbox 1571 1933 1623 1998; x_wconf 78' lang='grc' dir='ltr'>καί</span> <span class='ocrx_word' id='word_1_113' title='bbox 1650 1936 1732 2011; x_wconf 76' lang='grc' dir='ltr'><strong><em>κοινῷ</em></strong></span> 
     </span>
     <span class='ocr_line' id='line_1_13' title="bbox 539 2031 1731 2118; baseline 0.003 -18"><span class='ocrx_word' id='word_1_114' title='bbox 539 2036 713 2116; x_wconf 75' lang='grc' dir='ltr'><strong><em>δικαςήρίιρ,</em></strong></span> <span class='ocrx_word' id='word_1_115' title='bbox 749 2037 815 2113; x_wconf 79' lang='grc' dir='ltr'><strong><em>περὶ</em></strong></span> <span class='ocrx_word' id='word_1_116' title='bbox 850 2031 889 2098; x_wconf 80' lang='grc' dir='ltr'><strong><em>ὦν</em></strong></span> <span class='ocrx_word' id='word_1_117' title='bbox 925 2037 1053 2112; x_wconf 77' lang='grc' dir='ltr'><strong><em>μόνων</em></strong></span> <span class='ocrx_word' id='word_1_118' title='bbox 1088 2036 1170 2101; x_wconf 76' lang='grc' dir='ltr'><strong><em>οὐδὲν</em></strong></span> <span class='ocrx_word' id='word_1_119' title='bbox 1203 2037 1252 2100; x_wconf 74' lang='grc' dir='ltr'>δεῖ</span> <span class='ocrx_word' id='word_1_120' title='bbox 1284 2037 1465 2117; x_wconf 73' lang='grc' dir='ltr'><strong><em>ἐπιτροπῆς,</em></strong></span> <span class='ocrx_word' id='word_1_121' title='bbox 1501 2041 1576 2103; x_wconf 67' lang='grc' dir='ltr'><strong><em>ἀλλ’</em></strong></span> <span class='ocrx_word' id='word_1_122' title='bbox 1608 2040 1731 2118; x_wconf 80' lang='grc' dir='ltr'><strong><em>οίριθμθς</em></strong></span> 
     </span>
     <span class='ocr_line' id='line_1_14' title="bbox 540 2140 1734 2221; baseline 0.004 -15"><span class='ocrx_word' id='word_1_123' title='bbox 540 2145 657 2221; x_wconf 79' lang='grc' dir='ltr'><strong><em>ήιιερῶν</em></strong></span> <span class='ocrx_word' id='word_1_124' title='bbox 689 2144 750 2208; x_wconf 78' lang='grc' dir='ltr'><strong><em>ε’ςιν</em></strong></span> <span class='ocrx_word' id='word_1_125' title='bbox 782 2142 796 2204; x_wconf 89' lang='grc' dir='ltr'><strong><em>ί</em></strong></span> <span class='ocrx_word' id='word_1_126' title='bbox 829 2142 941 2219; x_wconf 83' lang='grc' dir='ltr'><strong><em>κρίνων.</em></strong></span> <span class='ocrx_word' id='word_1_127' title='bbox 977 2140 1084 2206; x_wconf 78' lang='lat' dir='ltr'>Facile</span> <span class='ocrx_word' id='word_1_128' title='bbox 1116 2145 1244 2207; x_wconf 85' lang='lat' dir='ltr'>vineam</span> <span class='ocrx_word' id='word_1_129' title='bbox 1275 2142 1450 2208; x_wconf 82' lang='lat' dir='ltr'>absurdum</span> <span class='ocrx_word' id='word_1_130' title='bbox 1481 2166 1548 2210; x_wconf 80' lang='lat' dir='ltr'>esee</span> <span class='ocrx_word' id='word_1_131' title='bbox 1579 2144 1676 2221; x_wconf 79' lang='grc' dir='ltr'><strong><em>μθνων</em></strong></span> <span class='ocrx_word' id='word_1_132' title='bbox 1701 2153 1734 2211; x_wconf 81' lang='lat' dir='ltr'>et</span> 
     </span>
     <span class='ocr_line' id='line_1_15' title="bbox 538 2243 1734 2336; baseline 0.003 -24"><span class='ocrx_word' id='word_1_133' title='bbox 538 2249 745 2313; x_wconf 81' lang='lat' dir='ltr'>scribendum</span> <span class='ocrx_word' id='word_1_134' title='bbox 764 2267 848 2313; x_wconf 83' lang='lat' dir='ltr'>esee:</span> <span class='ocrx_word' id='word_1_135' title='bbox 869 2247 936 2325; x_wconf 76' lang='grc' dir='ltr'><strong><em>περὶ</em></strong></span> <span class='ocrx_word' id='word_1_136' title='bbox 958 2244 995 2311; x_wconf 82' lang='grc' dir='ltr'><strong><em>ὧν</em></strong></span> <span class='ocrx_word' id='word_1_137' title='bbox 1016 2249 1072 2322; x_wconf 80' lang='grc' dir='ltr'><strong><em>μὲν</em></strong></span> <span class='ocrx_word' id='word_1_138' title='bbox 1093 2243 1151 2312; x_wconf 77' lang='grc' dir='ltr'><strong><em>οὖν.</em></strong></span> <span class='ocrx_word' id='word_1_139' title='bbox 1176 2248 1297 2314; x_wconf 76' lang='lat' dir='ltr'>Eadem</span> <span class='ocrx_word' id='word_1_140' title='bbox 1317 2250 1475 2335; x_wconf 79' lang='lat' dir='ltr'>particule</span> <span class='ocrx_word' id='word_1_141' title='bbox 1493 2255 1624 2315; x_wconf 89' lang='lat' dir='ltr'>tertium</span> <span class='ocrx_word' id='word_1_142' title='bbox 1637 2255 1734 2336; x_wconf 89' lang='lat' dir='ltr'>periit</span> 
     </span>
     <span class='ocr_line' id='line_1_16' title="bbox 540 2352 1732 2440; baseline 0.002 -23"><span class='ocrx_word' id='word_1_143' title='bbox 540 2353 676 2440; x_wconf 83' lang='lat' dir='ltr'>Olynth.</span> <span class='ocrx_word' id='word_1_144' title='bbox 707 2353 754 2417; x_wconf 90' lang='grc' dir='ltr'>ΙΙΙ</span> <span class='ocrx_word' id='word_1_145' title='bbox 784 2352 865 2437; x_wconf 83' lang='lat'>§34</span> <span class='ocrx_word' id='word_1_146' title='bbox 898 2375 928 2439; x_wconf 87' lang='lat' dir='ltr'>p.</span> <span class='ocrx_word' id='word_1_147' title='bbox 953 2352 1013 2418; x_wconf 83' lang='lat'>38:</span> <span class='ocrx_word' id='word_1_148' title='bbox 1045 2352 1116 2417; x_wconf 84' lang='grc' dir='ltr'><strong><em>οίιιοι</em></strong></span> <span class='ocrx_word' id='word_1_149' title='bbox 1147 2355 1270 2428; x_wconf 76' lang='grc' dir='ltr'><strong><em>μένων</em></strong></span> <span class='ocrx_word' id='word_1_150' title='bbox 1302 2356 1446 2437; x_wconf 77' lang='grc' dir='ltr'><strong><em>βελτίων,</em></strong></span> <span class='ocrx_word' id='word_1_151' title='bbox 1479 2363 1532 2420; x_wconf 82' lang='grc' dir='ltr'><strong><em>τοῦ</em></strong></span> <span class='ocrx_word' id='word_1_152' title='bbox 1556 2357 1593 2420; x_wconf 74' lang='grc' dir='ltr'>δι’</span> <span class='ocrx_word' id='word_1_153' title='bbox 1618 2358 1732 2421; x_wconf 76' lang='grc' dir='ltr'><strong><em>ἔνδειαν</em></strong></span> 
     </span>
     <span class='ocr_line' id='line_1_17' title="bbox 541 2460 1732 2545; baseline 0.004 -23"><span class='ocrx_word' id='word_1_154' title='bbox 541 2461 667 2538; x_wconf 62' lang='grc' dir='ltr'><strong><em>ἀνάγκη</em></strong></span> <span class='ocrx_word' id='word_1_155' title='bbox 691 2483 720 2521; x_wconf 93' lang='grc' dir='ltr'><strong><em>τι</em></strong></span> <span class='ocrx_word' id='word_1_156' title='bbox 751 2468 845 2523; x_wconf 80' lang='grc' dir='ltr'><strong><em>ποιεῖν</em></strong></span> <span class='ocrx_word' id='word_1_157' title='bbox 875 2461 1135 2535; x_wconf 71' lang='grc' dir='ltr'><strong><em>ἀπηλλαγμένος.</em></strong></span> <span class='ocrx_word' id='word_1_158' title='bbox 1169 2460 1326 2545; x_wconf 80' lang='lat' dir='ltr'>impedita</span> <span class='ocrx_word' id='word_1_159' title='bbox 1355 2465 1548 2526; x_wconf 79' lang='lat' dir='ltr'>constructio</span> <span class='ocrx_word' id='word_1_160' title='bbox 1578 2469 1643 2539; x_wconf 79' lang='lat' dir='ltr'>est,</span> <span class='ocrx_word' id='word_1_161' title='bbox 1675 2484 1732 2527; x_wconf 87' lang='lat' dir='ltr'>neo</span> 
     </span>
     <span class='ocr_line' id='line_1_18' title="bbox 540 2564 1731 2651; baseline 0.001 -22"><span class='ocrx_word' id='word_1_162' title='bbox 540 2565 687 2630; x_wconf 87' lang='lat' dir='ltr'>multum</span> <span class='ocrx_word' id='word_1_163' title='bbox 705 2565 871 2651; x_wconf 86' lang='lat' dir='ltr'>proficitur</span> <span class='ocrx_word' id='word_1_164' title='bbox 889 2564 1044 2630; x_wconf 88' lang='lat' dir='ltr'>Dindorfii</span> <span class='ocrx_word' id='word_1_165' title='bbox 1066 2566 1255 2641; x_wconf 84' lang='lat' dir='ltr'>coniectura,</span> <span class='ocrx_word' id='word_1_166' title='bbox 1277 2569 1333 2650; x_wconf 90' lang='lat' dir='ltr'>qni</span> <span class='ocrx_word' id='word_1_167' title='bbox 1350 2565 1433 2630; x_wconf 91' lang='lat' dir='ltr'>illud</span> <span class='ocrx_word' id='word_1_168' title='bbox 1453 2567 1586 2638; x_wconf 80' lang='grc' dir='ltr'><strong><em>βελτίων</em></strong></span> <span class='ocrx_word' id='word_1_169' title='bbox 1607 2588 1624 2631; x_wconf 91' lang='lat' dir='ltr'>e</span> <span class='ocrx_word' id='word_1_170' title='bbox 1640 2573 1731 2631; x_wconf 85' lang='lat' dir='ltr'>textu</span> 
     </span>
     <span class='ocr_line' id='line_1_19' title="bbox 540 2670 1731 2756; baseline -0.001 -19"><span class='ocrx_word' id='word_1_171' title='bbox 540 2672 648 2737; x_wconf 87' lang='lat' dir='ltr'>voluit</span> <span class='ocrx_word' id='word_1_172' title='bbox 682 2692 855 2737; x_wconf 82' lang='lat' dir='ltr'>removere.</span> <span class='ocrx_word' id='word_1_173' title='bbox 890 2670 1048 2756; x_wconf 76' lang='lat' dir='ltr'>Equidem</span> <span class='ocrx_word' id='word_1_174' title='bbox 1084 2670 1216 2755; x_wconf 89' lang='lat' dir='ltr'>reliquie</span> <span class='ocrx_word' id='word_1_175' title='bbox 1248 2693 1310 2735; x_wconf 91' lang='lat' dir='ltr'>nou</span> <span class='ocrx_word' id='word_1_176' title='bbox 1342 2693 1471 2756; x_wconf 82' lang='lat' dir='ltr'>possum</span> <span class='ocrx_word' id='word_1_177' title='bbox 1505 2672 1643 2747; x_wconf 87' lang='lat' dir='ltr'>mederi,</span> <span class='ocrx_word' id='word_1_178' title='bbox 1676 2672 1731 2736; x_wconf 85' lang='lat' dir='ltr'>eed</span> 
     </span>
     <span class='ocr_line' id='line_1_20' title="bbox 539 2772 1731 2863; baseline 0.002 -23"><span class='ocrx_word' id='word_1_179' title='bbox 539 2778 601 2842; x_wconf 86' lang='lat' dir='ltr'>hoc</span> <span class='ocrx_word' id='word_1_180' title='bbox 631 2776 780 2863; x_wconf 79' lang='lat' dir='ltr'>intelligo</span> <span class='ocrx_word' id='word_1_181' title='bbox 810 2784 986 2862; x_wconf 79' lang='lat' dir='ltr'>praestare:</span> <span class='ocrx_word' id='word_1_182' title='bbox 1018 2775 1088 2840; x_wconf 83' lang='grc' dir='ltr'><strong><em>οίκοι</em></strong></span> <span class='ocrx_word' id='word_1_183' title='bbox 1114 2777 1184 2850; x_wconf 80' lang='grc' dir='ltr'><strong><em>μὲν</em></strong></span> <span class='ocrx_word' id='word_1_184' title='bbox 1208 2772 1272 2839; x_wconf 83' lang='grc' dir='ltr'><strong><em>οὖν</em></strong></span> <span class='ocrx_word' id='word_1_185' title='bbox 1296 2778 1438 2853; x_wconf 81' lang='grc' dir='ltr'><strong><em>βελτίων.</em></strong></span> <span class='ocrx_word' id='word_1_186' title='bbox 1463 2776 1571 2841; x_wconf 76' lang='lat' dir='ltr'>Etiam</span> <span class='ocrx_word' id='word_1_187' title='bbox 1598 2785 1731 2860; x_wconf 81' lang='lat' dir='ltr'>quartus</span> 
     </span>
     <span class='ocr_line' id='line_1_21' title="bbox 538 2877 1729 2966; baseline 0.001 -21"><span class='ocrx_word' id='word_1_188' title='bbox 538 2881 631 2947; x_wconf 82' lang='lat' dir='ltr'>locus</span> <span class='ocrx_word' id='word_1_189' title='bbox 661 2882 744 2945; x_wconf 90' lang='lat' dir='ltr'>mihi</span> <span class='ocrx_word' id='word_1_190' title='bbox 775 2882 815 2946; x_wconf 81' lang='lat' dir='ltr'>ad</span> <span class='ocrx_word' id='word_1_191' title='bbox 845 2902 959 2946; x_wconf 82' lang='lat' dir='ltr'>manue</span> <span class='ocrx_word' id='word_1_192' title='bbox 991 2887 1055 2945; x_wconf 87' lang='lat' dir='ltr'>eet:</span> <span class='ocrx_word' id='word_1_193' title='bbox 1088 2879 1240 2946; x_wconf 79' lang='lat' dir='ltr'>Cherson.</span> <span class='ocrx_word' id='word_1_194' title='bbox 1274 2881 1352 2964; x_wconf 71' lang='lat'>§51</span> <span class='ocrx_word' id='word_1_195' title='bbox 1379 2904 1410 2966; x_wconf 90' lang='lat' dir='ltr'>p.</span> <span class='ocrx_word' id='word_1_196' title='bbox 1437 2881 1520 2946; x_wconf 77' lang='lat'>102:</span> <span class='ocrx_word' id='word_1_197' title='bbox 1545 2877 1578 2953; x_wconf 75' lang='grc' dir='ltr'><strong><em>ἣν</em></strong></span> <span class='ocrx_word' id='word_1_198' title='bbox 1602 2882 1658 2955; x_wconf 76' lang='grc' dir='ltr'><strong><em>μέν</em></strong></span> <span class='ocrx_word' id='word_1_199' title='bbox 1682 2907 1729 2952; x_wconf 88' lang='grc' dir='ltr'><strong><em>τις</em></strong></span> 
     </span>
     <span class='ocr_line' id='line_1_22' title="bbox 540 2987 1729 3065; baseline 0 -13"><span class='ocrx_word' id='word_1_200' title='bbox 540 2989 699 3065; x_wconf 76' lang='grc' dir='ltr'><strong><em>ἐλευθέρων</em></strong></span> <span class='ocrx_word' id='word_1_201' title='bbox 722 2988 833 3065; x_wconf 76' lang='grc' dir='ltr'><strong><em>α’νδρῶν</em></strong></span> <span class='ocrx_word' id='word_1_202' title='bbox 856 2988 997 3063; x_wconf 71' lang='grc' dir='ltr'><strong><em>ἀνάγκην</em></strong></span> <span class='ocrx_word' id='word_1_203' title='bbox 1020 2987 1113 3063; x_wconf 89' lang='grc' dir='ltr'><strong><em>είποι,</em></strong></span> <span class='ocrx_word' id='word_1_204' title='bbox 1138 2989 1171 3051; x_wconf 80' lang='grc' dir='ltr'>οὐ</span> <span class='ocrx_word' id='word_1_205' title='bbox 1195 2989 1313 3062; x_wconf 83' lang='grc' dir='ltr'><strong><em>μόνον</em></strong></span> <span class='ocrx_word' id='word_1_206' title='bbox 1333 2988 1386 3061; x_wconf 73' lang='grc' dir='ltr'>ήδη</span> <span class='ocrx_word' id='word_1_207' title='bbox 1412 2990 1539 3063; x_wconf 74' lang='grc' dir='ltr'><strong><em>ποίρεςιν</em></strong></span> <span class='ocrx_word' id='word_1_208' title='bbox 1564 2991 1650 3052; x_wconf 71' lang='grc' dir='ltr'><strong><em>ἀλλὰ</em></strong></span> <span class='ocrx_word' id='word_1_209' title='bbox 1676 2990 1729 3054; x_wconf 78' lang='grc' dir='ltr'>καί</span> 
     </span>
     <span class='ocr_line' id='line_1_23' title="bbox 542 3091 1729 3178; baseline 0.001 -20"><span class='ocrx_word' id='word_1_210' title='bbox 542 3095 643 3158; x_wconf 86' lang='grc' dir='ltr'><strong><em>τιίλαι</em></strong></span> <span class='ocrx_word' id='word_1_211' title='bbox 669 3094 873 3172; x_wconf 84' lang='grc' dir='ltr'><strong><em>παρελήλυθε.</em></strong></span> <span class='ocrx_word' id='word_1_212' title='bbox 906 3091 1044 3158; x_wconf 83' lang='lat' dir='ltr'>Oubetue</span> <span class='ocrx_word' id='word_1_213' title='bbox 1068 3092 1119 3157; x_wconf 85' lang='lat' dir='ltr'>hio</span> <span class='ocrx_word' id='word_1_214' title='bbox 1142 3096 1283 3157; x_wconf 82' lang='lat' dir='ltr'>incertus</span> <span class='ocrx_word' id='word_1_215' title='bbox 1307 3093 1416 3157; x_wconf 84' lang='lat' dir='ltr'>haeret</span> <span class='ocrx_word' id='word_1_216' title='bbox 1441 3094 1571 3158; x_wconf 76' lang='grc' dir='ltr'><strong><em>Μίεοιίί.</em></strong></span> <span class='ocrx_word' id='word_1_217' title='bbox 1596 3116 1626 3178; x_wconf 92' lang='lat' dir='ltr'>p.</span> <span class='ocrx_word' id='word_1_218' title='bbox 1653 3093 1729 3159; x_wconf 89' lang='grc'><strong>466.</strong></span> 
     </span>
     <span class='ocr_line' id='line_1_24' title="bbox 539 3198 1729 3283; baseline 0.001 -20"><span class='ocrx_word' id='word_1_219' title='bbox 539 3200 708 3277; x_wconf 85' lang='lat' dir='ltr'>„Insana&#39;’,</span> <span class='ocrx_word' id='word_1_220' title='bbox 728 3202 846 3283; x_wconf 85' lang='lat' dir='ltr'>inquit,</span> <span class='ocrx_word' id='word_1_221' title='bbox 869 3198 966 3274; x_wconf 82' lang='lat' dir='ltr'>„haec</span> <span class='ocrx_word' id='word_1_222' title='bbox 990 3201 1090 3262; x_wconf 79' lang='lat' dir='ltr'>oratio</span> <span class='ocrx_word' id='word_1_223' title='bbox 1114 3207 1171 3262; x_wconf 84' lang='lat' dir='ltr'>eet.</span> <span class='ocrx_word' id='word_1_224' title='bbox 1196 3198 1384 3263; x_wconf 87' lang='lat' dir='ltr'>Abeurdurn</span> <span class='ocrx_word' id='word_1_225' title='bbox 1409 3208 1456 3264; x_wconf 85' lang='lat' dir='ltr'>eet</span> <span class='ocrx_word' id='word_1_226' title='bbox 1481 3199 1584 3264; x_wconf 87' lang='lat' dir='ltr'>dicere</span> <span class='ocrx_word' id='word_1_227' title='bbox 1608 3199 1729 3283; x_wconf 81' lang='lat' dir='ltr'>aliquid</span> 
     </span>
     <span class='ocr_line' id='line_1_25' title="bbox 538 3304 1730 3385; baseline 0 -17"><span class='ocrx_word' id='word_1_228' title='bbox 538 3330 597 3369; x_wconf 79' lang='lat' dir='ltr'>non</span> <span class='ocrx_word' id='word_1_229' title='bbox 627 3308 720 3369; x_wconf 83' lang='grc' dir='ltr'><strong><em>ιοίιιιοι</em></strong></span> <span class='ocrx_word' id='word_1_230' title='bbox 750 3307 869 3380; x_wconf 72' lang='lat' dir='ltr'>adesce,</span> <span class='ocrx_word' id='word_1_231' title='bbox 901 3306 955 3367; x_wconf 74' lang='lat' dir='ltr'>sed</span> <span class='ocrx_word' id='word_1_232' title='bbox 985 3304 1073 3366; x_wconf 80' lang='lat' dir='ltr'>etiam</span> <span class='ocrx_word' id='word_1_233' title='bbox 1105 3305 1217 3365; x_wconf 82' lang='lat' dir='ltr'>dodum</span> <span class='ocrx_word' id='word_1_234' title='bbox 1233 3305 1440 3385; x_wconf 65' lang='lat' dir='ltr'>praeteriisse.</span> <span class='ocrx_word' id='word_1_235' title='bbox 1466 3305 1657 3369; x_wconf 85' lang='lat' dir='ltr'>Meudosum</span> <span class='ocrx_word' id='word_1_236' title='bbox 1682 3313 1730 3370; x_wconf 83' lang='lat' dir='ltr'>est</span> 
     </span>
     <span class='ocr_line' id='line_1_26' title="bbox 537 3408 1729 3494; baseline 0.002 -21"><span class='ocrx_word' id='word_1_237' title='bbox 537 3412 761 3488; x_wconf 79' lang='grc' dir='ltr'><strong><em>παρελήλυθεν,</em></strong></span> <span class='ocrx_word' id='word_1_238' title='bbox 792 3410 845 3475; x_wconf 85' lang='lat' dir='ltr'>eed</span> <span class='ocrx_word' id='word_1_239' title='bbox 877 3408 959 3472; x_wconf 91' lang='lat' dir='ltr'>nihil</span> <span class='ocrx_word' id='word_1_240' title='bbox 990 3412 1171 3494; x_wconf 79' lang='lat' dir='ltr'>excogitare</span> <span class='ocrx_word' id='word_1_241' title='bbox 1203 3431 1350 3494; x_wconf 83' lang='lat' dir='ltr'>possum,</span> <span class='ocrx_word' id='word_1_242' title='bbox 1384 3411 1468 3493; x_wconf 90' lang='lat' dir='ltr'>quod</span> <span class='ocrx_word' id='word_1_243' title='bbox 1499 3419 1531 3475; x_wconf 91' lang='lat' dir='ltr'>et</span> <span class='ocrx_word' id='word_1_244' title='bbox 1554 3415 1729 3475; x_wconf 82' lang='lat' dir='ltr'>sententiae</span> 
     </span>
     <span class='ocr_line' id='line_1_27' title="bbox 536 3513 1729 3600; baseline 0 -21"><span class='ocrx_word' id='word_1_245' title='bbox 536 3519 578 3580; x_wconf 85' lang='lat' dir='ltr'>eit</span> <span class='ocrx_word' id='word_1_246' title='bbox 610 3521 724 3599; x_wconf 83' lang='lat' dir='ltr'>aptum</span> <span class='ocrx_word' id='word_1_247' title='bbox 754 3536 812 3579; x_wconf 88' lang='lat' dir='ltr'>neo</span> <span class='ocrx_word' id='word_1_248' title='bbox 843 3513 985 3579; x_wconf 89' lang='lat' dir='ltr'>multum</span> <span class='ocrx_word' id='word_1_249' title='bbox 1008 3534 1026 3578; x_wconf 83' lang='lat' dir='ltr'>a</span> <span class='ocrx_word' id='word_1_250' title='bbox 1049 3513 1205 3578; x_wconf 88' lang='lat' dir='ltr'>librorum</span> <span class='ocrx_word' id='word_1_251' title='bbox 1230 3518 1388 3599; x_wconf 82' lang='lat' dir='ltr'>scriptura</span> <span class='ocrx_word' id='word_1_252' title='bbox 1412 3514 1599 3600; x_wconf 83' lang='lat' dir='ltr'>discrepet.&#39;&#39;</span> <span class='ocrx_word' id='word_1_253' title='bbox 1623 3514 1729 3579; x_wconf 84' lang='lat' dir='ltr'>Facile</span> 
     </span>
     <span class='ocr_line' id='line_1_28' title="bbox 536 3620 1729 3704; baseline 0.001 -20"><span class='ocrx_word' id='word_1_254' title='bbox 536 3620 645 3695; x_wconf 87' lang='lat' dir='ltr'>eredo,</span> <span class='ocrx_word' id='word_1_255' title='bbox 683 3641 757 3684; x_wconf 85' lang='lat' dir='ltr'>nem</span> <span class='ocrx_word' id='word_1_256' title='bbox 792 3641 905 3684; x_wconf 81' lang='lat' dir='ltr'>eanum</span> <span class='ocrx_word' id='word_1_257' title='bbox 939 3627 987 3684; x_wconf 82' lang='lat' dir='ltr'>eet</span> <span class='ocrx_word' id='word_1_258' title='bbox 1018 3620 1155 3684; x_wconf 85' lang='lat' dir='ltr'>verbum</span> <span class='ocrx_word' id='word_1_259' title='bbox 1190 3622 1410 3695; x_wconf 76' lang='grc' dir='ltr'><strong><em>παρελήλυθεν,</em></strong></span> <span class='ocrx_word' id='word_1_260' title='bbox 1447 3621 1531 3704; x_wconf 89' lang='lat' dir='ltr'>quod</span> <span class='ocrx_word' id='word_1_261' title='bbox 1567 3621 1729 3686; x_wconf 82' lang='lat' dir='ltr'>ostendere</span> 
     </span>
     <span class='ocr_line' id='line_1_29' title="bbox 536 3723 1728 3810; baseline -0.001 -21"><span class='ocrx_word' id='word_1_262' title='bbox 536 3729 657 3810; x_wconf 84' lang='lat' dir='ltr'>poterit</span> <span class='ocrx_word' id='word_1_263' title='bbox 682 3723 794 3791; x_wconf 82' lang='lat' dir='ltr'>Coron.</span> <span class='ocrx_word' id='word_1_264' title='bbox 819 3724 893 3810; x_wconf 76' lang='lat'>§48</span> <span class='ocrx_word' id='word_1_265' title='bbox 917 3747 947 3810; x_wconf 90' lang='lat' dir='ltr'>p.</span> <span class='ocrx_word' id='word_1_266' title='bbox 973 3725 1057 3790; x_wconf 78' lang='lat'>241:</span> <span class='ocrx_word' id='word_1_267' title='bbox 1083 3726 1134 3787; x_wconf 74' lang='grc' dir='ltr'>καί</span> <span class='ocrx_word' id='word_1_268' title='bbox 1155 3727 1219 3802; x_wconf 70' lang='grc' dir='ltr'>γὰρ</span> <span class='ocrx_word' id='word_1_269' title='bbox 1239 3728 1264 3788; x_wconf 86' lang='grc' dir='ltr'>εί</span> <span class='ocrx_word' id='word_1_270' title='bbox 1286 3729 1494 3802; x_wconf 72' lang='grc' dir='ltr'><strong><em>παρελήλυθεν</em></strong></span> <span class='ocrx_word' id='word_1_271' title='bbox 1515 3728 1528 3788; x_wconf 83' lang='grc' dir='ltr'><strong><em>θ</em></strong></span> <span class='ocrx_word' id='word_1_272' title='bbox 1551 3732 1607 3788; x_wconf 83' lang='grc' dir='ltr'>τῶν</span> <span class='ocrx_word' id='word_1_273' title='bbox 1629 3750 1728 3801; x_wconf 70' lang='grc' dir='ltr'><strong><em>πραγ-</em></strong></span> 
     </span>
     <span class='ocr_line' id='line_1_30' title="bbox 535 3831 1728 3909; baseline 0.001 -18"><span class='ocrx_word' id='word_1_274' title='bbox 535 3832 645 3905; x_wconf 83' lang='grc' dir='ltr'><strong><em>μοίτων</em></strong></span> <span class='ocrx_word' id='word_1_275' title='bbox 671 3833 788 3907; x_wconf 82' lang='grc' dir='ltr'><strong><em>καιρός,</em></strong></span> <span class='ocrx_word' id='word_1_276' title='bbox 813 3831 826 3893; x_wconf 82' lang='grc' dir='ltr'><strong><em>ί</em></strong></span> <span class='ocrx_word' id='word_1_277' title='bbox 850 3836 903 3893; x_wconf 82' lang='grc' dir='ltr'><strong><em>τοῦ</em></strong></span> <span class='ocrx_word' id='word_1_278' title='bbox 928 3854 967 3905; x_wconf 72' lang='grc' dir='ltr'>γε</span> <span class='ocrx_word' id='word_1_279' title='bbox 992 3831 1100 3894; x_wconf 76' lang='grc' dir='ltr'><strong><em>είδίναι</em></strong></span> <span class='ocrx_word' id='word_1_280' title='bbox 1125 3833 1166 3892; x_wconf 79' lang='grc' dir='ltr'><strong><em>τοὶ</em></strong></span> <span class='ocrx_word' id='word_1_281' title='bbox 1192 3836 1321 3893; x_wconf 83' lang='grc' dir='ltr'><strong><em>τοιαῦτα</em></strong></span> <span class='ocrx_word' id='word_1_282' title='bbox 1344 3833 1443 3909; x_wconf 82' lang='grc' dir='ltr'><strong><em>καιρὸς</em></strong></span> <span class='ocrx_word' id='word_1_283' title='bbox 1466 3832 1513 3894; x_wconf 81' lang='grc' dir='ltr'>αέί</span> <span class='ocrx_word' id='word_1_284' title='bbox 1533 3855 1642 3908; x_wconf 75' lang='grc' dir='ltr'><strong><em>παρεςι</em></strong></span> <span class='ocrx_word' id='word_1_285' title='bbox 1664 3839 1728 3901; x_wconf 90' lang='grc' dir='ltr'><strong><em>τοῖς</em></strong></span> 
     </span>
     <span class='ocr_line' id='line_1_31' title="bbox 537 3932 1726 4019; baseline 0.001 -21"><span class='ocrx_word' id='word_1_286' title='bbox 537 3960 576 4011; x_wconf 74' lang='grc' dir='ltr'>γε</span> <span class='ocrx_word' id='word_1_287' title='bbox 609 3940 769 4013; x_wconf 80' lang='grc' dir='ltr'><strong><em>σώφροσιν.</em></strong></span> <span class='ocrx_word' id='word_1_288' title='bbox 801 3934 863 3999; x_wconf 80' lang='lat' dir='ltr'>Sed</span> <span class='ocrx_word' id='word_1_289' title='bbox 893 3938 959 3999; x_wconf 81' lang='lat' dir='ltr'>iam</span> <span class='ocrx_word' id='word_1_290' title='bbox 991 3934 1080 3999; x_wconf 84' lang='lat' dir='ltr'>vides</span> <span class='ocrx_word' id='word_1_291' title='bbox 1111 3935 1187 4019; x_wconf 89' lang='lat' dir='ltr'>quid</span> <span class='ocrx_word' id='word_1_292' title='bbox 1218 3938 1395 4019; x_wconf 82' lang='lat' dir='ltr'>requiram:</span> <span class='ocrx_word' id='word_1_293' title='bbox 1427 3940 1459 3999; x_wconf 83' lang='grc' dir='ltr'>οὐ</span> <span class='ocrx_word' id='word_1_294' title='bbox 1490 3938 1561 4011; x_wconf 73' lang='grc' dir='ltr'>μὲν</span> <span class='ocrx_word' id='word_1_295' title='bbox 1587 3932 1649 4000; x_wconf 79' lang='grc' dir='ltr'><strong><em>οὖν</em></strong></span> <span class='ocrx_word' id='word_1_296' title='bbox 1674 3936 1726 4007; x_wconf 76' lang='grc' dir='ltr'>ήδη</span> 
     </span>
     <span class='ocr_line' id='line_1_32' title="bbox 537 4038 1729 4118; baseline -0.002 -14"><span class='ocrx_word' id='word_1_297' title='bbox 537 4041 666 4117; x_wconf 71' lang='grc' dir='ltr'><strong><em>πάρεσιν</em></strong></span> <span class='ocrx_word' id='word_1_298' title='bbox 696 4041 784 4103; x_wconf 76' lang='grc' dir='ltr'><strong><em>ἀλλὰ</em></strong></span> <span class='ocrx_word' id='word_1_299' title='bbox 817 4042 868 4102; x_wconf 81' lang='grc' dir='ltr'>καί</span> <span class='ocrx_word' id='word_1_300' title='bbox 900 4039 1004 4103; x_wconf 75' lang='grc' dir='ltr'><strong><em>πάλαι</em></strong></span> <span class='ocrx_word' id='word_1_301' title='bbox 1028 4040 1249 4118; x_wconf 84' lang='grc' dir='ltr'><strong><em>παρελήλυθεν,</em></strong></span> <span class='ocrx_word' id='word_1_302' title='bbox 1280 4042 1302 4102; x_wconf 87' lang='lat' dir='ltr'>i.</span> <span class='ocrx_word' id='word_1_303' title='bbox 1324 4061 1350 4104; x_wconf 84' lang='lat' dir='ltr'>e.</span> <span class='ocrx_word' id='word_1_304' title='bbox 1382 4061 1438 4104; x_wconf 90' lang='lat' dir='ltr'>nec</span> <span class='ocrx_word' id='word_1_305' title='bbox 1461 4062 1527 4103; x_wconf 81' lang='lat' dir='ltr'>vcro</span> <span class='ocrx_word' id='word_1_306' title='bbox 1550 4043 1615 4104; x_wconf 82' lang='lat' dir='ltr'>iam</span> <span class='ocrx_word' id='word_1_307' title='bbox 1640 4038 1729 4104; x_wconf 80' lang='lat' dir='ltr'>adest</span> 
     </span>
     <span class='ocr_line' id='line_1_33' title="bbox 536 4143 1107 4229; baseline -0.002 -21"><span class='ocrx_word' id='word_1_308' title='bbox 536 4155 684 4229; x_wconf 79' lang='lat' dir='ltr'>tempus,</span> <span class='ocrx_word' id='word_1_309' title='bbox 709 4143 764 4210; x_wconf 82' lang='lat' dir='ltr'>ned</span> <span class='ocrx_word' id='word_1_310' title='bbox 788 4143 911 4208; x_wconf 88' lang='lat' dir='ltr'>dudum</span> <span class='ocrx_word' id='word_1_311' title='bbox 932 4145 1107 4229; x_wconf 78' lang='lat' dir='ltr'>proeteriit.</span> 
     </span>
    </p>
   </div>
   <div class='ocr_carea' id='block_1_3' title="bbox 530 4350 1727 4858">
    <p class='ocr_par' dir='ltr' id='par_1_3' title="bbox 530 4350 1727 4858">
     <span class='ocr_line' id='line_1_34' title="bbox 581 4350 1727 4439; baseline 0.002 -21"><span class='ocrx_word' id='word_1_312' title='bbox 581 4356 599 4438; x_wconf 62' lang='grc' dir='ltr'><strong>ξ</strong></span> <span class='ocrx_word' id='word_1_313' title='bbox 621 4353 664 4418; x_wconf 83' lang='grc'>38</span> <span class='ocrx_word' id='word_1_314' title='bbox 689 4375 719 4438; x_wconf 94' lang='lat' dir='ltr'>p.</span> <span class='ocrx_word' id='word_1_315' title='bbox 745 4352 804 4419; x_wconf 85' lang='lat'>86:</span> <span class='ocrx_word' id='word_1_316' title='bbox 831 4353 903 4430; x_wconf 73' lang='grc' dir='ltr'><strong><em>ὑπὲρ</em></strong></span> <span class='ocrx_word' id='word_1_317' title='bbox 927 4350 960 4417; x_wconf 84' lang='grc' dir='ltr'>οὗ</span> <span class='ocrx_word' id='word_1_318' title='bbox 984 4353 1072 4427; x_wconf 83' lang='grc' dir='ltr'><strong><em>ὑμεῖς</em></strong></span> <span class='ocrx_word' id='word_1_319' title='bbox 1097 4362 1208 4432; x_wconf 88' lang='grc' dir='ltr'><strong><em>τρεῖς</em></strong></span> <span class='ocrx_word' id='word_1_320' title='bbox 1232 4355 1376 4434; x_wconf 73' lang='grc' dir='ltr'><strong><em>πρέσβεις</em></strong></span> <span class='ocrx_word' id='word_1_321' title='bbox 1403 4356 1571 4433; x_wconf 79' lang='grc' dir='ltr'><strong><em>ἐπέμψατε</em></strong></span> <span class='ocrx_word' id='word_1_322' title='bbox 1596 4359 1727 4439; x_wconf 81' lang='grc' dir='ltr'><strong><em>[οὶπαι-</em></strong></span> 
     </span>
     <span class='ocr_line' id='line_1_35' title="bbox 532 4457 1727 4546; baseline 0.004 -24"><span class='ocrx_word' id='word_1_323' title='bbox 532 4462 728 4542; x_wconf 83' lang='grc' dir='ltr'><strong><em>τοῦντει].</em></strong></span> <span class='ocrx_word' id='word_1_324' title='bbox 767 4458 978 4543; x_wconf 85' lang='lat' dir='ltr'>Participium</span> <span class='ocrx_word' id='word_1_325' title='bbox 1013 4457 1247 4523; x_wconf 81' lang='lat' dir='ltr'>eliminandum</span> <span class='ocrx_word' id='word_1_326' title='bbox 1283 4467 1347 4537; x_wconf 85' lang='lat' dir='ltr'>eet,</span> <span class='ocrx_word' id='word_1_327' title='bbox 1385 4463 1480 4526; x_wconf 80' lang='lat' dir='ltr'>sicuti</span> <span class='ocrx_word' id='word_1_328' title='bbox 1515 4464 1547 4525; x_wconf 92' lang='lat' dir='ltr'>in</span> <span class='ocrx_word' id='word_1_329' title='bbox 1583 4465 1727 4546; x_wconf 87' lang='lat' dir='ltr'>proxime</span> 
     </span>
     <span class='ocr_line' id='line_1_36' title="bbox 533 4563 1724 4652; baseline 0.003 -23"><span class='ocrx_word' id='word_1_330' title='bbox 533 4564 743 4648; x_wconf 81' lang='lat' dir='ltr'>sequentibus</span> <span class='ocrx_word' id='word_1_331' title='bbox 781 4569 854 4650; x_wconf 88' lang='lat' dir='ltr'>poet</span> <span class='ocrx_word' id='word_1_332' title='bbox 888 4565 947 4628; x_wconf 76' lang='grc' dir='ltr'>οὐδ’</span> <span class='ocrx_word' id='word_1_333' title='bbox 980 4566 1134 4639; x_wconf 73' lang='grc' dir='ltr'><strong><em>αναίρεσιν</em></strong></span> <span class='ocrx_word' id='word_1_334' title='bbox 1165 4563 1273 4629; x_wconf 75' lang='grc' dir='ltr'><strong><em>ἔδωκεν</em></strong></span> <span class='ocrx_word' id='word_1_335' title='bbox 1304 4563 1442 4632; x_wconf 80' lang='lat' dir='ltr'>Cobetue</span> <span class='ocrx_word' id='word_1_336' title='bbox 1474 4571 1631 4652; x_wconf 78' lang='lat' dir='ltr'>expunxit</span> <span class='ocrx_word' id='word_1_337' title='bbox 1662 4567 1724 4632; x_wconf 84' lang='grc' dir='ltr'><strong><em>ίνα</em></strong></span> 
     </span>
     <span class='ocr_line' id='line_1_37' title="bbox 531 4667 1726 4756; baseline 0.005 -25"><span class='ocrx_word' id='word_1_338' title='bbox 531 4679 666 4746; x_wconf 76' lang='grc' dir='ltr'><strong><em>ταφή,</em></strong></span> <span class='ocrx_word' id='word_1_339' title='bbox 702 4689 797 4752; x_wconf 81' lang='lat' dir='ltr'>quam</span> <span class='ocrx_word' id='word_1_340' title='bbox 835 4672 1049 4753; x_wconf 80' lang='lat' dir='ltr'>suspicionem</span> <span class='ocrx_word' id='word_1_341' title='bbox 1083 4667 1243 4747; x_wconf 79' lang='lat' dir='ltr'>Blaesius,</span> <span class='ocrx_word' id='word_1_342' title='bbox 1280 4692 1355 4735; x_wconf 89' lang='lat' dir='ltr'>eum</span> <span class='ocrx_word' id='word_1_343' title='bbox 1386 4671 1535 4756; x_wconf 76' lang='lat' dir='ltr'>plurimis</span> <span class='ocrx_word' id='word_1_344' title='bbox 1566 4673 1656 4749; x_wconf 83' lang='lat' dir='ltr'>aliis,</span> <span class='ocrx_word' id='word_1_345' title='bbox 1688 4694 1726 4737; x_wconf 88' lang='lat' dir='ltr'>ne</span> 
     </span>
     <span class='ocr_line' id='line_1_38' title="bbox 530 4772 1725 4858; baseline 0.007 -22"><span class='ocrx_word' id='word_1_346' title='bbox 530 4775 726 4836; x_wconf 79' lang='lat' dir='ltr'>memoravit</span> <span class='ocrx_word' id='word_1_347' title='bbox 747 4772 886 4856; x_wconf 87' lang='lat' dir='ltr'>quidem.</span> <span class='ocrx_word' id='word_1_348' title='bbox 907 4772 967 4838; x_wconf 75' lang='lat' dir='ltr'>nst</span> <span class='ocrx_word' id='word_1_349' title='bbox 986 4780 1149 4858; x_wconf 77' lang='lat' dir='ltr'>praeterea</span> <span class='ocrx_word' id='word_1_350' title='bbox 1169 4774 1305 4839; x_wconf 80' lang='lat' dir='ltr'>Parisini</span> <span class='ocrx_word' id='word_1_351' title='bbox 1324 4774 1451 4841; x_wconf 83' lang='lat' dir='ltr'>Codicis</span> <span class='ocrx_word' id='word_1_352' title='bbox 1463 4776 1558 4843; x_wconf 82' lang='lat' dir='ltr'>lectio</span> <span class='ocrx_word' id='word_1_353' title='bbox 1571 4778 1725 4856; x_wconf 77' lang='grc' dir='ltr'><strong><em>πρέσβεις,</em></strong></span> 
     </span>
    </p>
   </div>
   <div class='ocr_carea' id='block_1_4' title="bbox 0 0 2268 5943">
    <p class='ocr_par' dir='ltr' id='par_1_4' title="bbox 0 0 2268 5943">
     <span class='ocr_line' id='line_1_39' title="bbox 0 0 2268 5943; baseline 0 0"><span class='ocrx_word' id='word_1_354' title='bbox 0 0 2268 5943; x_wconf 95' lang='lat' dir='ltr'> </span> 
     </span>
    </p>
   </div>
  </div>
 </body>
</html>
