4525 5950
541 696 584 763 36
1067 711 1200 761 annuos.

585 878 671 958 Quae
695 876 808 942 deinde
831 875 1005 964 leguntur:
1029 876 1089 939 illa
1111 883 1265 961 atcrrmqae
1287 877 1385 939 altera
1408 876 1491 961 pales
1513 876 1596 939 nibil
1617 878 1735 962 quidem

537 985 605 1068 lpsa
634 984 809 1065 praestabat
839 983 955 1060 areima,
979 984 1034 1046 sed
1054 983 1265 1065 impedimenta
1287 982 1468 1045 removebat:
1492 983 1631 1065 voluptas
1654 984 1735 1047 altro

537 1089 677 1154 dissolvit
708 1097 737 1153 et
763 1112 844 1153 omme
868 1089 957 1152 robur
978 1089 1092 1153 emollit
1114 1111 1177 1154 non
1201 1093 1286 1154 reate
1310 1093 1384 1174 post
1404 1091 1524 1153 bomesto
1547 1089 1735 1153 imboacstum

536 1198 567 1280 (§
580 1196 614 1276 6)
634 1198 799 1281 transponi
819 1198 914 1260 iussit
934 1194 969 1259 Ο.
991 1193 1151 1272 Ribbeck;
1172 1194 1358 1281 imperfecta
1377 1198 1464 1259 enim
1482 1194 1541 1261 illa
1555 1197 1735 1278 praestabat

536 1308 569 1367 et
598 1302 763 1366 removebat
791 1301 934 1367 indicant
965 1300 1003 1365 de
1034 1321 1067 1364 ra
1097 1304 1163 1365 iam
1194 1308 1287 1366 antea
1319 1306 1453 1366 tractata
1476 1302 1528 1366 hic
1551 1322 1735 1367 sermonem

536 1407 623 1485 fieri;
660 1410 688 1472 si
723 1413 834 1473 contra
870 1407 946 1472 haec
977 1407 1075 1472 verba
1106 1405 1165 1491 §6
1195 1405 1390 1493 legerentur,
1427 1427 1574 1492 praesens
1603 1413 1735 1493 tempus

536 1515 666 1578 omnino
697 1515 913 1578 necessarium
943 1519 1020 1577 erat.
1053 1510 1116 1577 Sed
1139 1533 1193 1576 me
1222 1511 1328 1578 iudice
1352 1534 1421 1578 voc.
1446 1519 1600 1597 atcumque
1624 1516 1736 1598 utique

535 1618 707 1685 delendum
739 1626 805 1698 est,
838 1640 913 1684 oum
943 1617 1103 1704 quomodo
1126 1617 1352 1702 explicandum
1377 1620 1503 1682 sitnon
1528 1617 1674 1696 videam3
1700 1622 1735 1684 in

535 1724 598 1809 56,
622 1725 706 1790 unde
726 1726 789 1790 huc
808 1727 971 1810 irrepsisse
991 1723 1129 1801 videtur,
1150 1725 1230 1789 bens
1248 1726 1397 1811 iungitur
1415 1745 1491 1789 oum
1509 1724 1605 1790 verbo
1625 1725 1733 1808 recipi,

535 1831 590 1897 sed
615 1832 685 1909 hic,
710 1833 746 1896 ni
767 1829 872 1908 fallor,
897 1833 986 1899 omni
1009 1851 1105 1896 sensu
1128 1837 1223 1896 caret.

580 2050 662 2116 Ibid.
683 2049 737 2115 29.
762 2050 850 2115 Haec
870 2049 1091 2135 paragraphus
1111 2070 1129 2114 a
1149 2047 1344 2114 Buechelero
1358 2051 1390 2113 in
1402 2052 1569 2136 integrum
1581 2052 1734 2116 restituta

537 2177 605 2222 asse
640 2156 722 2220 mihi
758 2155 902 2233 videtur;
939 2154 1163 2220 tantummodo
1194 2177 1251 2241 pro
1283 2175 1351 2221 voc.
1382 2156 1460 2219 banc
1491 2159 1525 2221 in
1556 2163 1653 2221 sent:
1674 2179 1734 2239 per

534 2263 612 2326 boae
639 2268 741 2344 polest
771 2283 831 2325 moa
859 2261 1047 2343 paealtemlo
1077 2261 1129 2341 apl
1160 2262 1224 2324 vita
1255 2263 1363 2346 potius
1393 2261 1466 2325 baec
1488 2261 1732 2339 substituerim;

534 2389 610 2434 nam
628 2392 688 2452 per
710 2370 789 2432 tanc
811 2367 893 2432 nihii
917 2367 1005 2432 uliud
1028 2366 1209 2454 significare
1232 2373 1338 2453 potest
1361 2388 1457 2452 quam
1474 2390 1534 2450 per
1552 2368 1630 2431 tanc
1648 2375 1734 2432 acta-

536 2483 592 2539 tcm
622 2475 702 2556 (rid.
727 2479 919 2554 contextus),
951 2473 1035 2559 quod
1065 2476 1121 2537 vix
1152 2480 1265 2559 aptum
1296 2494 1426 2538 sensum
1448 2474 1587 2559 praebet.
1611 2472 1733 2541 Contra

530 2604 591 2664 per
612 2582 685 2645 baec
708 2583 816 2645 omnia
841 2599 938 2665 supra
961 2579 1061 2644 dicta:
1089 2577 1277 2654 „oculorum
1299 2585 1332 2645 et
1355 2582 1484 2645 aurium
1508 2601 1655 2658 sensum,
1682 2582 1733 2647 ba

534 2708 610 2752 nam
643 2684 879 2761 valetudinem,
910 2707 973 2750 non
1001 2685 1129 2750 foedum
1154 2691 1320 2771 aspectum
1343 2688 1501 2772 eorporis,
1525 2689 1640 2751 astatis
1663 2685 1731 2751 lon-

532 2795 608 2879 gius
631 2792 807 2878 spatium”,
833 2794 985 2857 continet.

578 2996 637 3083 Ep.
664 2994 718 3073 94,
732 2995 784 3060 31.
809 2995 844 3059 In
868 2997 928 3060 hac
949 2993 1088 3080 epistula
1108 2999 1274 3081 quaeritur
1292 3001 1403 3061 utrum
1423 2996 1462 3060 ad
1483 2998 1587 3060 vitam
1600 2996 1728 3062 beatam

531 3105 650 3167 decreta
670 3101 828 3166 sufficiant
847 3123 887 3167 an
909 3101 1124 3165 admonitiones
1144 3119 1270 3188 quoque
1289 3101 1413 3187 aliquid
1433 3102 1574 3167 conferre
1592 3105 1728 3188 possint.

531 3207 567 3273 L.
581 3207 603 3272 l.
636 3207 837 3273 adversarius
868 3207 927 3272 hoo
961 3207 1089 3273 obiicit:
1120 3210 1149 3272 si
1179 3209 1246 3294 qais
1277 3231 1336 3272 moa
1366 3208 1453 3271 babet
1484 3215 1566 3271 recta
1588 3209 1728 3287 demeto,

532 3314 607 3400 qaid
636 3313 724 3376 illam
748 3313 963 3377 obrooar'tv'omes
986 3313 1130 3378 lavabunt
1154 3315 1273 3380 vitiosas
1296 3313 1481 3397 obls'patam?
1512 3312 1602 3380 Tunc
1625 3312 1658 3379 S.
1684 3337 1730 3381 re·

532 3418 681 3505 spondet:
715 3420 769 3481 boc
791 3419 924 3496 scillcet,
948 3426 983 3482 vt
1005 3420 1071 3483 illis
1096 3420 1248 3484 liberetur.
1272 3442 1331 3483 aaa
1356 3419 1433 3483 enlm
1458 3419 1589 3482 cotiacto
1613 3419 1645 3482 ia
1672 3421 1728 3483 illo

532 3524 648 3589 indoles
669 3524 822 3588 aotaralr's
844 3532 905 3602 est,
928 3527 983 3589 sed
1006 3526 1161 3589 obscurata
1186 3533 1214 3590 el
1233 3549 1382 3609 oppressa.
1406 3525 1451 3589 sic
1473 3547 1585 3610 qaoque
1604 3533 1728 3607 temptat

532 3652 685 3710 reserpere
707 3637 736 3694 et
759 3637 862 3694 contra
883 3653 981 3713 prava
1003 3631 1124 3709 aititur,
1149 3632 1259 3696 mamete
1282 3655 1350 3696 vero
1362 3631 1551 3713 praesidium
1571 3638 1600 3694 et
1618 3632 1727 3695 adlata

526 3736 699 3819 praeceptis
730 3737 887 3814 evalescit,
918 3737 946 3800 si
969 3746 1064 3801 tamea
1089 3738 1176 3801 illam
1199 3740 1321 3803 diutina
1338 3738 1435 3821 pestis
1457 3760 1515 3801 mom
1538 3737 1652 3822 infecit
1675 3760 1727 3800 aec
1775 3761 1777 3767 ·

533 3843 666 3906 eaecait:
697 3843 774 3905 lanc
805 3843 881 3906 emim
910 3865 948 3906 ve
970 3843 1137 3926 disciplima
1159 3846 1277 3931 quidem
1293 3843 1506 3928 philosophiae
1529 3850 1589 3907 toto
1613 3844 1726 3927 impeta

532 3971 584 4012 sao
608 3948 710 4012 conisa
732 3949 880 4014 restituet.

578 4055 641 4118 Pro
670 4054 796 4138 infecit,
830 4053 915 4138 quod
948 4053 1069 4119 codices
1100 4056 1195 4134 dant,
1229 4055 1402 4122 Buecheler
1434 4055 1591 4139 interfecit
1620 4053 1729 4142 legere

533 4159 675 4237 mavult,
712 4160 795 4245 quod
831 4160 973 4225 Hensius
1009 4163 1107 4224 etiam
1139 4164 1274 4247 recepit,
1307 4163 1425 4226 iniuria
1457 4167 1582 4236 tamen,
1618 4164 1647 4225 si
1678 4182 1729 4226 me

533 4266 654 4331 audias.
686 4264 756 4331 Non
789 4265 931 4330 multum
963 4268 1048 4330 enim
1080 4269 1233 4332 interesse
1257 4267 1385 4332 videtur
1408 4270 1492 4331 inter
1515 4266 1674 4348 interfecit
1696 4274 1728 4332 et

533 4372 663 4450 emecmt;
689 4378 799 4438 contra
821 4373 933 4456 infecit
957 4374 1078 4457 optima
1102 4374 1141 4438 de
1165 4373 1309 4438 diutinae
1332 4375 1432 4459 pestis
1455 4373 1641 4438 efficacitate
1665 4372 1727 4438 dici

532 4483 656 4563 potest,
680 4499 776 4563 quare
801 4478 860 4542 hoc
883 4480 1012 4542 omnino
1036 4478 1239 4544 retinendum
1263 4500 1384 4545 censeo.

577 4697 659 4762 Ibid.
685 4696 738 4761 41.
763 4697 828 4760 Nec
851 4696 907 4759 tibi
924 4696 1030 4782 facile
1052 4696 1181 4761 dloerr'm
1202 4699 1442 4782 quemadmodum
1461 4698 1561 4780 prosit
1579 4705 1635 4774 (sa.
1658 4721 1729 4766 oon·

533 4806 671 4870 versatio
693 4806 837 4868 virorum
863 4804 1043 4884 bonorum),
1067 4804 1113 4867 sic
1136 4811 1171 4867 ot
1192 4803 1275 4867 illud
1296 4804 1467 4886 iutellepam
1485 4805 1656 4890 profuisse.
