4525 5950
970 691 1106 739 cuorus.
1570 669 1636 737 387

439 859 559 920 incisos
586 858 685 920 etiam
707 858 898 940 ingratiores
921 856 1048 921 reddat:
1081 878 1165 921 uuus
1189 864 1221 921 et
1245 855 1326 921 alter
1346 878 1458 922 eorum
1482 857 1558 922 ferri
1582 861 1636 922 vir

440 969 547 1046 potest
569 971 610 1040 (e.
632 983 658 1026 o.
684 961 737 1037 61,
759 961 848 1040 349).
874 962 960 1047 Ergo
980 964 1038 1027 hoc
1058 966 1189 1027 nomine
1208 961 1359 1046 Epicadio
1378 970 1518 1048 praestat
1538 966 1637 1028 etiam

441 1067 746 1151 Metamorphoseon
769 1066 851 1132 liber
873 1071 1014 1152 primus,
1041 1075 1170 1153 propter
1192 1071 1328 1132 istarum
1352 1089 1556 1133 caesurarum
1580 1070 1638 1134 fre

442 1176 608 1258 quantiam
633 1175 770 1238 minime
793 1171 971 1237 laudandus
994 1173 1132 1253 (12:1).

490 1277 585 1343 Ultra
615 1281 829 1363 investigare,
859 1278 1027 1364 colligere,
1051 1299 1219 1344 numerare
1241 1278 1329 1343 nolui
1353 1300 1456 1364 neque
1478 1279 1559 1344 utile
1583 1303 1638 1365 pn·

443 1386 523 1449 tavi.
560 1382 616 1448 Sat
647 1382 752 1448 multa
782 1386 847 1448 iam
878 1387 1030 1469 proposui
1060 1406 1077 1449 e
1109 1385 1225 1469 quibus
1257 1384 1295 1448 de
1327 1390 1395 1449 tota
1423 1406 1456 1450 re
1479 1386 1635 1450 iudicium

443 1491 565 1554 efficere
587 1492 758 1574 possimus.

489 1596 603 1660 Poetae
636 1595 753 1661 latinos
787 1598 917 1660 omnino
952 1598 1155 1681 ignoravisse
1188 1594 1296 1681 legem
1331 1595 1369 1661 de
1405 1596 1536 1661 vitanda
1565 1601 1638 1681 post

442 1709 597 1786 quartum
634 1702 820 1765 trochaeum
856 1722 986 1766 caesura
1019 1700 1123 1766 dicere
1158 1722 1220 1765 non
1255 1701 1373 1778 audeo;
1410 1702 1516 1767 obstat
1550 1705 1638 1767 enim

443 1807 529 1891 quod
549 1807 710 1871 Lucienus
729 1805 907 1872 Muellerus
927 1829 957 1892 p.
975 1806 1037 1871 192
1057 1805 1165 1872 decet:
1187 1810 1322 1872 vitatam
1342 1828 1413 1872 eam
1430 1808 1638 1873 deindustria

443 1913 477 1977 et
502 1933 520 1976 a
544 1912 713 1998 Lygdamo
737 1913 769 1977 et
793 1932 811 1975 a
835 1919 929 1998 poeta
953 1915 1010 1997 qui
1032 1912 1241 1998 Lygdamum
1265 1918 1367 1978 aetate
1390 1912 1533 1978 multum
1553 1920 1638 1979 ante-

442 2018 544 2083 cedit:
570 2016 737 2084 Catullum
761 2018 832 2082 dico
855 2021 887 2082 in
912 2017 1033 2104 epyllio
1058 2038 1125 2082 suo.
1151 2017 1194 2081 Elt
1218 2021 1345 2083 omnino
1370 2039 1462 2104 parce
1481 2027 1637 2104 cauteque

442 2144 479 2189 ea
503 2146 581 2188 usus
603 2145 670 2189 esse
694 2125 823 2189 videtur
846 2122 1004 2190 Catullus.

489 2230 615 2316 Ergone
649 2251 724 2294 cum
756 2233 825 2294 viro
855 2228 913 2294 illo
945 2230 1055 2306 docto,
1088 2231 1181 2294 ouius
1211 2231 1245 2293 in
1276 2232 1369 2295 initio
1402 2230 1499 2295 huius
1522 2234 1637 2316 capitis

442 2338 636 2400 mentionem
661 2337 739 2412 ieci,
762 2341 944 2400 statuemus
967 2356 985 2400 a
1008 2334 1199 2400 cultioribus
1223 2337 1325 2419 poetis
1350 2338 1479 2400 omnino
1500 2338 1637 2401 vitatam

442 2461 606 2505 caesuram
636 2443 750 2517 istam,
783 2440 839 2506 sed
869 2441 920 2506 hic
951 2440 1020 2506 illic
1052 2448 1160 2505 tamen
1183 2443 1349 2525 irrepsisse
1373 2462 1460 2517 eam,
1485 2445 1636 2526 quoniam

441 2553 537 2630 poeta
556 2553 613 2611 aut
630 2545 727 2610 Ennii
745 2545 852 2610 locum
873 2545 1012 2630 aliquem
1033 2545 1216 2631 legentibus
1235 2549 1269 2610 in
1289 2549 1478 2611 memoriam
1489 2568 1636 2613 revocare

442 2649 542 2716 vellet
573 2658 629 2715 ant
658 2653 722 2735 ipsi
751 2651 963 2736 (imprudenti
994 2653 1151 2715 nimirum
1182 2658 1214 2716 et
1244 2653 1361 2731 invito)
1387 2672 1496 2716 versus
1519 2651 1636 2737 aliquis

443 2757 607 2821 Ennianus
637 2760 728 2835 (satie
758 2754 1018 2842 intempestirel)
1049 2759 1083 2820 in
1115 2763 1258 2821 mentem
1282 2754 1427 2821 veniret?
1450 2757 1636 2844 Excogitari

443 2884 534 2949 posse
565 2861 647 2926 nihil
676 2862 760 2947 quod
791 2861 905 2927 falsius
928 2866 971 2926 eit
994 2861 1047 2927 vel
1071 2861 1199 2927 tabulae
1222 2884 1240 2927 a
1262 2884 1315 2927 me
1339 2866 1519 2948 propositae
1543 2863 1636 2928 docu-

442 2976 551 3035 mento
575 2974 666 3032 sunt:
691 2966 803 3033 nullus
827 2971 914 3032 enim
934 2968 980 3033 ibi
1003 2990 1115 3034 versus
1135 2967 1267 3054 legitur,
1288 2971 1344 3054 qui
1364 2967 1479 3034 coloris
1498 2968 1636 3034 Enniani

440 3076 642 3141 levissimam
667 3074 782 3139 habeat
804 3075 964 3139 umbram.
995 3075 1101 3159 Atque
1125 3077 1256 3139 omnino
1279 3076 1459 3159 opinionem
1481 3073 1573 3139 illam
1598 3075 1636 3139 de

442 3182 546 3246 Ennio
578 3180 723 3246 redivivo
747 3202 924 3266 proponens
948 3181 1034 3246 haud
1058 3180 1150 3246 facile
1173 3181 1263 3245 dictu
1286 3188 1335 3246 est
1358 3187 1469 3246 utrum
1494 3184 1545 3245 vir
1567 3180 1637 3245 doc·

441 3295 495 3352 tus
530 3293 637 3352 noster
671 3286 830 3351 infelicior
865 3287 961 3351 fuerit
991 3308 1030 3351 an
1061 3288 1261 3371 pertinacior.
1293 3287 1377 3351 Nam
1409 3307 1482 3350 cum
1508 3307 1547 3350 ex
1571 3307 1635 3351 uno

442 3392 592 3457 Aeneidis
623 3391 705 3457 libro
735 3399 927 3479 argumenta
956 3411 1015 3456 sua
1037 3390 1222 3477 colligeret,
1246 3412 1285 3456 ne
1308 3391 1367 3456 hac
1390 3390 1520 3474 quidem
1545 3412 1579 3455 re
1602 3411 1635 3455 se

442 3519 460 3561 a
492 3500 655 3582 proposito
687 3519 746 3563 suo
777 3498 891 3563 abduci
922 3518 1032 3581 passus
1066 3503 1132 3574 est,
1166 3496 1251 3581 quod
1269 3497 1409 3579 prosince
1426 3496 1636 3579 praecedentia

439 3602 517 3667 libri
540 3602 664 3666 alamus
687 3610 769 3668 esset
793 3622 921 3668 versus:

623 3708 738 3773 Nudus
761 3711 794 3772 in
816 3710 929 3794 ignota
953 3706 1105 3772 Palinure
1128 3706 1140 3795 l
1162 3707 1279 3772 iacebis
1303 3706 1314 3795 l
1337 3707 1454 3771 harena

439 3817 498 3900 qui
528 3833 630 3899 neque
660 3812 835 3899 quidquam
866 3813 978 3891 habet,
1008 3812 1092 3897 quod
1124 3815 1224 3877 etiam
1256 3812 1339 3897 apud
1371 3812 1514 3876 Ennium
1537 3812 1635 3877 fuisse

438 3918 593 3985 credibile
617 3922 677 3997 sit,
702 3926 734 3983 et
758 3919 936 3983 hexametri
961 3918 1076 3985 Graeci
1100 3917 1189 4004 leges
1212 3927 1320 4003 aperte
1344 3918 1453 3983 violat.
1483 3917 1545 3983 Sed
1569 3940 1635 4003 per·

439 4028 560 4090 tinacia
595 4027 657 4089 viri
697 4023 784 4088 docti
818 4027 924 4110 magis
967 4023 1141 4089 incusanda
1181 4023 1318 4100 videtur,
1355 4025 1428 4108 qui,
1466 4029 1503 4087 ut
1537 4044 1634 4108 quam

440 4130 584 4217 plurima
607 4129 691 4215 legn's
715 4149 791 4194 suae
816 4129 922 4194 afferre
946 4136 1051 4213 posset
1074 4128 1240 4214 exempla,
1266 4136 1298 4194 et
1322 4128 1383 4194 alia
1407 4148 1465 4194 suo
1486 4133 1635 4194 statuerit

437 4237 590 4311 arbitrio,
615 4242 648 4300 et
671 4238 700 4299 si
722 4237 775 4298 cui
800 4235 894 4299 verbo
918 4234 1074 4320 particula
1098 4234 1245 4299 enclitica
1268 4258 1324 4320 que
1346 4234 1547 4312 adhaereret,
1572 4255 1633 4299 non

439 4347 513 4427 post
537 4340 592 4405 sed
614 4347 684 4404 cote
705 4339 797 4405 illam
821 4361 951 4405 versum
973 4340 1072 4405 incidi
1095 4342 1235 4404 iusserit.

485 4445 590 4510 Immo
622 4448 667 4510 sic
697 4466 766 4510 rem
797 4466 831 4510 se
862 4445 977 4511 habere
1009 4446 1090 4510 mihi
1121 4452 1170 4509 est
1193 4447 1492 4532 persuasissimum,
1515 4452 1548 4509 et
1571 4466 1634 4530 quo

435 4554 545 4637 magis
568 4552 650 4616 hanc
675 4554 894 4636 quaestionem
919 4572 1046 4615 meeum
1070 4558 1184 4637 reputo
1209 4572 1245 4616 eo
1267 4550 1304 4615 fit
1326 4554 1444 4615 certius
1467 4553 1591 4637 magis:

485 4657 594 4720 Poetae
615 4656 722 4720 Lateri
746 4657 836 4737 leqem
858 4658 896 4719 de
917 4657 1044 4719 citanda
1067 4678 1191 4719 caesura
1216 4658 1300 4720 κατὰ
1321 4658 1467 4735 τέταρτον
1488 4665 1632 4734 τροχαῖον

437 4786 498 4828 nco
530 4763 717 4844 lacerarunt,
749 4764 802 4826 aad
833 4785 918 4826 occec
947 4785 978 4825 ae
1008 4785 1069 4825 eam
1101 4761 1341 4826 dissimularunt.
1367 4764 1408 4824 At
1430 4784 1486 4846 quo
1510 4762 1633 4850 quisquc
