4525 5950
648 692 714 766 350
1151 712 1325 770 11666666.

647 882 828 948 denessium
858 881 1028 966 aliquoties
1058 882 1220 961 laudavit;
1253 882 1309 947 sed
1338 883 1425 948 haud
1454 885 1500 948 ita
1524 903 1628 969 pauca
1652 891 1732 948 sunt
1759 891 1845 950 66616

646 988 832 1064 observata,
864 1007 944 1072 qnae
977 987 1104 1053 silentio
1135 991 1318 1073 praeteriit;
1351 989 1411 1054 hoc
1442 991 1529 1053 enim
1558 989 1657 1054 hodie
1683 990 1845 1056 saeculnm

646 1101 711 1158 est:
744 1094 863 1157 frustra
894 1093 1062 1157 studemus
1093 1099 1129 1157 61
1162 1101 1309 1159 16161616
1342 1115 1438 1179 opera
1461 1115 1559 1179 qnam
1583 1095 1846 1160 emendatissime

646 1201 698 1265 edi
728 1206 761 1265 61
790 1199 858 1286 legi
881 1202 1022 1283 possint,
1048 1220 1123 1263 nam
1147 1200 1291 1285 plerique
1315 1199 1451 1265 editores
1475 1203 1614 1265 vetustis
1638 1200 1846 1267 librariorum

645 1308 735 1370 vitiis
759 1304 956 1370 delectantur
979 1311 1012 1369 et
1035 1307 1091 1369 vix
1114 1305 1278 1370 evidentes
1299 1307 1509 1371 correctiones
1533 1313 1733 1391 excerpunt,
1756 1310 1847 1372 utin

644 1412 848 1498 marginibus
871 1416 1049 1497 apponant,
1073 1409 1196 1495 reliqna
1220 1412 1328 1475 omnia
1351 1416 1408 1475 ent
1430 1413 1509 1476 satis
1527 1418 1614 1476 66116
1634 1418 1697 1477 661
1718 1412 1848 1477 fortasse

646 1516 836 1582 verisimilia
871 1538 945 1582 cnm
980 1520 1145 1581 contemtu
1179 1518 1351 1594 abiiciunt;
1384 1537 1481 1602 quam
1514 1520 1678 1582 rationem
1709 1539 1751 1582 ne
1775 1523 1848 1582 tunc

645 1621 777 1707 quidem
807 1623 992 1706 probarem,
1024 1625 1051 1686 ei
1082 1619 1312 1686 nonnullorum
1334 1622 1491 1687 iudicium
1517 1627 1550 1687 61
1573 1624 1726 1687 6111166111
1752 1621 1848 1688 facul·

645 1732 746 1793 tatem
769 1727 871 1815 pluris
894 1728 1033 1793 facerem
1057 1749 1156 1813 quam
1180 1733 1315 1812 oportet.

691 1834 738 1900 De
760 1837 904 1900 oratione
928 1837 961 1898 in
985 1834 1171 1899 Leocratem
1196 1855 1310 1899 maneo
1333 1836 1367 1899 in
1391 1855 1428 1899 ea
1446 1836 1620 1912 sententia,
1643 1856 1749 1920 quam
1771 1834 1847 1901 olinr

644 1943 864 2026 pronunciavi.
895 1939 954 2004 Ille
981 1946 1029 2005 est
1053 1940 1224 2026 Lycurgus
1247 1942 1304 2024 qni
1327 1961 1382 2025 per
1405 1938 1573 2004 duodecim
1597 1960 1701 2005 annos
1726 1942 1846 2014 ταμίας

645 2045 750 2110 166161
781 2053 837 2118 τῆς
870 2052 967 2117 κοινῆς
998 2045 1142 2122 προσόδου
1174 2050 1314 2109 616666
1338 2065 1433 2110 66661
1458 2047 1660 2131 postvitam
1686 2046 1845 2130 praeclare

644 2156 749 2216 actam
780 2149 908 2235 pnornli
937 2152 1040 2214 instar
1070 2152 1103 2213 in
1136 2149 1243 2214 schola
1274 2153 1425 2236 magistri
1456 2153 1572 2214 misere
1596 2150 1792 2216 declamitat
1814 2155 1844 2216 in

645 2255 847 2332 Leocratem,
877 2276 1074 2341 quamquam
1098 2255 1248 2321 concedat
1271 2254 1361 2319 nulla
1384 2276 1451 2320 esse
1475 2256 1595 2320 diserta
1618 2257 1722 2321 verba
1745 2256 1844 2342 legis,

645 2365 679 2426 in
708 2383 790 2447 quae
820 2382 892 2426 reus
925 2364 1071 2446 peccarit.
1105 2360 1244 2425 1166116111
1267 2365 1462 2435 sententiae,
1489 2366 1537 2426 ter
1560 2370 1721 2446 quaterve
1747 2361 1844 2426 simili

644 2467 738 2534 modo
770 2473 928 2542 tornatae,
960 2465 1000 2532 ad
1023 2469 1206 2531 satietatem
1230 2488 1331 2551 usqne
1353 2475 1531 2532 recurrunt.
1555 2466 1701 2532 Nullum
1726 2472 1845 2545 κέντρου

644 2572 843 2637 auditoribus
876 2572 1163 2648 ἐγκαταλείπεται·
1196 2571 1279 2635 nihil
1310 2572 1425 2638 festive
1449 2572 1572 2637 dictum
1580 2593 1588 2649 ;
1618 2573 1754 2639 scholae
1779 2574 1845 2660 pnl-

644 2700 755 2745 verem
789 2681 898 2743 omnia
932 2676 1084 2743 redolent.
1122 2677 1267 2762 Denique
1303 2685 1351 2742 est
1385 2678 1539 2743 historiae
1571 2685 1605 2742 et
1637 2682 1843 2764 antiquitat-is

644 2805 748 2850 crassa
777 2787 957 2870 ignoratio,
989 2789 1027 2847 61
1057 2782 1140 2847 nihil
1165 2786 1233 2848 veri
1256 2782 1355 2847 simul
1379 2790 1411 2848 61
1433 2786 1509 2848 novi
1533 2805 1572 2848 61
1597 2784 1733 2849 turbido
1758 2786 1842 2851 fonte

643 2893 803 2977 possimus
833 2892 998 2975 expiscari.
1031 2888 1118 2953 Inter
1149 2888 1258 2954 decem
1282 2895 1421 2954 oratores
1445 2892 1569 2954 Atticos
1593 2888 1757 2954 ultimum
1783 2892 1843 2956 fere

642 2996 752 3062 locum
782 3003 907 3062 veteres
938 2997 1042 3061 critici
1073 2996 1257 3060 tribuerunt
1288 2995 1461 3060 Andocidi:
1493 3017 1556 3061 non
1587 3017 1649 3081 ego
1684 3019 1763 3062 sum
1791 3000 1842 3081 qui

642 3103 740 3166 huius
764 3104 976 3186 patrocinium
1001 3104 1162 3186 suscipere
1185 3102 1337 3178 audeam3
1358 3123 1471 3166 verum
1492 3104 1679 3180 enimvero,
1701 3106 1729 3167 si
1752 3124 1841 3189 penes

642 3230 695 3273 me
713 3208 871 3272 iudicium
890 3207 988 3284 foret,
1009 3207 1094 3273 baud
1116 3212 1302 3272 cunctanter
1314 3208 1503 3294 Lycurgum
1515 3215 1682 3273 oratorum
1695 3213 1840 3275 omnium

643 3316 820 3399 pessimum
844 3312 1048 3398 appellarem.
1073 3312 1135 3377 Sed
1156 3315 1308 3397 suspicari
1328 3310 1404 3378 licet
1428 3312 1660 3378 Alexandrinos
1678 3336 1840 3401 gramma·

642 3422 721 3483 ticos
753 3418 832 3483 alies
866 3420 991 3483 trivisse
1016 3417 1161 3504 Lycurgi
1184 3420 1340 3484 orationes
1364 3416 1534 3482 Leocratea
1557 3417 1657 3503 longe
1682 3428 1840 3504 praestan·

642 3527 750 3589 tiores.
782 3526 942 3609 Arguitur
965 3525 1023 3589 boc
1047 3530 1118 3588 tum
1143 3544 1182 3589 ex
1204 3523 1322 3587 iudicio
1346 3523 1431 3608 qnod
1454 3523 1492 3588 de
1516 3524 1670 3610 Lycurgo
1695 3526 1840 3592 tulerunt

642 3628 816 3715 Dionysius
848 3628 1136 3694 Halicarnassensis
1169 3636 1198 3694 et
1232 3628 1353 3707 Cicero,
1382 3636 1454 3695 tum
1477 3651 1516 3695 61
1539 3630 1739 3716 fragmentis
1764 3654 1839 3720 qnae

642 3734 787 3799 Rutilius
820 3733 930 3819 Lupus
961 3736 1052 3800 nobis
1084 3738 1235 3800 servavit.
1259 3734 1421 3820 Quidquid
1444 3741 1552 3800 tamen
1577 3735 1679 3801 buius
1701 3742 1751 3803 rei
1776 3746 1837 3815 est,

642 3843 786 3926 experiar
810 3861 887 3904 num
913 3841 965 3905 hic
987 3839 1055 3904 illic
1078 3840 1215 3926 paucula
1237 3840 1353 3905 menda
1376 3838 1482 3906 eluere
1505 3844 1640 3926 possim,
1662 3864 1748 3928 quae
1769 3844 1840 3909 huc

642 3968 743 4031 neque
766 3948 950 4011 criticorum
975 3948 1075 4010 aciem
1099 3946 1289 4032 effugerunt.

688 4157 780 4243 §la
813 4157 914 4237 Quam
948 4159 1029 4221 mire
1060 4162 1108 4220 661
1140 4155 1264 4221 dictum
1294 4156 1328 4221 τὸ
1360 4156 1421 4225 riso
1445 4166 1501 4231 τῆς
1525 4158 1656 4230 πόλεως.
1683 4158 1736 4227 cf.
1761 4162 1833 4228 Van

643 4263 807 4329 denessins
829 4284 860 4348 p.
889 4262 940 4326 15.

689 4480 706 4561 ξ
728 4476 780 4539 19.
805 4474 880 4540 Sine
903 4494 998 4538 sensu
1020 4472 1159 4559 legitur:
1184 4473 1239 4545 riso
1259 4472 1402 4550 Φυρκίνου
1423 4475 1604 4552 μαρτυρίαν,
1625 4473 1658 4539 ὃν
1679 4480 1736 4542 καὶ
1760 4481 1836 4556 ὑμῶν

644 4583 669 4645 oi
696 4581 802 4644 πολλοὶ
828 4582 1059 4656 κατηγοροῦντα
1080 4580 1335 4658 rusiccadensis)
1356 4580 1386 4642 da
1405 4582 1447 4658 τῷ
1468 4579 1552 4660 δήμῳ
1571 4582 1610 4650 ὤς
1629 4585 1683 4647 καὶ
1702 4587 1835 4662 μεγάλα

644 4688 710 4749 καὶ
735 4684 927 4761 βλάβους
952 4683 1012 4757 rin
1038 4686 1107 4757 τὴν
1126 4688 1379 4758 narratoria
1399 4687 1541 4765 μετέχων
1562 4686 1721 4761 αὐτοῖς.
1743 4692 1834 4756 Η666

641 4792 751 4856 166616
778 4793 922 4876 graviter
952 4796 1140 4874 corruptum
1172 4810 1239 4855 esse
1263 4790 1365 4868 vides,
1390 4791 1445 4856 sed
1468 4812 1642 4877 perparum
1667 4796 1708 4860 ad
1734 4818 1834 4862 emen·
