<?xml version="1.0" encoding="UTF-8"?>
<!DOCTYPE html PUBLIC "-//W3C//DTD XHTML 1.0 Transitional//EN"
    "http://www.w3.org/TR/xhtml1/DTD/xhtml1-transitional.dtd">
<html xmlns="http://www.w3.org/1999/xhtml" xml:lang="en" lang="en">
 <head>
  <title>
</title>
<meta http-equiv="Content-Type" content="text/html;charset=utf-8" />
  <meta name='ocr-system' content='tesseract 3.04.00' />
  <meta name='ocr-capabilities' content='ocr_page ocr_carea ocr_par ocr_line ocrx_word'/>
</head>
<body>
  <div class='ocr_page' id='page_1' title='image "./mnemosyne07verdgoog_0266.png"; bbox 0 0 4525 5950; ppageno 0'>
   <div class='ocr_carea' id='block_1_1' title="bbox 942 677 1640 745">
    <p class='ocr_par' dir='ltr' id='par_1_1' title="bbox 942 677 1640 745">
     <span class='ocr_line' id='line_1_1' title="bbox 942 677 1640 745; baseline -0.001 -2"><span class='ocrx_word' id='word_1_1' title='bbox 942 697 984 743; x_wconf 87' lang='lat' dir='ltr'><strong>nn</strong></span> <span class='ocrx_word' id='word_1_2' title='bbox 1007 697 1153 745; x_wconf 82' lang='lat' dir='ltr'><strong>oaaums.</strong></span> <span class='ocrx_word' id='word_1_3' title='bbox 1575 677 1640 742; x_wconf 81' lang='lat'><strong>245</strong></span> 
     </span>
    </p>
   </div>
   <div class='ocr_carea' id='block_1_2' title="bbox 438 861 1659 4324">
    <p class='ocr_par' dir='ltr' id='par_1_2' title="bbox 443 861 1645 1891">
     <span class='ocr_line' id='line_1_2' title="bbox 446 861 1642 950; baseline -0.003 -22"><span class='ocrx_word' id='word_1_4' title='bbox 446 885 546 950; x_wconf 88' lang='lat' dir='ltr'><strong>quam</strong></span> <span class='ocrx_word' id='word_1_5' title='bbox 570 866 604 927; x_wconf 92' lang='lat' dir='ltr'><strong>in</strong></span> <span class='ocrx_word' id='word_1_6' title='bbox 628 869 713 928; x_wconf 87' lang='lat' dir='ltr'><strong>terra</strong></span> <span class='ocrx_word' id='word_1_7' title='bbox 735 883 867 948; x_wconf 78' lang='lat' dir='ltr'><strong>regnare</strong></span> <span class='ocrx_word' id='word_1_8' title='bbox 890 867 1084 946; x_wconf 77' lang='lat' dir='ltr'><strong>naturaeque</strong></span> <span class='ocrx_word' id='word_1_9' title='bbox 1104 864 1207 927; x_wconf 84' lang='lat' dir='ltr'><strong>vitam</strong></span> <span class='ocrx_word' id='word_1_10' title='bbox 1228 861 1391 926; x_wconf 90' lang='lat' dir='ltr'><strong>moderare</strong></span> <span class='ocrx_word' id='word_1_11' title='bbox 1409 863 1642 926; x_wconf 76' lang='lat' dir='ltr'><strong>aestimaretur.</strong></span> 
     </span>
     <span class='ocr_line' id='line_1_3' title="bbox 446 966 1643 1043; baseline -0.004 -9"><span class='ocrx_word' id='word_1_12' title='bbox 446 969 663 1034; x_wconf 85' lang='lat' dir='ltr'><strong>Invocabatur</strong></span> <span class='ocrx_word' id='word_1_13' title='bbox 693 973 803 1033; x_wconf 90' lang='lat' dir='ltr'><strong>autem</strong></span> <span class='ocrx_word' id='word_1_14' title='bbox 833 969 962 1032; x_wconf 89' lang='lat' dir='ltr'><strong>nomine</strong></span> <span class='ocrx_word' id='word_1_15' title='bbox 986 976 1039 1040; x_wconf 73' lang='grc' dir='ltr'><strong>τῆς</strong></span> <span class='ocrx_word' id='word_1_16' title='bbox 1064 969 1140 1043; x_wconf 77' lang='grc' dir='ltr'><strong><em>θεοῦ,</em></strong></span> <span class='ocrx_word' id='word_1_17' title='bbox 1168 987 1258 1043; x_wconf 90' lang='lat' dir='ltr'><strong>nam,</strong></span> <span class='ocrx_word' id='word_1_18' title='bbox 1283 973 1320 1030; x_wconf 93' lang='lat' dir='ltr'><strong>ut</strong></span> <span class='ocrx_word' id='word_1_19' title='bbox 1343 968 1520 1030; x_wconf 78' lang='lat' dir='ltr'><strong>rectissime</strong></span> <span class='ocrx_word' id='word_1_20' title='bbox 1543 966 1643 1031; x_wconf 91' lang='lat' dir='ltr'><strong>obser-</strong></span> 
     </span>
     <span class='ocr_line' id='line_1_4' title="bbox 447 1071 1641 1153; baseline -0.003 -13"><span class='ocrx_word' id='word_1_21' title='bbox 447 1078 540 1141; x_wconf 83' lang='lat' dir='ltr'><strong>vavit</strong></span> <span class='ocrx_word' id='word_1_22' title='bbox 573 1074 757 1139; x_wconf 83' lang='lat' dir='ltr'><strong>Herodotus</strong></span> <span class='ocrx_word' id='word_1_23' title='bbox 770 1071 812 1153; x_wconf 87' lang='lat'><strong>¹):</strong></span> <span class='ocrx_word' id='word_1_24' title='bbox 846 1071 927 1137; x_wconf 74' lang='grc' dir='ltr'><strong><em>ἔθυον</em></strong></span> <span class='ocrx_word' id='word_1_25' title='bbox 959 1073 1065 1137; x_wconf 70' lang='lat' dir='ltr'><strong>adura</strong></span> <span class='ocrx_word' id='word_1_26' title='bbox 1098 1071 1237 1152; x_wconf 72' lang='grc' dir='ltr'><strong><em>πρότερον</em></strong></span> <span class='ocrx_word' id='word_1_27' title='bbox 1270 1072 1295 1136; x_wconf 83' lang='lat' dir='ltr'><strong>oi</strong></span> <span class='ocrx_word' id='word_1_28' title='bbox 1327 1071 1488 1148; x_wconf 72' lang='grc' dir='ltr'><strong><em>Πέλτονοο</em></strong></span> <span class='ocrx_word' id='word_1_29' title='bbox 1513 1075 1641 1136; x_wconf 73' lang='grc' dir='ltr'><strong><em>θεοῖσι</em></strong></span> 
     </span>
     <span class='ocr_line' id='line_1_5' title="bbox 447 1176 1637 1259; baseline -0.003 -15"><span class='ocrx_word' id='word_1_30' title='bbox 447 1178 669 1259; x_wconf 69' lang='grc' dir='ltr'><strong><em>ἐπευχόμενοι,</em></strong></span> <span class='ocrx_word' id='word_1_31' title='bbox 704 1180 874 1254; x_wconf 77' lang='grc' dir='ltr'><strong><em>ἐπωνυμίην</em></strong></span> <span class='ocrx_word' id='word_1_32' title='bbox 906 1178 937 1242; x_wconf 73' lang='grc' dir='ltr'><strong>δὲ</strong></span> <span class='ocrx_word' id='word_1_33' title='bbox 970 1178 1035 1243; x_wconf 77' lang='grc' dir='ltr'><strong>οὐδὲ</strong></span> <span class='ocrx_word' id='word_1_34' title='bbox 1066 1176 1181 1252; x_wconf 74' lang='grc' dir='ltr'><strong><em>οὕνομα</em></strong></span> <span class='ocrx_word' id='word_1_35' title='bbox 1215 1178 1368 1240; x_wconf 71' lang='grc' dir='ltr'><strong><em>ἐποιεῦντο</em></strong></span> <span class='ocrx_word' id='word_1_36' title='bbox 1400 1176 1492 1241; x_wconf 75' lang='grc' dir='ltr'><strong><em>οὐδενὶ</em></strong></span> <span class='ocrx_word' id='word_1_37' title='bbox 1526 1178 1637 1241; x_wconf 73' lang='grc' dir='ltr'><strong><em>αὐτῶν.</em></strong></span> 
     </span>
     <span class='ocr_line' id='line_1_6' title="bbox 447 1282 1644 1370; baseline -0.003 -20"><span class='ocrx_word' id='word_1_38' title='bbox 447 1285 560 1351; x_wconf 88' lang='lat' dir='ltr'><strong>Multo</strong></span> <span class='ocrx_word' id='word_1_39' title='bbox 590 1306 666 1350; x_wconf 90' lang='lat' dir='ltr'><strong>vero</strong></span> <span class='ocrx_word' id='word_1_40' title='bbox 694 1290 782 1370; x_wconf 89' lang='lat' dir='ltr'><strong>post,</strong></span> <span class='ocrx_word' id='word_1_41' title='bbox 814 1290 852 1348; x_wconf 87' lang='lat' dir='ltr'><strong>nt</strong></span> <span class='ocrx_word' id='word_1_42' title='bbox 882 1285 1025 1348; x_wconf 89' lang='lat' dir='ltr'><strong>numinis</strong></span> <span class='ocrx_word' id='word_1_43' title='bbox 1049 1284 1169 1368; x_wconf 87' lang='lat' dir='ltr'><strong>species</strong></span> <span class='ocrx_word' id='word_1_44' title='bbox 1195 1282 1338 1347; x_wconf 85' lang='lat' dir='ltr'><strong>diversae</strong></span> <span class='ocrx_word' id='word_1_45' title='bbox 1362 1284 1541 1346; x_wconf 78' lang='lat' dir='ltr'><strong>accuratius</strong></span> <span class='ocrx_word' id='word_1_46' title='bbox 1562 1283 1644 1346; x_wconf 88' lang='lat' dir='ltr'><strong>indi-</strong></span> 
     </span>
     <span class='ocr_line' id='line_1_7' title="bbox 445 1386 1643 1475; baseline -0.004 -20"><span class='ocrx_word' id='word_1_47' title='bbox 445 1398 607 1468; x_wconf 88' lang='lat' dir='ltr'><strong>carentur,</strong></span> <span class='ocrx_word' id='word_1_48' title='bbox 648 1395 724 1455; x_wconf 89' lang='lat' dir='ltr'><strong>nata</strong></span> <span class='ocrx_word' id='word_1_49' title='bbox 757 1397 832 1454; x_wconf 90' lang='lat' dir='ltr'><strong>sunt</strong></span> <span class='ocrx_word' id='word_1_50' title='bbox 868 1391 998 1454; x_wconf 89' lang='lat' dir='ltr'><strong>nomina</strong></span> <span class='ocrx_word' id='word_1_51' title='bbox 1028 1386 1241 1475; x_wconf 88' lang='lat' dir='ltr'><strong>appellativa,</strong></span> <span class='ocrx_word' id='word_1_52' title='bbox 1278 1408 1358 1472; x_wconf 91' lang='lat' dir='ltr'><strong>quae</strong></span> <span class='ocrx_word' id='word_1_53' title='bbox 1394 1408 1468 1452; x_wconf 93' lang='lat' dir='ltr'><strong>cum</strong></span> <span class='ocrx_word' id='word_1_54' title='bbox 1504 1409 1580 1452; x_wconf 78' lang='lat' dir='ltr'><strong>mor</strong></span> <span class='ocrx_word' id='word_1_55' title='bbox 1609 1391 1643 1451; x_wconf 94' lang='lat' dir='ltr'><strong>in</strong></span> 
     </span>
     <span class='ocr_line' id='line_1_8' title="bbox 446 1492 1645 1581; baseline -0.004 -20"><span class='ocrx_word' id='word_1_56' title='bbox 446 1499 594 1581; x_wconf 89' lang='lat' dir='ltr'><strong>propria,</strong></span> <span class='ocrx_word' id='word_1_57' title='bbox 631 1502 668 1559; x_wconf 88' lang='lat' dir='ltr'><strong>ut</strong></span> <span class='ocrx_word' id='word_1_58' title='bbox 702 1495 754 1571; x_wconf 85' lang='lat' dir='ltr'><strong>fit,</strong></span> <span class='ocrx_word' id='word_1_59' title='bbox 790 1495 958 1570; x_wconf 88' lang='lat' dir='ltr'><strong>abiissent,</strong></span> <span class='ocrx_word' id='word_1_60' title='bbox 995 1497 1093 1559; x_wconf 91' lang='lat' dir='ltr'><strong>etiam</strong></span> <span class='ocrx_word' id='word_1_61' title='bbox 1125 1494 1263 1578; x_wconf 90' lang='lat' dir='ltr'><strong>propriis</strong></span> <span class='ocrx_word' id='word_1_62' title='bbox 1291 1492 1358 1557; x_wconf 91' lang='lat' dir='ltr'><strong>illis</strong></span> <span class='ocrx_word' id='word_1_63' title='bbox 1387 1495 1570 1578; x_wconf 90' lang='lat' dir='ltr'><strong>promiscue</strong></span> <span class='ocrx_word' id='word_1_64' title='bbox 1594 1495 1645 1557; x_wconf 90' lang='lat' dir='ltr'><strong>usi</strong></span> 
     </span>
     <span class='ocr_line' id='line_1_9' title="bbox 444 1596 1645 1685; baseline -0.005 -18"><span class='ocrx_word' id='word_1_65' title='bbox 444 1603 597 1667; x_wconf 92' lang='lat' dir='ltr'><strong>homines</strong></span> <span class='ocrx_word' id='word_1_66' title='bbox 623 1601 798 1665; x_wconf 90' lang='lat' dir='ltr'><strong>miscebant</strong></span> <span class='ocrx_word' id='word_1_67' title='bbox 826 1600 983 1675; x_wconf 89' lang='lat' dir='ltr'><strong>Hecaten,</strong></span> <span class='ocrx_word' id='word_1_68' title='bbox 1008 1598 1158 1674; x_wconf 80' lang='lat' dir='ltr'><strong>Selenen,</strong></span> <span class='ocrx_word' id='word_1_69' title='bbox 1180 1598 1334 1685; x_wconf 79' lang='lat' dir='ltr'><strong>Magnam</strong></span> <span class='ocrx_word' id='word_1_70' title='bbox 1356 1598 1506 1675; x_wconf 87' lang='lat' dir='ltr'><strong>Matrem,</strong></span> <span class='ocrx_word' id='word_1_71' title='bbox 1527 1596 1645 1664; x_wconf 81' lang='lat' dir='ltr'><strong>Chtho</strong></span> 
     </span>
     <span class='ocr_line' id='line_1_10' title="bbox 446 1703 1643 1790; baseline -0.003 -19"><span class='ocrx_word' id='word_1_72' title='bbox 446 1710 555 1782; x_wconf 89' lang='lat' dir='ltr'><strong>niem;</strong></span> <span class='ocrx_word' id='word_1_73' title='bbox 581 1705 633 1771; x_wconf 86' lang='lat' dir='ltr'><strong>vel</strong></span> <span class='ocrx_word' id='word_1_74' title='bbox 655 1706 781 1770; x_wconf 83' lang='lat' dir='ltr'><strong>Lunam</strong></span> <span class='ocrx_word' id='word_1_75' title='bbox 804 1704 919 1770; x_wconf 79' lang='lat' dir='ltr'><strong>Terrae</strong></span> <span class='ocrx_word' id='word_1_76' title='bbox 942 1704 1042 1769; x_wconf 89' lang='lat' dir='ltr'><strong>filiam</strong></span> <span class='ocrx_word' id='word_1_77' title='bbox 1067 1705 1242 1783; x_wconf 84' lang='lat' dir='ltr'><strong>faciebant,</strong></span> <span class='ocrx_word' id='word_1_78' title='bbox 1267 1709 1305 1769; x_wconf 91' lang='lat' dir='ltr'><strong>ut</strong></span> <span class='ocrx_word' id='word_1_79' title='bbox 1323 1703 1501 1790; x_wconf 86' lang='lat' dir='ltr'><strong>Aeschylus</strong></span> <span class='ocrx_word' id='word_1_80' title='bbox 1522 1703 1643 1777; x_wconf 70' lang='grc' dir='ltr'><strong><em>ἐποίησε</em></strong></span> 
     </span>
     <span class='ocr_line' id='line_1_11' title="bbox 443 1807 1116 1891; baseline -0.003 -14"><span class='ocrx_word' id='word_1_81' title='bbox 443 1813 599 1891; x_wconf 70' lang='lat' dir='ltr'><strong>”Apsarus</strong></span> <span class='ocrx_word' id='word_1_82' title='bbox 621 1807 699 1875; x_wconf 76' lang='lat' dir='ltr'><strong>eluar</strong></span> <span class='ocrx_word' id='word_1_83' title='bbox 724 1810 879 1890; x_wconf 53' lang='lat' dir='ltr'><strong>cesarea</strong></span> <span class='ocrx_word' id='word_1_84' title='bbox 905 1812 1065 1887; x_wconf 72' lang='grc' dir='ltr'><strong>Δήμητρος</strong></span> <span class='ocrx_word' id='word_1_85' title='bbox 1080 1811 1116 1889; x_wconf 82' lang='lat'><strong>²).</strong></span> 
     </span>
    </p>

    <p class='ocr_par' dir='ltr' id='par_1_3' title="bbox 442 1915 1659 3586">
     <span class='ocr_line' id='line_1_12' title="bbox 494 1915 1644 1985; baseline -0.004 -2"><span class='ocrx_word' id='word_1_86' title='bbox 494 1916 608 1985; x_wconf 81' lang='lat' dir='ltr'><strong>Celsae</strong></span> <span class='ocrx_word' id='word_1_87' title='bbox 639 1918 715 1982; x_wconf 92' lang='lat' dir='ltr'><strong>huic</strong></span> <span class='ocrx_word' id='word_1_88' title='bbox 746 1917 821 1981; x_wconf 89' lang='lat' dir='ltr'><strong>deae</strong></span> <span class='ocrx_word' id='word_1_89' title='bbox 849 1918 884 1980; x_wconf 88' lang='lat' dir='ltr'><strong>in</strong></span> <span class='ocrx_word' id='word_1_90' title='bbox 915 1919 1075 1981; x_wconf 89' lang='lat' dir='ltr'><strong>montium</strong></span> <span class='ocrx_word' id='word_1_91' title='bbox 1108 1915 1327 1981; x_wconf 83' lang='lat' dir='ltr'><strong>cacuminibus</strong></span> <span class='ocrx_word' id='word_1_92' title='bbox 1359 1915 1448 1981; x_wconf 88' lang='lat' dir='ltr'><strong>sedes</strong></span> <span class='ocrx_word' id='word_1_93' title='bbox 1478 1915 1644 1980; x_wconf 85' lang='lat' dir='ltr'><strong>struebant</strong></span> 
     </span>
     <span class='ocr_line' id='line_1_13' title="bbox 445 2018 1641 2109; baseline -0.003 -20"><span class='ocrx_word' id='word_1_94' title='bbox 445 2022 610 2090; x_wconf 90' lang='lat' dir='ltr'><strong>mortales.</strong></span> <span class='ocrx_word' id='word_1_95' title='bbox 643 2023 807 2088; x_wconf 90' lang='lat' dir='ltr'><strong>Thronum</strong></span> <span class='ocrx_word' id='word_1_96' title='bbox 831 2043 858 2088; x_wconf 92' lang='lat' dir='ltr'><strong>e.</strong></span> <span class='ocrx_word' id='word_1_97' title='bbox 879 2045 911 2109; x_wconf 80' lang='lat' dir='ltr'><strong>g.</strong></span> <span class='ocrx_word' id='word_1_98' title='bbox 937 2022 1060 2087; x_wconf 86' lang='lat' dir='ltr'><strong>duabus</strong></span> <span class='ocrx_word' id='word_1_99' title='bbox 1081 2024 1277 2086; x_wconf 88' lang='lat' dir='ltr'><strong>instructum</strong></span> <span class='ocrx_word' id='word_1_100' title='bbox 1302 2021 1431 2085; x_wconf 91' lang='lat' dir='ltr'><strong>sedibus</strong></span> <span class='ocrx_word' id='word_1_101' title='bbox 1453 2023 1486 2084; x_wconf 91' lang='lat' dir='ltr'><strong>in</strong></span> <span class='ocrx_word' id='word_1_102' title='bbox 1511 2018 1641 2086; x_wconf 84' lang='lat' dir='ltr'><strong>Ohalces</strong></span> 
     </span>
     <span class='ocr_line' id='line_1_14' title="bbox 445 2125 1639 2207; baseline -0.004 -13"><span class='ocrx_word' id='word_1_103' title='bbox 445 2129 574 2194; x_wconf 89' lang='lat' dir='ltr'><strong>insulae</strong></span> <span class='ocrx_word' id='word_1_104' title='bbox 597 2130 717 2194; x_wconf 85' lang='lat' dir='ltr'><strong>vertice</strong></span> <span class='ocrx_word' id='word_1_105' title='bbox 741 2131 866 2194; x_wconf 85' lang='lat' dir='ltr'><strong>invenit</strong></span> <span class='ocrx_word' id='word_1_106' title='bbox 888 2127 1032 2193; x_wconf 89' lang='lat' dir='ltr'><strong>Hillerus</strong></span> <span class='ocrx_word' id='word_1_107' title='bbox 1047 2125 1089 2207; x_wconf 70' lang='grc'><strong>8);</strong></span> <span class='ocrx_word' id='word_1_108' title='bbox 1113 2133 1181 2192; x_wconf 91' lang='lat' dir='ltr'><strong>erat</strong></span> <span class='ocrx_word' id='word_1_109' title='bbox 1205 2127 1385 2204; x_wconf 90' lang='lat' dir='ltr'><strong>dedicatus,</strong></span> <span class='ocrx_word' id='word_1_110' title='bbox 1410 2132 1448 2190; x_wconf 90' lang='lat' dir='ltr'><strong>ut</strong></span> <span class='ocrx_word' id='word_1_111' title='bbox 1465 2130 1574 2192; x_wconf 88' lang='lat' dir='ltr'><strong>monet</strong></span> <span class='ocrx_word' id='word_1_112' title='bbox 1593 2129 1639 2190; x_wconf 89' lang='lat' dir='ltr'><strong>in-</strong></span> 
     </span>
     <span class='ocr_line' id='line_1_15' title="bbox 446 2232 1640 2319; baseline -0.003 -19"><span class='ocrx_word' id='word_1_113' title='bbox 446 2237 598 2319; x_wconf 86' lang='lat' dir='ltr'><strong>scriptio,</strong></span> <span class='ocrx_word' id='word_1_114' title='bbox 623 2233 691 2298; x_wconf 87' lang='lat' dir='ltr'><strong>lovi</strong></span> <span class='ocrx_word' id='word_1_115' title='bbox 714 2239 746 2298; x_wconf 90' lang='lat' dir='ltr'><strong>et</strong></span> <span class='ocrx_word' id='word_1_116' title='bbox 769 2233 919 2298; x_wconf 87' lang='lat' dir='ltr'><strong>Hecatae.</strong></span> <span class='ocrx_word' id='word_1_117' title='bbox 944 2232 1108 2298; x_wconf 89' lang='lat' dir='ltr'><strong>Thronum</strong></span> <span class='ocrx_word' id='word_1_118' title='bbox 1133 2232 1233 2297; x_wconf 89' lang='lat' dir='ltr'><strong>simili</strong></span> <span class='ocrx_word' id='word_1_119' title='bbox 1256 2232 1350 2297; x_wconf 92' lang='lat' dir='ltr'><strong>modo</strong></span> <span class='ocrx_word' id='word_1_120' title='bbox 1373 2234 1406 2296; x_wconf 89' lang='lat' dir='ltr'><strong>in</strong></span> <span class='ocrx_word' id='word_1_121' title='bbox 1430 2232 1565 2316; x_wconf 86' lang='lat' dir='ltr'><strong>rupibus</strong></span> <span class='ocrx_word' id='word_1_122' title='bbox 1589 2253 1640 2296; x_wconf 85' lang='lat' dir='ltr'><strong>ex-</strong></span> 
     </span>
     <span class='ocr_line' id='line_1_16' title="bbox 446 2336 1641 2425; baseline -0.003 -19"><span class='ocrx_word' id='word_1_123' title='bbox 446 2340 615 2425; x_wconf 89' lang='lat' dir='ltr'><strong>sculptum</strong></span> <span class='ocrx_word' id='word_1_124' title='bbox 639 2338 694 2404; x_wconf 90' lang='lat' dir='ltr'><strong>sed</strong></span> <span class='ocrx_word' id='word_1_125' title='bbox 717 2341 774 2404; x_wconf 91' lang='lat' dir='ltr'><strong>uni</strong></span> <span class='ocrx_word' id='word_1_126' title='bbox 796 2338 937 2404; x_wconf 89' lang='lat' dir='ltr'><strong>Hecatae</strong></span> <span class='ocrx_word' id='word_1_127' title='bbox 961 2339 1145 2404; x_wconf 90' lang='lat' dir='ltr'><strong>dedicatum</strong></span> <span class='ocrx_word' id='word_1_128' title='bbox 1168 2339 1255 2403; x_wconf 90' lang='lat' dir='ltr'><strong>idem</strong></span> <span class='ocrx_word' id='word_1_129' title='bbox 1279 2340 1419 2424; x_wconf 89' lang='lat' dir='ltr'><strong>repperit</strong></span> <span class='ocrx_word' id='word_1_130' title='bbox 1443 2340 1476 2402; x_wconf 91' lang='lat' dir='ltr'><strong>in</strong></span> <span class='ocrx_word' id='word_1_131' title='bbox 1500 2336 1641 2403; x_wconf 90' lang='lat' dir='ltr'><strong>culmine</strong></span> 
     </span>
     <span class='ocr_line' id='line_1_17' title="bbox 448 2442 1641 2530; baseline -0.003 -19"><span class='ocrx_word' id='word_1_132' title='bbox 448 2446 567 2512; x_wconf 88' lang='lat' dir='ltr'><strong>Rhodi.</strong></span> <span class='ocrx_word' id='word_1_133' title='bbox 602 2444 650 2510; x_wconf 92' lang='lat' dir='ltr'><strong>De</strong></span> <span class='ocrx_word' id='word_1_134' title='bbox 686 2446 802 2530; x_wconf 91' lang='lat' dir='ltr'><strong>quibus</strong></span> <span class='ocrx_word' id='word_1_135' title='bbox 836 2446 959 2510; x_wconf 90' lang='lat' dir='ltr'><strong>thronis</strong></span> <span class='ocrx_word' id='word_1_136' title='bbox 991 2448 1112 2530; x_wconf 87' lang='lat' dir='ltr'><strong>optime</strong></span> <span class='ocrx_word' id='word_1_137' title='bbox 1144 2466 1218 2510; x_wconf 89' lang='lat' dir='ltr'><strong>eum</strong></span> <span class='ocrx_word' id='word_1_138' title='bbox 1251 2445 1355 2529; x_wconf 78' lang='lat' dir='ltr'><strong>egerit</strong></span> <span class='ocrx_word' id='word_1_139' title='bbox 1385 2443 1434 2508; x_wconf 90' lang='lat' dir='ltr'><strong>W.</strong></span> <span class='ocrx_word' id='word_1_140' title='bbox 1460 2443 1592 2509; x_wconf 88' lang='lat' dir='ltr'><strong>Reichsl</strong></span> <span class='ocrx_word' id='word_1_141' title='bbox 1605 2442 1641 2525; x_wconf 87' lang='lat'><strong>⁴),</strong></span> 
     </span>
     <span class='ocr_line' id='line_1_18' title="bbox 447 2549 1642 2638; baseline 0.001 -23"><span class='ocrx_word' id='word_1_142' title='bbox 447 2572 579 2638; x_wconf 90' lang='lat' dir='ltr'><strong>prorsus</strong></span> <span class='ocrx_word' id='word_1_143' title='bbox 609 2556 747 2616; x_wconf 88' lang='lat' dir='ltr'><strong>tacerem</strong></span> <span class='ocrx_word' id='word_1_144' title='bbox 777 2572 880 2635; x_wconf 90' lang='lat' dir='ltr'><strong>neque</strong></span> <span class='ocrx_word' id='word_1_145' title='bbox 907 2550 1028 2616; x_wconf 77' lang='lat' dir='ltr'><strong>Therae</strong></span> <span class='ocrx_word' id='word_1_146' title='bbox 1052 2572 1177 2636; x_wconf 88' lang='lat' dir='ltr'><strong>quoque</strong></span> <span class='ocrx_word' id='word_1_147' title='bbox 1201 2549 1380 2635; x_wconf 91' lang='lat' dir='ltr'><strong>complures</strong></span> <span class='ocrx_word' id='word_1_148' title='bbox 1403 2551 1551 2616; x_wconf 84' lang='lat' dir='ltr'><strong>inventos</strong></span> <span class='ocrx_word' id='word_1_149' title='bbox 1574 2571 1642 2616; x_wconf 89' lang='lat' dir='ltr'><strong>esse</strong></span> 
     </span>
     <span class='ocr_line' id='line_1_19' title="bbox 445 2654 1642 2740; baseline -0.003 -17"><span class='ocrx_word' id='word_1_150' title='bbox 445 2658 616 2735; x_wconf 84' lang='lat' dir='ltr'><strong>referrem,</strong></span> <span class='ocrx_word' id='word_1_151' title='bbox 637 2659 699 2721; x_wconf 91' lang='lat' dir='ltr'><strong>nisi</strong></span> <span class='ocrx_word' id='word_1_152' title='bbox 719 2654 856 2722; x_wconf 90' lang='lat' dir='ltr'><strong>Wolters</strong></span> <span class='ocrx_word' id='word_1_153' title='bbox 870 2655 896 2731; x_wconf 82' lang='lat'><strong>³)</strong></span> <span class='ocrx_word' id='word_1_154' title='bbox 917 2657 1077 2723; x_wconf 91' lang='lat' dir='ltr'><strong>docuisset</strong></span> <span class='ocrx_word' id='word_1_155' title='bbox 1090 2680 1188 2740; x_wconf 80' lang='lat' dir='ltr'><strong>prope</strong></span> <span class='ocrx_word' id='word_1_156' title='bbox 1208 2656 1347 2738; x_wconf 79' lang='lat' dir='ltr'><strong>templum</strong></span> <span class='ocrx_word' id='word_1_157' title='bbox 1362 2657 1469 2720; x_wconf 71' lang='lat' dir='ltr'><strong>Carrei</strong></span> <span class='ocrx_word' id='word_1_158' title='bbox 1486 2656 1642 2738; x_wconf 70' lang='lat' dir='ltr'><strong>Apollinis</strong></span> 
     </span>
     <span class='ocr_line' id='line_1_20' title="bbox 444 2760 1639 2847; baseline -0.002 -18"><span class='ocrx_word' id='word_1_159' title='bbox 444 2761 605 2829; x_wconf 86' lang='lat' dir='ltr'><strong>aWeilio</strong></span> <span class='ocrx_word' id='word_1_160' title='bbox 628 2761 750 2826; x_wconf 80' lang='lat' dir='ltr'><strong>Therae</strong></span> <span class='ocrx_word' id='word_1_161' title='bbox 781 2764 814 2825; x_wconf 92' lang='lat' dir='ltr'><strong>in</strong></span> <span class='ocrx_word' id='word_1_162' title='bbox 845 2762 950 2827; x_wconf 91' lang='lat' dir='ltr'><strong>insula</strong></span> <span class='ocrx_word' id='word_1_163' title='bbox 981 2768 1162 2847; x_wconf 90' lang='lat' dir='ltr'><strong>repertum,</strong></span> <span class='ocrx_word' id='word_1_164' title='bbox 1188 2761 1345 2847; x_wconf 90' lang='lat' dir='ltr'><strong>plurimas</strong></span> <span class='ocrx_word' id='word_1_165' title='bbox 1369 2760 1526 2826; x_wconf 92' lang='lat' dir='ltr'><strong>eiusmodi</strong></span> <span class='ocrx_word' id='word_1_166' title='bbox 1550 2762 1639 2827; x_wconf 91' lang='lat' dir='ltr'><strong>sedes</strong></span> 
     </span>
     <span class='ocr_line' id='line_1_21' title="bbox 442 2867 1640 2953; baseline -0.002 -20"><span class='ocrx_word' id='word_1_167' title='bbox 442 2872 478 2933; x_wconf 91' lang='lat' dir='ltr'><strong>in</strong></span> <span class='ocrx_word' id='word_1_168' title='bbox 514 2869 649 2952; x_wconf 90' lang='lat' dir='ltr'><strong>rupibus</strong></span> <span class='ocrx_word' id='word_1_169' title='bbox 684 2870 805 2932; x_wconf 83' lang='lat' dir='ltr'><strong>excisas</strong></span> <span class='ocrx_word' id='word_1_170' title='bbox 839 2870 1000 2932; x_wconf 85' lang='lat' dir='ltr'><strong>invenisse</strong></span> <span class='ocrx_word' id='word_1_171' title='bbox 1036 2867 1262 2953; x_wconf 73' lang='lat' dir='ltr'><strong>exploratores,</strong></span> <span class='ocrx_word' id='word_1_172' title='bbox 1305 2867 1367 2947; x_wconf 81' lang='lat' dir='ltr'><strong>Qui</strong></span> <span class='ocrx_word' id='word_1_173' title='bbox 1400 2882 1476 2932; x_wconf 85' lang='lat' dir='ltr'><strong>vero</strong></span> <span class='ocrx_word' id='word_1_174' title='bbox 1512 2873 1640 2953; x_wconf 88' lang='lat' dir='ltr'><strong>reputat</strong></span> 
     </span>
     <span class='ocr_line' id='line_1_22' title="bbox 443 2971 1638 3053; baseline 0 -14"><span class='ocrx_word' id='word_1_175' title='bbox 443 2974 589 3039; x_wconf 87' lang='lat' dir='ltr'><strong>Hecaten</strong></span> <span class='ocrx_word' id='word_1_176' title='bbox 623 2971 733 3051; x_wconf 89' lang='lat' dir='ltr'><strong>illam,</strong></span> <span class='ocrx_word' id='word_1_177' title='bbox 769 2977 819 3038; x_wconf 91' lang='lat' dir='ltr'><strong>cui</strong></span> <span class='ocrx_word' id='word_1_178' title='bbox 850 2996 959 3037; x_wconf 84' lang='grc' dir='ltr'><strong><em>ουννυοο</em></strong></span> <span class='ocrx_word' id='word_1_179' title='bbox 988 2977 1022 3038; x_wconf 90' lang='lat' dir='ltr'><strong>in</strong></span> <span class='ocrx_word' id='word_1_180' title='bbox 1053 2980 1163 3038; x_wconf 87' lang='lat' dir='ltr'><strong>monte</strong></span> <span class='ocrx_word' id='word_1_181' title='bbox 1195 2972 1275 3038; x_wconf 87' lang='lat' dir='ltr'><strong>solia</strong></span> <span class='ocrx_word' id='word_1_182' title='bbox 1306 2979 1516 3053; x_wconf 88' lang='lat' dir='ltr'><strong>struerentur,</strong></span> <span class='ocrx_word' id='word_1_183' title='bbox 1540 2975 1638 3040; x_wconf 88' lang='lat' dir='ltr'><strong>fuisse</strong></span> 
     </span>
     <span class='ocr_line' id='line_1_23' title="bbox 443 3079 1635 3165; baseline 0 -20"><span class='ocrx_word' id='word_1_184' title='bbox 443 3080 538 3145; x_wconf 90' lang='lat' dir='ltr'><strong>deam</strong></span> <span class='ocrx_word' id='word_1_185' title='bbox 569 3079 734 3156; x_wconf 91' lang='lat' dir='ltr'><strong>lunarem,</strong></span> <span class='ocrx_word' id='word_1_186' title='bbox 765 3080 842 3145; x_wconf 87' lang='lat' dir='ltr'><strong>haec</strong></span> <span class='ocrx_word' id='word_1_187' title='bbox 873 3085 981 3145; x_wconf 89' lang='lat' dir='ltr'><strong>autem</strong></span> <span class='ocrx_word' id='word_1_188' title='bbox 1009 3079 1089 3145; x_wconf 89' lang='lat' dir='ltr'><strong>solia</strong></span> <span class='ocrx_word' id='word_1_189' title='bbox 1118 3082 1251 3164; x_wconf 90' lang='lat' dir='ltr'><strong>reperiri</strong></span> <span class='ocrx_word' id='word_1_190' title='bbox 1274 3082 1306 3143; x_wconf 89' lang='lat' dir='ltr'><strong>in</strong></span> <span class='ocrx_word' id='word_1_191' title='bbox 1330 3079 1436 3144; x_wconf 90' lang='lat' dir='ltr'><strong>insula</strong></span> <span class='ocrx_word' id='word_1_192' title='bbox 1459 3081 1515 3145; x_wconf 92' lang='lat' dir='ltr'><strong>ubi</strong></span> <span class='ocrx_word' id='word_1_193' title='bbox 1539 3102 1635 3165; x_wconf 89' lang='lat' dir='ltr'><strong>quam</strong></span> 
     </span>
     <span class='ocr_line' id='line_1_24' title="bbox 443 3182 1637 3270; baseline 0.001 -21"><span class='ocrx_word' id='word_1_194' title='bbox 443 3187 587 3249; x_wconf 84' lang='lat' dir='ltr'><strong>maxime</strong></span> <span class='ocrx_word' id='word_1_195' title='bbox 610 3187 738 3270; x_wconf 82' lang='lat' dir='ltr'><strong>vigeret</strong></span> <span class='ocrx_word' id='word_1_196' title='bbox 769 3182 883 3251; x_wconf 89' lang='lat' dir='ltr'><strong>Carnei</strong></span> <span class='ocrx_word' id='word_1_197' title='bbox 914 3184 1036 3261; x_wconf 90' lang='lat' dir='ltr'><strong>cultus,</strong></span> <span class='ocrx_word' id='word_1_198' title='bbox 1059 3188 1088 3249; x_wconf 93' lang='lat' dir='ltr'><strong>is</strong></span> <span class='ocrx_word' id='word_1_199' title='bbox 1111 3206 1240 3250; x_wconf 87' lang='lat' dir='ltr'><strong>mecum</strong></span> <span class='ocrx_word' id='word_1_200' title='bbox 1264 3185 1398 3249; x_wconf 89' lang='lat' dir='ltr'><strong>fortasse</strong></span> <span class='ocrx_word' id='word_1_201' title='bbox 1422 3186 1637 3270; x_wconf 86' lang='lat' dir='ltr'><strong>suspicabitur</strong></span> 
     </span>
     <span class='ocr_line' id='line_1_25' title="bbox 442 3288 1659 3375; baseline -0.005 -20"><span class='ocrx_word' id='word_1_202' title='bbox 442 3292 483 3355; x_wconf 89' lang='lat' dir='ltr'><strong>ab</strong></span> <span class='ocrx_word' id='word_1_203' title='bbox 519 3292 598 3375; x_wconf 90' lang='lat' dir='ltr'><strong>ipsis</strong></span> <span class='ocrx_word' id='word_1_204' title='bbox 633 3288 747 3356; x_wconf 83' lang='lat' dir='ltr'><strong>(lamei</strong></span> <span class='ocrx_word' id='word_1_205' title='bbox 778 3290 956 3355; x_wconf 90' lang='lat' dir='ltr'><strong>cultoribus</strong></span> <span class='ocrx_word' id='word_1_206' title='bbox 979 3290 1067 3354; x_wconf 90' lang='lat' dir='ltr'><strong>sedes</strong></span> <span class='ocrx_word' id='word_1_207' title='bbox 1090 3291 1148 3355; x_wconf 89' lang='lat' dir='ltr'><strong>has</strong></span> <span class='ocrx_word' id='word_1_208' title='bbox 1171 3289 1327 3355; x_wconf 90' lang='lat' dir='ltr'><strong>sublimes</strong></span> <span class='ocrx_word' id='word_1_209' title='bbox 1350 3312 1417 3356; x_wconf 91' lang='lat' dir='ltr'><strong>esse</strong></span> <span class='ocrx_word' id='word_1_210' title='bbox 1441 3296 1659 3368; x_wconf 83' lang='lat' dir='ltr'><strong>exstructas‚.</strong></span> 
     </span>
     <span class='ocr_line' id='line_1_26' title="bbox 443 3395 1639 3481; baseline -0.003 -20"><span class='ocrx_word' id='word_1_211' title='bbox 443 3397 501 3461; x_wconf 91' lang='lat' dir='ltr'><strong>ubi</strong></span> <span class='ocrx_word' id='word_1_212' title='bbox 525 3397 640 3460; x_wconf 86' lang='lat' dir='ltr'><strong>ovibus</strong></span> <span class='ocrx_word' id='word_1_213' title='bbox 663 3399 812 3461; x_wconf 89' lang='lat' dir='ltr'><strong>mactatis</strong></span> <span class='ocrx_word' id='word_1_214' title='bbox 830 3395 992 3481; x_wconf 89' lang='lat' dir='ltr'><strong>placarent</strong></span> <span class='ocrx_word' id='word_1_215' title='bbox 1012 3417 1132 3460; x_wconf 90' lang='lat' dir='ltr'><strong>numen</strong></span> <span class='ocrx_word' id='word_1_216' title='bbox 1152 3396 1301 3460; x_wconf 86' lang='lat' dir='ltr'><strong>divinum</strong></span> <span class='ocrx_word' id='word_1_217' title='bbox 1322 3396 1456 3462; x_wconf 91' lang='lat' dir='ltr'><strong>simulac</strong></span> <span class='ocrx_word' id='word_1_218' title='bbox 1476 3397 1515 3461; x_wconf 90' lang='lat' dir='ltr'><strong>ad</strong></span> <span class='ocrx_word' id='word_1_219' title='bbox 1535 3400 1639 3471; x_wconf 72' lang='grc' dir='ltr'><strong><em>ἀκμήν</em></strong></span> 
     </span>
     <span class='ocr_line' id='line_1_27' title="bbox 444 3499 1342 3586; baseline -0.001 -20"><span class='ocrx_word' id='word_1_220' title='bbox 444 3522 540 3567; x_wconf 91' lang='lat' dir='ltr'><strong>suam</strong></span> <span class='ocrx_word' id='word_1_221' title='bbox 563 3504 768 3586; x_wconf 84' lang='lat' dir='ltr'><strong>pervenisset.</strong></span> <span class='ocrx_word' id='word_1_222' title='bbox 793 3500 877 3565; x_wconf 89' lang='lat' dir='ltr'><strong>Nam</strong></span> <span class='ocrx_word' id='word_1_223' title='bbox 900 3502 959 3566; x_wconf 90' lang='lat' dir='ltr'><strong>hoc</strong></span> <span class='ocrx_word' id='word_1_224' title='bbox 983 3505 1126 3586; x_wconf 91' lang='lat' dir='ltr'><strong>tempore</strong></span> <span class='ocrx_word' id='word_1_225' title='bbox 1149 3499 1342 3566; x_wconf 89' lang='lat' dir='ltr'><strong>mortalibus</strong></span> 
     </span>
    </p>

    <p class='ocr_par' dir='ltr' id='par_1_4' title="bbox 438 3605 1639 4324">
     <span class='ocr_line' id='line_1_28' title="bbox 786 3605 1275 3686; baseline 0.006 -18"><span class='ocrx_word' id='word_1_226' title='bbox 786 3606 906 3686; x_wconf 71' lang='grc' dir='ltr'><strong><em>τέκμωρ</em></strong></span> <span class='ocrx_word' id='word_1_227' title='bbox 929 3607 980 3670; x_wconf 73' lang='grc' dir='ltr'><strong>καὶ</strong></span> <span class='ocrx_word' id='word_1_228' title='bbox 1005 3614 1092 3682; x_wconf 76' lang='grc' dir='ltr'><strong><em>οῆμον</em></strong></span> <span class='ocrx_word' id='word_1_229' title='bbox 1116 3605 1275 3671; x_wconf 77' lang='grc' dir='ltr'><strong><em>τέτυκτοοο.</em></strong></span> 
     </span>
     <span class='ocr_line' id='line_1_29' title="bbox 443 3710 1639 3796; baseline 0 -19"><span class='ocrx_word' id='word_1_230' title='bbox 443 3712 534 3778; x_wconf 83' lang='lat' dir='ltr'><strong>Cave</strong></span> <span class='ocrx_word' id='word_1_231' title='bbox 569 3732 646 3776; x_wconf 89' lang='lat' dir='ltr'><strong>vero</strong></span> <span class='ocrx_word' id='word_1_232' title='bbox 679 3716 773 3795; x_wconf 89' lang='lat' dir='ltr'><strong>putes</strong></span> <span class='ocrx_word' id='word_1_233' title='bbox 803 3712 880 3777; x_wconf 88' lang='lat' dir='ltr'><strong>haec</strong></span> <span class='ocrx_word' id='word_1_234' title='bbox 911 3711 1065 3777; x_wconf 87' lang='lat' dir='ltr'><strong>sacrificia</strong></span> <span class='ocrx_word' id='word_1_235' title='bbox 1095 3733 1152 3796; x_wconf 92' lang='lat' dir='ltr'><strong>pro</strong></span> <span class='ocrx_word' id='word_1_236' title='bbox 1183 3714 1267 3776; x_wconf 85' lang='lat' dir='ltr'><strong>veris</strong></span> <span class='ocrx_word' id='word_1_237' title='bbox 1299 3710 1411 3775; x_wconf 93' lang='lat' dir='ltr'><strong>diebus</strong></span> <span class='ocrx_word' id='word_1_238' title='bbox 1442 3712 1532 3776; x_wconf 89' lang='lat' dir='ltr'><strong>festis</strong></span> <span class='ocrx_word' id='word_1_239' title='bbox 1563 3719 1639 3777; x_wconf 87' lang='lat' dir='ltr'><strong>tunc</strong></span> 
     </span>
     <span class='ocr_line' id='line_1_30' title="bbox 440 3816 1638 3901; baseline 0 -20"><span class='ocrx_word' id='word_1_240' title='bbox 440 3818 543 3881; x_wconf 85' lang='lat' dir='ltr'><strong>fuisse</strong></span> <span class='ocrx_word' id='word_1_241' title='bbox 574 3819 738 3901; x_wconf 89' lang='lat' dir='ltr'><strong>temporis.</strong></span> <span class='ocrx_word' id='word_1_242' title='bbox 770 3818 872 3882; x_wconf 92' lang='lat' dir='ltr'><strong>Pecus</strong></span> <span class='ocrx_word' id='word_1_243' title='bbox 896 3820 999 3889; x_wconf 84' lang='lat' dir='ltr'><strong>enim,</strong></span> <span class='ocrx_word' id='word_1_244' title='bbox 1025 3837 1097 3881; x_wconf 89' lang='lat' dir='ltr'><strong>cum</strong></span> <span class='ocrx_word' id='word_1_245' title='bbox 1122 3816 1212 3881; x_wconf 92' lang='lat' dir='ltr'><strong>nullo</strong></span> <span class='ocrx_word' id='word_1_246' title='bbox 1237 3817 1287 3882; x_wconf 87' lang='lat' dir='ltr'><strong>die</strong></span> <span class='ocrx_word' id='word_1_247' title='bbox 1312 3817 1402 3882; x_wconf 92' lang='lat' dir='ltr'><strong>edere</strong></span> <span class='ocrx_word' id='word_1_248' title='bbox 1427 3817 1638 3884; x_wconf 86' lang='lat' dir='ltr'><strong>obliviscatur</strong></span> 
     </span>
     <span class='ocr_line' id='line_1_31' title="bbox 439 3921 1634 4008; baseline 0.001 -21"><span class='ocrx_word' id='word_1_249' title='bbox 439 3921 637 4006; x_wconf 84' lang='lat' dir='ltr'><strong>cottidieque</strong></span> <span class='ocrx_word' id='word_1_250' title='bbox 667 3924 701 3986; x_wconf 91' lang='lat' dir='ltr'><strong>in</strong></span> <span class='ocrx_word' id='word_1_251' title='bbox 731 3944 850 4008; x_wconf 88' lang='lat' dir='ltr'><strong>pascua</strong></span> <span class='ocrx_word' id='word_1_252' title='bbox 870 3923 962 3988; x_wconf 90' lang='lat' dir='ltr'><strong>educi</strong></span> <span class='ocrx_word' id='word_1_253' title='bbox 986 3921 1082 3997; x_wconf 87' lang='lat' dir='ltr'><strong>velit,</strong></span> <span class='ocrx_word' id='word_1_254' title='bbox 1107 3928 1210 3987; x_wconf 89' lang='lat' dir='ltr'><strong>aetate</strong></span> <span class='ocrx_word' id='word_1_255' title='bbox 1234 3925 1403 4007; x_wconf 86' lang='lat' dir='ltr'><strong>pastoricia</strong></span> <span class='ocrx_word' id='word_1_256' title='bbox 1426 3926 1503 4008; x_wconf 89' lang='lat' dir='ltr'><strong>quin</strong></span> <span class='ocrx_word' id='word_1_257' title='bbox 1528 3930 1634 3989; x_wconf 87' lang='lat' dir='ltr'><strong>totum</strong></span> 
     </span>
     <span class='ocr_line' id='line_1_32' title="bbox 439 4027 1634 4113; baseline 0.002 -21"><span class='ocrx_word' id='word_1_258' title='bbox 439 4028 530 4092; x_wconf 92' lang='lat' dir='ltr'><strong>diem</strong></span> <span class='ocrx_word' id='word_1_259' title='bbox 561 4027 600 4091; x_wconf 92' lang='lat' dir='ltr'><strong>ab</strong></span> <span class='ocrx_word' id='word_1_260' title='bbox 632 4048 725 4112; x_wconf 91' lang='lat' dir='ltr'><strong>opere</strong></span> <span class='ocrx_word' id='word_1_261' title='bbox 749 4028 843 4093; x_wconf 92' lang='lat' dir='ltr'><strong>solito</strong></span> <span class='ocrx_word' id='word_1_262' title='bbox 866 4033 1021 4093; x_wconf 88' lang='lat' dir='ltr'><strong>cessarent</strong></span> <span class='ocrx_word' id='word_1_263' title='bbox 1044 4028 1190 4093; x_wconf 88' lang='lat' dir='ltr'><strong>homines</strong></span> <span class='ocrx_word' id='word_1_264' title='bbox 1212 4042 1342 4093; x_wconf 87' lang='lat' dir='ltr'><strong>strenuo</strong></span> <span class='ocrx_word' id='word_1_265' title='bbox 1365 4029 1561 4113; x_wconf 88' lang='lat' dir='ltr'><strong>impediebat</strong></span> <span class='ocrx_word' id='word_1_266' title='bbox 1583 4031 1634 4094; x_wconf 92' lang='lat' dir='ltr'><strong>ba·</strong></span> 
     </span>
     <span class='ocr_line' id='line_1_33' title="bbox 438 4132 1633 4219; baseline 0 -20"><span class='ocrx_word' id='word_1_267' title='bbox 438 4133 524 4199; x_wconf 90' lang='lat' dir='ltr'><strong>latu.</strong></span> <span class='ocrx_word' id='word_1_268' title='bbox 557 4132 668 4218; x_wconf 88' lang='lat' dir='ltr'><strong>Neque</strong></span> <span class='ocrx_word' id='word_1_269' title='bbox 698 4154 778 4219; x_wconf 91' lang='lat' dir='ltr'><strong>opus</strong></span> <span class='ocrx_word' id='word_1_270' title='bbox 809 4133 988 4219; x_wconf 89' lang='lat' dir='ltr'><strong>pastoribus</strong></span> <span class='ocrx_word' id='word_1_271' title='bbox 1018 4134 1081 4197; x_wconf 85' lang='lat' dir='ltr'><strong>fuit</strong></span> <span class='ocrx_word' id='word_1_272' title='bbox 1112 4139 1255 4218; x_wconf 91' lang='lat' dir='ltr'><strong>tempore</strong></span> <span class='ocrx_word' id='word_1_273' title='bbox 1286 4134 1431 4218; x_wconf 78' lang='lat' dir='ltr'><strong>longiore</strong></span> <span class='ocrx_word' id='word_1_274' title='bbox 1463 4155 1525 4218; x_wconf 90' lang='lat' dir='ltr'><strong>quo</strong></span> <span class='ocrx_word' id='word_1_275' title='bbox 1549 4138 1633 4200; x_wconf 86' lang='lat' dir='ltr'><strong>vires</strong></span> 
     </span>
     <span class='ocr_line' id='line_1_34' title="bbox 438 4237 1633 4324; baseline 0.001 -21"><span class='ocrx_word' id='word_1_276' title='bbox 438 4242 552 4324; x_wconf 90' lang='lat' dir='ltr'><strong>quiete</strong></span> <span class='ocrx_word' id='word_1_277' title='bbox 575 4237 739 4303; x_wconf 88' lang='lat' dir='ltr'><strong>reficerent</strong></span> <span class='ocrx_word' id='word_1_278' title='bbox 761 4240 945 4316; x_wconf 85' lang='lat' dir='ltr'><strong>exhaustas,</strong></span> <span class='ocrx_word' id='word_1_279' title='bbox 971 4243 1084 4323; x_wconf 90' lang='lat' dir='ltr'><strong>utpote</strong></span> <span class='ocrx_word' id='word_1_280' title='bbox 1107 4241 1163 4323; x_wconf 90' lang='lat' dir='ltr'><strong>qui</strong></span> <span class='ocrx_word' id='word_1_281' title='bbox 1187 4241 1287 4303; x_wconf 85' lang='lat' dir='ltr'><strong>vitam</strong></span> <span class='ocrx_word' id='word_1_282' title='bbox 1312 4241 1446 4303; x_wconf 90' lang='lat' dir='ltr'><strong>minime</strong></span> <span class='ocrx_word' id='word_1_283' title='bbox 1465 4238 1633 4304; x_wconf 89' lang='lat' dir='ltr'><strong>molestam</strong></span> 
     </span>
    </p>
   </div>
   <div class='ocr_carea' id='block_1_3' title="bbox 474 4464 1014 4860">
    <p class='ocr_par' dir='ltr' id='par_1_5' title="bbox 475 4464 721 4529">
     <span class='ocr_line' id='line_1_35' title="bbox 475 4464 721 4529; baseline -0.012 -13"><span class='ocrx_word' id='word_1_284' title='bbox 475 4469 501 4529; x_wconf 90' lang='grc'><strong>1)</strong></span> <span class='ocrx_word' id='word_1_285' title='bbox 522 4466 612 4514; x_wconf 85' lang='lat' dir='ltr'><strong>Herod.</strong></span> <span class='ocrx_word' id='word_1_286' title='bbox 629 4464 663 4523; x_wconf 93' lang='lat' dir='ltr'><strong>Il,</strong></span> <span class='ocrx_word' id='word_1_287' title='bbox 682 4465 721 4513; x_wconf 79' lang='lat'><strong>52.</strong></span> 
     </span>
    </p>

    <p class='ocr_par' dir='ltr' id='par_1_6' title="bbox 474 4547 722 4611">
     <span class='ocr_line' id='line_1_36' title="bbox 474 4547 722 4611; baseline -0.012 -12"><span class='ocrx_word' id='word_1_288' title='bbox 474 4551 502 4611; x_wconf 78' lang='lat'><strong>2)</strong></span> <span class='ocrx_word' id='word_1_289' title='bbox 522 4549 613 4597; x_wconf 89' lang='lat' dir='ltr'><strong>Herod.</strong></span> <span class='ocrx_word' id='word_1_290' title='bbox 630 4547 664 4606; x_wconf 88' lang='grc' dir='ltr'><strong>Π,</strong></span> <span class='ocrx_word' id='word_1_291' title='bbox 683 4548 722 4596; x_wconf 77' lang='lat' dir='ltr'><strong>bd.</strong></span> 
     </span>
    </p>

    <p class='ocr_par' dir='ltr' id='par_1_7' title="bbox 474 4626 818 4693">
     <span class='ocr_line' id='line_1_37' title="bbox 474 4626 818 4693; baseline -0.012 -12"><span class='ocrx_word' id='word_1_292' title='bbox 474 4635 502 4693; x_wconf 82' lang='lat'><strong>8)</strong></span> <span class='ocrx_word' id='word_1_293' title='bbox 520 4630 593 4678; x_wconf 79' lang='lat' dir='ltr'><strong>Arch.</strong></span> <span class='ocrx_word' id='word_1_294' title='bbox 612 4630 681 4677; x_wconf 83' lang='lat' dir='ltr'><strong>Mitt.</strong></span> <span class='ocrx_word' id='word_1_295' title='bbox 700 4626 778 4687; x_wconf 82' lang='grc'><strong>111111,</strong></span> <span class='ocrx_word' id='word_1_296' title='bbox 795 4629 818 4677; x_wconf 86' lang='lat'><strong>8.</strong></span> 
     </span>
    </p>

    <p class='ocr_par' dir='ltr' id='par_1_8' title="bbox 474 4710 1014 4860">
     <span class='ocr_line' id='line_1_38' title="bbox 474 4710 1014 4776; baseline -0.004 -13"><span class='ocrx_word' id='word_1_297' title='bbox 474 4716 503 4775; x_wconf 78' lang='grc'><strong>4)</strong></span> <span class='ocrx_word' id='word_1_298' title='bbox 522 4712 601 4760; x_wconf 87' lang='lat' dir='ltr'><strong>Ueber</strong></span> <span class='ocrx_word' id='word_1_299' title='bbox 618 4710 749 4760; x_wconf 82' lang='lat' dir='ltr'><strong>vorhcllca.</strong></span> <span class='ocrx_word' id='word_1_300' title='bbox 766 4710 917 4761; x_wconf 78' lang='lat' dir='ltr'><strong>Gdtterculte</strong></span> <span class='ocrx_word' id='word_1_301' title='bbox 933 4727 956 4776; x_wconf 85' lang='lat' dir='ltr'><strong>p.</strong></span> <span class='ocrx_word' id='word_1_302' title='bbox 974 4712 1014 4761; x_wconf 83' lang='lat'><strong>80.</strong></span> 
     </span>
     <span class='ocr_line' id='line_1_39' title="bbox 475 4793 923 4860; baseline -0.004 -14"><span class='ocrx_word' id='word_1_303' title='bbox 475 4799 503 4857; x_wconf 77' lang='lat' dir='ltr'><strong>b)</strong></span> <span class='ocrx_word' id='word_1_304' title='bbox 521 4796 577 4843; x_wconf 82' lang='lat' dir='ltr'><strong>Atb.</strong></span> <span class='ocrx_word' id='word_1_305' title='bbox 598 4793 664 4843; x_wconf 80' lang='lat' dir='ltr'><strong>Mitt.</strong></span> <span class='ocrx_word' id='word_1_306' title='bbox 685 4794 750 4842; x_wconf 84' lang='lat' dir='ltr'><strong>lsee</strong></span> <span class='ocrx_word' id='word_1_307' title='bbox 766 4811 788 4860; x_wconf 89' lang='lat' dir='ltr'><strong>p.</strong></span> <span class='ocrx_word' id='word_1_308' title='bbox 806 4795 855 4845; x_wconf 71' lang='lat'><strong>252</strong></span> <span class='ocrx_word' id='word_1_309' title='bbox 873 4810 923 4859; x_wconf 82' lang='lat' dir='ltr'><strong>sqq.</strong></span> 
     </span>
    </p>
   </div>
   <div class='ocr_carea' id='block_1_4' title="bbox 0 0 2268 5943">
    <p class='ocr_par' dir='ltr' id='par_1_9' title="bbox 0 0 2268 5943">
     <span class='ocr_line' id='line_1_40' title="bbox 0 0 2268 5943; baseline 0 0"><span class='ocrx_word' id='word_1_310' title='bbox 0 0 2268 5943; x_wconf 95' lang='lat' dir='ltr'><strong> </strong></span> 
     </span>
    </p>
   </div>
  </div>
 </body>
</html>
