4525 5950
536 677 580 741 40
1062 692 1194 741 sunnon.

533 859 706 922 Panaetius
738 856 866 922 Stoicus
898 856 985 922 idem
1015 857 1100 942 quod
1131 856 1249 922 Seneca
1272 860 1306 921 in
1331 858 1389 922 hae
1413 878 1447 922 re
1471 861 1649 936 censuerit,
1675 859 1732 925 hoc

535 964 703 1029 observare
736 963 853 1029 velim:
887 964 1060 1029 Panaetius
1090 965 1203 1028 iuveni
1233 963 1271 1028 de
1302 984 1412 1029 amore
1436 967 1603 1050 quaerent-i
1627 967 1733 1050 primo

534 1069 703 1156 respondet
726 1068 803 1155 quid
828 1070 890 1133 sibi
914 1068 952 1133 de
974 1090 1012 1134 eo
1036 1068 1202 1146 videatur;
1227 1068 1340 1134 deinde
1364 1090 1465 1154 pauca
1488 1070 1577 1135 addit
1600 1070 1639 1136 de
1660 1070 1733 1137 aliis

533 1197 614 1263 quae
638 1198 701 1241 non
726 1179 833 1240 minus
858 1196 957 1261 quam
981 1195 1071 1240 amor
1094 1175 1262 1261 voluptate
1286 1196 1345 1240 sua
1368 1197 1424 1240 nos
1444 1174 1571 1242 allicere
1590 1180 1731 1263 possint;

532 1282 652 1347 Seneca
676 1290 786 1347 contra
809 1303 866 1367 per
890 1287 992 1346 totam
1015 1282 1097 1346 hanc
1120 1280 1294 1366 epistulam
1319 1302 1380 1346 non
1404 1281 1500 1347 modo
1523 1282 1561 1347 de
1585 1282 1734 1369 volupta-

532 1391 589 1453 riis
624 1387 789 1453 affectibus
824 1390 911 1473 agit,
946 1387 1001 1452 sed
1035 1408 1164 1452 omnem
1197 1386 1235 1451 de
1265 1390 1307 1452 iis
1336 1387 1445 1452 locum
1477 1394 1603 1455 tractat.
1641 1389 1732 1470 Quod

534 1500 644 1559 autem
676 1496 792 1559 attinet
824 1493 863 1556 ad
896 1514 963 1559 voc.
995 1515 1065 1571 coc,
1097 1493 1181 1578 quod
1212 1514 1310 1579 supra
1332 1496 1417 1558 intra
1441 1493 1597 1560 cancellos
1619 1498 1731 1581 posui,

533 1604 604 1666 iure
624 1601 706 1665 mihi
725 1600 854 1666 videtur
873 1598 1014 1664 Hessius
1032 1598 1206 1676 delevisse,
1227 1599 1304 1665 licet
1323 1599 1464 1665 Hessius
1483 1603 1627 1666 retineat.
1647 1601 1733 1666 Nam

533 1710 561 1772 si
592 1708 762 1770 recedamus
795 1726 910 1770 sanum
940 1704 1141 1783 iudicamus,
1172 1728 1225 1770 coc
1251 1707 1407 1771 vitiosum
1430 1706 1575 1772 videtur:
1600 1706 1732 1772 nullum

533 1815 620 1879 enim
645 1811 769 1898 pondus
793 1815 826 1876 in
850 1814 1039 1898 pronomine
1062 1813 1121 1877 hoc
1145 1810 1215 1877 loco
1238 1815 1342 1877 inesse
1365 1818 1478 1898 potest.
1503 1812 1572 1878 Alii
1593 1814 1731 1878 verbum

533 1925 721 2004 corruptum
753 1918 930 1997 duxerunt,
963 1918 1017 1983 sed
1041 1916 1130 1983 nulla
1155 1921 1336 1984 coniectura
1359 1925 1426 1984 tam
1450 1918 1531 1984 lenis
1554 1922 1734 2006 excogitari

532 2032 637 2114 potest
670 2047 767 2111 quam
799 2038 847 2090 est
881 2025 990 2090 Haasii
1018 2046 1208 2112 pronomen,
1233 2026 1318 2112 quod
1342 2026 1474 2092 fortasse
1497 2047 1553 2114 per
1574 2026 1732 2113 dittogra-

534 2133 645 2218 phiam
670 2138 782 2197 uatum
806 2138 854 2196 est
877 2137 1067 2217 (possumus,
1091 2137 1167 2213 noc),
1192 2130 1336 2197 delentis.

579 2350 638 2436 Hp.
667 2349 808 2428 119,14.
833 2348 962 2430 Egregie
986 2349 1088 2435 itaque
1107 2350 1257 2413 Horatius
1276 2359 1365 2432 nepot
1379 2348 1405 2430 ¹)
1425 2352 1467 2414 od
1481 2351 1563 2415 sitim
1576 2351 1734 2434 pertinere

536 2479 593 2542 quo
614 2456 720 2538 poculo
744 2479 823 2541 aquo
846 2462 901 2519 out
923 2478 1009 2541 quom
1032 2455 1164 2536 eleganti
1185 2479 1275 2520 mccc
1299 2457 1495 2522 ministretur.
1520 2458 1600 2522 Nam
1620 2458 1648 2521 ei
1661 2481 1734 2540 per-

537 2563 633 2627 ticere
662 2563 704 2624 ad
734 2569 762 2625 te
785 2561 919 2636 iudicas,
944 2583 1031 2645 quom
1054 2561 1183 2625 crinitus
1200 2585 1281 2644 puer
1303 2569 1332 2626 et
1355 2585 1443 2648 quom
1460 2564 1652 2645 perlucidum
1677 2563 1734 2628 titi

529 2668 672 2751 poectum
689 2667 848 2750 porrigat,
873 2690 932 2731 noc
954 2667 1034 2731 citis.
1068 2667 1117 2732 ad
1141 2688 1210 2732 voc.
1236 2691 1315 2753 oqca
1338 2668 1397 2733 hoo
1421 2668 1562 2734 Hensius
1582 2675 1732 2734 annotat:

536 2775 630 2853 „vide
653 2795 691 2839 ne
715 2772 877 2861 glossema
900 2776 944 2838 sit
967 2796 1044 2858 aqua
1069 2772 1120 2838 vel
1145 2797 1240 2858 aqcoe
1263 2777 1320 2853 (sio
1345 2774 1431 2854 BA).
1456 2773 1527 2840 Non
1547 2777 1616 2840 sine
1635 2796 1734 2841 causa

532 2880 675 2945 Hessius
707 2880 766 2944 hoc
794 2881 947 2957 coniecit,
979 2881 1054 2964 quia
1081 2900 1138 2943 nee
1163 2878 1318 2944 Horatius
1337 2901 1406 2945 voc.
1432 2880 1557 2965 „aqua”
1582 2902 1660 2945 osus
1685 2887 1734 2946 eet

532 3009 589 3053 nec
620 2990 691 3052 sitis
715 2989 845 3052 omnino
870 3007 952 3072 aqua
976 2986 1127 3064 sedanda;
1154 2987 1303 3052 omnibus
1328 2992 1436 3052 tamen
1460 2991 1641 3054 accuratius
1664 3010 1733 3074 per·

535 3096 640 3179 pensis
673 3092 837 3179 glossema
872 3093 947 3156 huic
982 3090 1050 3156 loeo
1081 3094 1184 3157 inesse
1214 3114 1276 3157 non
1308 3098 1404 3178 put03
1435 3095 1463 3157 si
1490 3096 1576 3159 enim
1600 3093 1641 3159 ad
1664 3100 1732 3159 tam

534 3220 677 3264 severam
708 3197 856 3284 regulam
888 3199 996 3262 omnic
1026 3197 1078 3262 hic
1106 3200 1234 3283 exigere
1264 3195 1421 3275 velimus,
1453 3200 1551 3264 etiem
1583 3220 1651 3264 voc.
1680 3207 1734 3263 cut

533 3328 619 3390 qaam
654 3305 785 3385 eleganti
820 3327 909 3367 manu
944 3306 1053 3389 spuria
1084 3303 1219 3369 debeant
1249 3325 1333 3382 esse,
1364 3325 1438 3369 cum
1470 3326 1510 3369 ne
1541 3325 1579 3369 ea
1601 3305 1732 3391 quidem

534 3410 619 3497 apud
649 3416 778 3497 poetam
810 3410 971 3497 legantur.
1008 3410 1052 3473 At
1082 3408 1239 3474 vocabulo
1272 3418 1301 3474 et
1332 3412 1366 3473 in
1390 3409 1527 3475 secunda
1549 3419 1640 3496 parte
1665 3432 1732 3477 sen-

535 3520 655 3582 tentiae
688 3515 792 3582 deleto
824 3522 994 3580 contextus
1026 3515 1108 3579 mihi
1140 3515 1244 3579 multo
1275 3515 1454 3601 elegantior
1484 3515 1554 3581 fieri
1584 3515 1731 3582 videtur:

536 3645 604 3685 erem
635 3622 663 3685 ci
688 3621 844 3704 perticere
874 3622 916 3684 od
940 3627 968 3684 te
990 3620 1110 3683 iudicas
1133 3643 1220 3706 quom
1244 3621 1372 3684 crinitus
1390 3644 1470 3704 puer
1494 3644 1581 3707 quom
1598 3622 1732 3703 perteretL

535 3729 604 3791 dum
628 3728 683 3791 tibi
700 3728 843 3810 poculum
860 3726 1020 3810 porrigat,
1045 3749 1103 3790 noc
1125 3726 1204 3791 sitio.

580 3947 638 4032 Hp.
667 3945 742 4023 120,
756 3945 810 4010 20.
844 3945 1012 4008 Maximum
1040 3945 1186 4008 indicium-
1209 3953 1252 4008 ert
1273 3946 1370 4010 metae
1393 3946 1499 4009 mentis
1514 3948 1680 4029 fluctuatio
1703 3956 1731 4012 et

536 4053 616 4117 inter
650 4052 868 4116 circulationem
905 4051 1047 4115 uirtutum
1082 4074 1263 4138 amoremque
1296 4053 1437 4116 vitiorum
1472 4053 1602 4116 adsiduo
1635 4054 1730 4119 iactu-

537 4159 589 4224 tio.
623 4160 649 4222 ie

1127 4265 1273 4341 „babebat
1295 4289 1383 4348 saepe
1404 4267 1544 4331 ducentos

717 4392 805 4452 caepe
829 4372 925 4434 decent
947 4391 1046 4433 cervos
1068 4391 1095 4434 e.
1108 4391 1138 4455 q.
1152 4370 1199 4435 s.'’
1214 4372 1250 4450 ²).

581 4474 655 4540 Voo.
686 4477 714 4539 ic
744 4497 848 4561 neque
881 4476 1011 4541 Mureto
1042 4497 1144 4560 neque
1177 4475 1368 4544 Buechelero
1400 4479 1581 4545 satisfacere
1605 4483 1730 4565 potuit,

569 4737 595 4800 l)
612 4737 662 4784 Sat.
681 4736 693 4784 I
711 4736 735 4793 a,
747 4735 807 4784 114:
827 4750 902 4785 ,num
919 4734 977 4793 tibi,
995 4750 1050 4784 cnm
1067 4735 1146 4785 teucer
1164 4736 1213 4785 urit
1230 4736 1296 4796 sitis,
1314 4752 1386 4785 sures
1403 4736 1498 4801 quaeris
1512 4735 1518 4804 Ι
1532 4736 1651 4803 poculei’'

569 4819 597 4884 2)
616 4818 677 4868 Hor.
696 4820 745 4868 Sat.
764 4817 909 4882 1³,110q.
