4525 5950
919 681 1159 730 nauosrnnnss.
1612 662 1632 730 7

447 847 562 933 Itaque
586 845 819 935 Cephisodotus
839 848 895 913 ille
918 848 1125 935 Dioeeogenis
1148 847 1293 936 pupillus
1315 849 1399 933 apud
1422 848 1547 914 Isaeum
1571 870 1634 914 non

448 960 518 1020 arai
540 955 702 1040 profectus
722 955 763 1020 ad
787 954 908 1021 ballum
932 957 1014 1018 ἀντ’
1038 956 1210 1032 ἀκολούθου,
1235 954 1289 1021 sed
1313 953 1406 1019 ἀνευ
1429 959 1601 1040 ἀκολούθου.

492 1190 574 1277 §46
596 1213 627 1277 p.
653 1190 729 1258 958.
754 1192 859 1272 Quum
885 1192 922 1258 de
946 1191 1058 1257 multis
1082 1195 1215 1279 privatis
1234 1194 1429 1259 orationibus
1450 1194 1632 1259 dubitatum

445 1300 492 1362 sit
523 1305 666 1364 essentne
696 1301 831 1385 genuini
861 1299 1085 1365 Demosthenis
1115 1303 1239 1386 ingenii
1270 1301 1373 1366 foetus
1403 1322 1459 1366 nee
1482 1322 1538 1378 ne,
1563 1321 1633 1365 oon·

442 1410 615 1469 senserunt
634 1410 743 1470 tamen
762 1427 871 1471 omnes
890 1405 1164 1492 elegantissimam
1183 1410 1358 1473 orationem
1373 1428 1429 1492 pro
1441 1406 1633 1472 Phormione

440 1533 509 1576 non
528 1511 640 1576 debere
659 1514 690 1577 ei
708 1514 806 1598 eripi;
827 1512 882 1577 sed
902 1533 965 1597 quo
985 1517 1033 1577 ast
1051 1534 1087 1577 ea
1107 1515 1207 1578 oratio
1227 1516 1447 1597 praestantior,
1467 1515 1630 1578 eominus

438 1620 510 1684 fero
533 1618 648 1684 inutile
672 1622 846 1684 sententiae
869 1620 1008 1706 pondus:
1034 1619 1047 1684 ό
1072 1622 1136 1700 γάρ
1159 1616 1199 1684 αὖ
1223 1622 1275 1692 τός
1299 1623 1401 1701 πατὴρ
1425 1622 1540 1686 ἐκείνων
1564 1619 1630 1696 ἐγέ-

439 1749 527 1804 νετο,
552 1723 609 1793 cies
634 1726 685 1789 sal
711 1725 749 1790 τὺ
773 1727 823 1791 κοιὶ
848 1722 933 1798 οὗτος
958 1729 1068 1791 ἐκείνου
1092 1727 1232 1804 γίγνεσθ’
1257 1729 1290 1790 ἐκ
1313 1728 1421 1792 τούτου
1446 1731 1499 1791 τοῦ
1523 1727 1629 1802 λόγου.

437 1831 513 1897 Iam
537 1834 614 1898 satis
637 1832 696 1897 hoe
719 1839 948 1920 argumentum
973 1836 1156 1918 expositum
1178 1833 1282 1898 fuerat
1303 1835 1337 1898 in
1360 1833 1587 1918 superioribus.

486 2067 567 2151 §48
597 2089 629 2152 p.
654 2066 738 2133 959:
771 2066 945 2146 ἀντηλλάγκ
978 2068 1030 2132 τόν
1061 2067 1154 2133 οιῠτόν
1186 2067 1293 2148 τρόπον
1326 2065 1412 2145 όνπερ
1443 2034 1529 2139 οὖτος
1560 2070 1628 2144 ἀφ’

436 2174 535 2248 ὑμῶν.
550 2173 664 2239 'Immo
687 2173 776 2260 lege:
802 2176 863 2254 ὑφ’
889 2175 979 2251 ὑμῶν.

799 2416 912 2474 ΠΡΟΣ
938 2417 1270 2474 ΠΑΝΤΛΙΝΕΤΟΝ.

485 2592 568 2678 §12
598 2616 629 2680 p.
654 2592 736 2660 970:
768 2592 939 2667 eistetenses
971 2594 1076 2673 τολλῷ
1107 2594 1244 2665 πλείονος
1276 2587 1351 2666 ἀξιον
1382 2592 1466 2672 ἔχειν
1489 2588 1527 2655 ὧν
1552 2592 1627 2656 ἐδε-

434 2700 634 2778 δώκειμεν
657 2701 839 2782 χρημάτων.
864 2699 922 2765 list
945 2699 1033 2765 loeus
1051 2702 1133 2765 mire
1150 2699 1342 2786 impeditus;
1364 2698 1460 2763 incidi
1479 2699 1625 2784 equidem

435 2811 472 2872 in
498 2805 842 2882 ἐδεδονεόκειμεν.

486 3043 504 3125 §
526 3040 567 3105 18
590 3063 621 3127 p.
647 3039 729 3107 971:
754 3042 787 3104 οὐ
812 3040 875 3120 γάρ
899 3039 937 3104 ἀν
957 3039 1051 3114 δότου
1072 3042 1129 3104 τῶν
1149 3042 1249 3104 αὐτῶν
1268 3041 1466 3115 ἀδικημάτων
1489 3041 1624 3117 τοιοόν-

435 3172 512 3210 των
545 3149 665 3225 ἀμφοῖν
695 3147 803 3222 ὁμοίως
834 3148 1037 3222 ἐγκαλῶν,
1069 3146 1118 3209 τόν
1151 3146 1207 3223 μὲν
1238 3144 1339 3223 alane,
1364 3147 1433 3224 τῷδ’
1458 3145 1622 3228 ε’δικάζετο.

438 3253 507 3318 Nee
535 3252 685 3319 Reiskius
715 3274 772 3318 neo
802 3250 841 3318 G.
870 3251 912 3316 H.
944 3250 1112 3316 Sehtferus
1142 3252 1226 3316 huno
1248 3251 1355 3334 locum
1378 3257 1553 3338 potnerunt
1575 3276 1625 3319 ex-

440 3359 552 3448 pedire
583 3366 615 3423 et
647 3359 731 3445 quod
763 3357 905 3423 Blassius
935 3360 967 3421 in
999 3365 1125 3422 textum
1157 3356 1285 3435 intulit,
1309 3365 1358 3422 est
1380 3380 1416 3423 ea
1437 3359 1549 3425 infelix
1573 3360 1625 3425 ad-

436 3465 571 3531 modum
595 3467 744 3551 suspicio.
769 3464 972 3550 legendum:
997 3464 1120 3542 τυρόν
1145 3468 1263 3541 ἀμφοῖν
1282 3464 1389 3539 όμοόως
1414 3467 1622 3541 ε’γκοιλεῒν.

482 3698 563 3784 §48
595 3721 625 3785 p.
652 3698 735 3764 980:
769 3697 980 3766 τετιςευκότοο
1013 3698 1135 3763 εἰσιέναι
1168 3708 1232 3771 τοῖς
1263 3701 1458 3778 τοάγμοιοιν,
1490 3701 1565 3764 ἀλλ’
1588 3703 1621 3766 οὗ

433 3815 503 3877 τοῖς
534 3805 637 3882 λόγοις
671 3807 721 3869 nai
755 3813 818 3877 τοῖς
849 3810 992 3871 τυνεςῶοι
1016 3807 1084 3881 μεθ’
1108 3806 1202 3869 αὐτοῦ
1226 3806 1442 3890 [μάρτυτι].
1464 3806 1621 3894 Expunge

436 3911 597 3977 ultimum
621 3910 831 3988 vocabulum,
857 3909 927 3976 coll.
952 3912 970 3994 ξ
990 3909 1032 3976 39
1056 3934 1086 3997 p.
1113 3910 1196 3977 978:
1221 3916 1388 3989 nepaesinae
1411 3914 1517 3996 [τοὺς
1538 3918 1621 3991 μεθ’

432 4021 598 4101 ἑαυτοῦ]
629 4019 663 4082 τὸ
696 4018 871 4094 ἕογοιςιὶοιον
903 4020 961 4080 τῶν
985 4020 1168 4096 ουνεςώτων,
1191 4020 1247 4083 ubi
1271 4040 1503 4104 supervacanea
1526 4022 1622 4087 verba

430 4128 501 4190 iam
525 4123 645 4190 delerit
666 4122 829 4190 Dobraeus
853 4146 884 4210 p.
909 4121 984 4187 499.

483 4357 564 4445 §55
588 4381 619 4445 p.
644 4358 726 4424 982:
751 4361 784 4423 οὐ
808 4366 865 4424 τῶν
890 4357 923 4425 εὖ
946 4360 1128 4438 πεφυκότων
1153 4362 1259 4426 κοιτά
1282 4364 1372 4425 ταῦτ’
1398 4362 1435 4425 ὢν
1453 4365 1620 4443 ἀνθρώπων,

430 4466 500 4532 οὐδὲ
521 4472 578 4528 τῶν
598 4468 925 4530 λυσιτελούντων
947 4467 1077 4539 ἑωυτοῖς.
1098 4467 1161 4533 Hic
1180 4468 1275 4556 longe
1295 4468 1410 4534 melius
1422 4470 1619 4559 intelligam:

430 4575 762 4644 λυσιτελούντως
796 4580 828 4639 et
860 4580 1022 4659 praeterea
1054 4577 1253 4659 scripserim:
1284 4583 1342 4639 τῶν
1375 4572 1407 4639 εὖ
1438 4579 1620 4656 πεφυκότων

429 4680 526 4759 τοὺς
552 4684 666 4745 τοιῡτιι.
691 4679 774 4749 Nota
797 4685 845 4750 est
869 4681 984 4748 harum
1007 4683 1279 4768 praepositionum
1303 4683 1456 4751 confusio.
