4525 5950
535 675 577 741 32
1037 688 1211 739 uourmor.

981 854 1025 930 ηδ’
1050 855 1166 934 araas
1189 854 1254 935 δῶρ’
1279 855 1534 937 θταμείψειν

534 964 605 1030 ooll.
631 983 678 1028 vs·
703 960 769 1027 384
781 978 869 1046 sqq.:

714 1069 741 1132 εί
765 1066 828 1146 γιίρ
852 1090 905 1142 μιν
929 1063 1002 1146 ζοθν
1026 1089 1066 1144 γε
1090 1065 1182 1146 xixus
1208 1065 1328 1142 Ἰθθκης
1352 1066 1393 1131 dol
1418 1066 1522 1147 διίμιρ,

714 1174 756 1253 τῷ
780 1172 830 1237 κέν
853 1171 883 1235 τ’
908 1166 942 1235 εὖ
965 1169 1095 1250 θθροισιν
1119 1171 1330 1252 ἀμειψάμενοι
1356 1173 1530 1251 θτθτεμψε

715 1279 766 1343 καί
791 1278 873 1361 ξενίη
895 1277 1013 1360 doadi·

579 1385 632 1452 sic
654 1384 759 1451 2230

715 1491 836 1570 τεύχεα
859 1489 885 1555 δ’
911 1488 1073 1565 θλλιίλοισ’
1099 1490 1399 1569 ἐπαμείψομεν,
1419 1489 1499 1573 θΦρα
1521 1491 1574 1556 καί
1595 1488 1659 1557 οἵδε

715 1597 830 1676 γνοίοσ’
856 1593 869 1660 θ
892 1593 980 1672 ξεῖνοι
1005 1597 1148 1676 τατρθιοι
1172 1594 1317 1675 εὐχόμεθ’
1342 1593 1430 1662 είναι.

580 1814 693 1880 ω395.
966 1813 1075 1885 Δολίος
1099 1814 1125 1880 δ’
1151 1815 1215 1887 itte
1237 1815 1284 1881 κίε
1307 1822 1394 1895 χεῖρε
1419 1814 1583 1887 τιταίσσας

715 1918 893 2000 σίμΦοτίροι,
911 1917 1062 1992 Ὀδυσεὺς
1079 1920 1111 1986 δὲ
1130 1920 1239 1998 λαβὼν
1258 1920 1349 1985 κθσε
1367 1930 1435 2002 χει·
1439 1921 1464 2001 ρ’
1483 1922 1543 1986 ἐστὶ
1563 1922 1707 2001 κθρτῳ.

534 2027 583 2092 Ex
602 2025 728 2092 ultimis
748 2026 855 2092 vorbis
871 2032 955 2092 reete
974 2028 1174 2091 imitatorem
1192 2029 1328 2113 agnovit
1339 2026 1509 2105 Hartman,
1522 2025 1594 2092 coll.
1609 2036 1634 2092 E
1648 2026 1730 2094 458.

534 2132 596 2212 Qui
620 2134 725 2219 magis
749 2134 847 2197 etiam
872 2133 1058 2217 agnoscitur
1081 2151 1098 2196 e
1121 2130 1256 2197 Laertae
1280 2132 1386 2198 verbis
1408 2158 1429 2197 ο
1443 2129 1509 2197 376
1529 2153 1596 2218 sqq.

714 2237 748 2302 αί
771 2237 853 2317 γοίρ,
879 2243 938 2301 Ζεῦ
963 2260 998 2299 τε
1022 2237 1123 2316 τοίτερ
1148 2238 1199 2301 καί
1226 2237 1371 2312 Ἀθηναίη
1396 2239 1447 2301 καί
1469 2237 1639 2317 Ἀτολλοη

715 2338 771 2417 olor
797 2345 926 2423 Νιίρικον
951 2338 1031 2408 είλον
1055 2344 1087 2409 ἐὺ
1111 2343 1253 2420 κτίμενον
1276 2345 1459 2425 πτολίεθρον,

714 2457 790 2520 τοῖσι
818 2450 869 2514 θὼν
894 2450 957 2515 κτὲ.

533 2576 613 2641 quae
636 2555 780 2621 Nestoris
802 2557 837 2620 in
859 2554 960 2620 Iliade
981 2575 1149 2640 personam
1171 2555 1324 2620 referunt.

579 2800 600 2837 ω
612 2774 688 2840 426.
712 2774 887 2860 stupidos,
912 2774 1043 2839 Antinoi
1061 2775 1150 2860 proci
1168 2778 1269 2861 pater,
1289 2775 1322 2837 in
1341 2772 1558 2839 Ithaeensium
1577 2776 1728 2841 concione

533 2883 578 2945 sio
601 2880 776 2965 alloquitur
799 2882 970 2945 factionem
993 2879 1084 2945 Ulixi
1107 2879 1339 2945 adversariam:

669 2983 690 3050 ὦ
714 2993 818 3066 Φίλοι,
843 2983 860 3061 ἦ
883 2986 972 3063 μέγα
995 2988 1097 3065 τέργον
1120 2988 1193 3064 ἀνὴρ
1218 2983 1268 3050 tte
1292 2987 1411 3063 μήσατ’
1437 2987 1605 3066 ’Amarda‘

669 3093 739 3162 τοὺς
760 3093 817 3169 μὲν
841 3091 895 3155 σὺν
920 3084 1038 3166 νἰίεσσιν
1062 3089 1148 3167 otyor
1173 3094 1288 3162 πολέας
1314 3115 1348 3156 τε
1373 3091 1425 3156 καί
1449 3093 1572 3164 ἐσθλοὺς

668 3198 762 3262 θλεσε
786 3199 842 3273 μὲν
866 3204 939 3272 νῆας
963 3196 1148 3277 γλαΦαρθς,
1172 3197 1234 3262 dard
1259 3197 1286 3263 θ’
1309 3198 1403 3262 ὤλεσε
1427 3197 1539 3270 λαοθς·

668 3304 738 3376 τοὺς
762 3305 788 3368 θ’
814 3304 904 3368 ἐλθὼν
928 3302 1041 3367 ἔκτεινε
1066 3305 1278 3383 Κεφαλλήνων
1300 3302 1352 3383 ὄχ’
1377 3304 1529 3384 οίρίστονς.

580 3409 646 3475 430
670 3411 755 3474 ἀλλ’
775 3408 908 3488 ἄγετε,
927 3409 1011 3488 τρὶν
1029 3415 1161 3473 τοῦτον
1180 3408 1197 3483 ἢ
1215 3410 1268 3479 είς
1289 3411 1408 3475 Πύλον
1425 3406 1482 3473 ὦκ’
1497 3410 1704 3488 ἀφικέσθαι

668 3517 685 3591 ἢ
711 3516 773 3580 καί
799 3518 835 3588 ἐς
857 3514 996 3580 Ἤλιδα
1021 3516 1121 3591 δίαν,
1146 3511 1197 3579 θθι
1223 3516 1445 3594 κρατέουσιν
1470 3514 1633 3595 Ἐπειοί,

668 3621 768 3699 ίομεν·
794 3623 812 3697 ἢ
836 3625 888 3686 καί
913 3619 1023 3686 ἔπειτα
1047 3622 1205 3699 κατηφέες
1230 3622 1371 3697 ἐσσόμεθ’
1396 3623 1468 3686 αίεί.

532 3728 620 3793 Num
650 3731 786 3815 genuini
816 3734 892 3793 sunt
923 3748 987 3793 vss.
1011 3725 1078 3792 430
1098 3748 1156 3811 sq„
1189 3729 1245 3811 qui
1274 3726 1360 3792 facili
1383 3729 1514 3813 negotio
1537 3728 1726 3813 interpolari

531 3839 707 3920 potnerunt
730 3855 788 3920 ope
812 3833 956 3899 locorum
979 3830 1081 3897 τ376
1105 3837 1138 3897 et
1160 3829 1336 3918 umisa?
1359 3831 1394 3896 Si
1414 3838 1506 3910 sunt,
1526 3840 1634 3898 monte
1654 3855 1725 3920 sup

532 3938 687 4025 plondnm
710 3942 788 4004 erit:
813 3946 847 4003 αι
869 3940 941 4002 inde
953 3945 1062 4021 petant
1080 3938 1295 4016 auxiliatores,
1317 3937 1420 4023 qualis
1440 3944 1548 4003 tamen
1567 3943 1726 4005 sententia

532 4048 589 4111 vix
621 4052 653 4110 ot
683 4067 721 4111 ne
753 4047 809 4110 vix
831 4045 980 4129 quidem,
1005 4046 1195 4130 praesertim
1217 4046 1252 4107 in
1275 4046 1431 4109 sermonis
1454 4045 1536 4130 epioi
1560 4045 1725 4124 ubertate,

533 4153 642 4216 omitti
664 4153 805 4238 potuisse
828 4151 966 4216 videtur.
991 4149 1061 4215 Nisi
1084 4171 1160 4216 vero
1182 4151 1241 4215 hoc
1265 4156 1358 4236 poeta
1378 4149 1501 4227 voluit,
1522 4171 1574 4215 me
1594 4152 1724 4236 quidem

530 4256 636 4322 iudice
658 4256 772 4322 idoneo
795 4278 889 4322 sensu
913 4257 947 4321 hi
971 4277 1082 4323 versus
1106 4262 1223 4321 carent.
1248 4255 1310 4336 Qui
1334 4259 1421 4321 enim
1447 4276 1562 4342 quaeso
1589 4260 1725 4343 eogitari

533 4367 657 4447 poterat
686 4361 797 4427 Ulixes
827 4366 884 4428 vix
914 4362 1013 4428 redux
1037 4365 1072 4426 in
1095 4364 1234 4447 patriam
1259 4368 1292 4429 et
1315 4382 1448 4428 suarum
1470 4383 1578 4427 rerum
1602 4365 1725 4447 potitus

532 4467 645 4553 fugam
670 4488 735 4532 esso
758 4466 932 4554 rapturus?

576 4572 611 4637 ln
637 4575 793 4659 proximis
817 4580 900 4638 recte
924 4575 990 4637 iam
1014 4571 1150 4637 editores
1173 4573 1335 4637 eiecerunt
1358 4593 1404 4638 vs.
1426 4571 1491 4638 437
1515 4570 1667 4637 inutilem
1691 4579 1724 4639 et

531 4678 716 4744 molestum.
