4525 5950
760 703 801 750 nn
824 702 984 750 nraouaro
1009 693 1311 756 Wrxonournnt.
1584 687 1626 752 45

438 874 547 946 astro),
580 888 641 932 non
671 887 723 932 eas
755 888 793 932 ex
823 869 1006 953 corporibus
1030 869 1189 952 protrahit
1205 870 1238 948 ¹),
1263 890 1338 934 nam
1361 871 1469 934 anima
1492 890 1554 933 non
1579 874 1630 933 est

437 995 511 1060 pars
532 974 686 1058 quaedam
708 977 862 1060 corporis,
884 974 939 1039 sed
958 978 1066 1060 imago
1087 978 1147 1040 toti
1167 978 1303 1059 corpori,
1324 997 1362 1040 ex
1382 997 1444 1060 quo
1464 974 1631 1052 discessit,

437 1081 606 1147 simillima
620 1079 661 1160 ²);
687 1088 816 1146 tantum
840 1092 926 1146 caret
948 1103 1059 1158 sensu,
1084 1102 1162 1147 voco
1181 1083 1322 1147 humana
1344 1083 1631 1147 -diciturenim

436 1189 573 1254 stridere
597 1189 731 1270 (τρίζειν)
752 1227 791 1240 -
815 1210 922 1265 carne,
945 1190 1084 1266 ossibus,
1105 1192 1227 1267 nervis,
1247 1191 1454 1275 praecordiis,
1474 1191 1528 1255 sed
1549 1191 1631 1254 acies

437 1296 607 1361 oculorum
631 1300 659 1361 ei
683 1318 745 1361 non
770 1296 873 1370 deest,
895 1316 970 1360 nam
989 1295 1190 1360 Mercurium
1210 1296 1324 1362 ducem
1345 1298 1453 1362 videre
1474 1304 1506 1361 et
1525 1299 1630 1381 sequi,

437 1406 519 1487 quin
542 1407 639 1468 etiam
663 1405 818 1489 sanguine
841 1403 964 1468 hostiae
987 1409 1064 1488 poto
1079 1400 1103 1484 3)
1126 1404 1291 1469 hominem
1316 1407 1431 1469 vivum
1452 1424 1561 1469 manes
1581 1424 1632 1468 ex·

435 1511 592 1574 citantem
616 1531 785 1596 agnoscere
811 1516 926 1595 potest.

484 1614 571 1694 Quae
594 1616 690 1681 verba
713 1616 824 1681 deinde
847 1619 882 1680 in
905 1618 1062 1701 proximis
1085 1617 1230 1681 versibus
1255 1616 1293 1681 de
1313 1618 1347 1679 vi
1366 1619 1476 1701 virgae
1494 1636 1630 1700 sequun-

436 1730 503 1797 tur,
530 1732 567 1801 τῇ
591 1725 620 1784 ε’
645 1721 778 1798 ὅμμοιτοι
802 1723 924 1800 θέλγει,
950 1719 987 1786 ὦν
1013 1723 1123 1800 ἐθέλει,
1148 1724 1219 1793 τοὺς
1240 1722 1265 1784 δ’
1287 1718 1361 1786 εὖτε
1383 1721 1434 1785 καὶ
1456 1721 1628 1793 ὑπνώοντας

438 1829 566 1908 ἐγείρει,
599 1827 815 1905 Mercurium,
844 1829 940 1893 deum
963 1830 1085 1906 somni,
1109 1829 1266 1893 inducunt
1290 1828 1500 1913 tribuuntque
1523 1831 1553 1893 ei
1577 1849 1630 1914 po·

436 1939 588 1999 testatem
622 1935 782 2000 diversam
813 1936 852 2000 ab
885 1956 938 2010 ea,
969 1947 1098 2021 propter
1128 1957 1227 2020 quam
1258 1935 1467 2015 ψυχοπομπὸς
1500 1934 1628 1999 dicitur.

434 2039 523 2104 Nam
561 2041 618 2105 nbi
653 2041 764 2106 eadem
797 2042 892 2106 verba
924 2041 1009 2126 apud
1040 2040 1221 2107 Homerum
1251 2040 1406 2128 leguntur
1419 2042 1462 2122 ⁴),
1499 2063 1560 2107 non
1590 2041 1629 2106 de

434 2154 543 2211 morte
574 2146 627 2212 sed
661 2146 699 2211 de
730 2168 839 2212 somno
871 2168 976 2212 sermo
1000 2155 1065 2224 est,
1088 2147 1122 2212 id
1147 2148 1231 2233 qnod
1255 2150 1416 2233 imprimis
1437 2154 1568 2234 apparet
1591 2169 1630 2212 er

436 2252 537 2317 Hom.
558 2252 595 2317 Π.
617 2253 670 2331 24,
685 2254 762 2331 445,
784 2275 845 2339 quo
863 2252 933 2319 loco
953 2274 970 2318 a
992 2253 1171 2331 Mercurio,
1193 2258 1248 2340 qni
1269 2254 1363 2339 paulo
1382 2262 1454 2319 ante
1475 2260 1535 2334 (vs.
1549 2252 1629 2334 343)

436 2364 569 2446 virgam
599 2383 697 2426 menn
727 2367 838 2427 tenens
867 2361 1028 2447 profectus
1059 2382 1127 2426 esse
1151 2361 1269 2426 dicitnr
1292 2361 1331 2426 ad
1354 2361 1522 2426 Priamum
1545 2363 1629 2425 intra

438 2474 545 2533 castra
568 2465 689 2534 Graeca
713 2466 910 2545 ducendum,
936 2466 1054 2554 vigiles
1076 2466 1272 2534 Graecorum
1295 2469 1394 2552 sopiri
1416 2467 1493 2531 facit
1515 2474 1627 2551 poeta:

620 2585 698 2638 τοῖσι
723 2574 749 2636 δ’
774 2576 825 2653 ἐφ’
848 2572 939 2639 ὕπνον
964 2576 1054 2654 ἔχευε
1079 2574 1231 2655 διάκτορος
1256 2575 1491 2652 Ἀργεϊφόντης.

485 2678 595 2766 Neque
616 2679 752 2745 dubium
771 2702 839 2747 csse
858 2685 979 2767 opinor,
1000 2684 1077 2767 quin
1097 2681 1259 2768 Vergilius
1279 2703 1335 2767 per
1352 2679 1436 2745 illud
1455 2688 1516 2761 (vs.
1530 2679 1626 2759 244):

620 2788 674 2852 dat
696 2809 825 2853 somnos
849 2789 1025 2874 adimitque

437 2894 536 2959 verba
567 2893 703 2960 Homeri
733 2898 941 2982 expresserit,
973 2916 1075 2980 neque
1106 2894 1198 2959 facile
1220 2895 1304 2958 mihi
1327 2895 1515 2981 persuadeat
1537 2891 1629 2959 Gors-

435 3022 549 3078 senns,
580 3005 636 3086 qni
661 3002 832 3079 „somnos”
857 3003 1007 3067 hocloco
1031 3023 1094 3067 non
1117 3004 1244 3087 proprie
1268 3002 1391 3067 dictum
1413 3004 1546 3087 accipit,
1572 2999 1625 3065 sed

435 3107 475 3172 de
506 3129 616 3173 somno
647 3112 760 3175 mortis
790 3107 969 3195 intellegit,
1001 3129 1178 3193 provocans
1209 3115 1241 3173 et
1272 3107 1310 3173 ad
1339 3108 1437 3174 verba
1459 3108 1625 3192 sequentia

437 3220 491 3291 „et
522 3212 646 3279 lumina
677 3222 779 3280 morte
808 3214 974 3301 resignat’'
1005 3214 1099 3279 etad
1122 3214 1229 3279 locum
1252 3214 1378 3301 Hymni
1402 3212 1570 3299 Orphioi³)
1592 3215 1626 3276 in

434 3319 591 3385 Mercurii
624 3324 744 3401 χθονίου
780 3322 932 3387 honorem
968 3322 1156 3405 compositi,
1191 3324 1246 3406 qui
1278 3324 1397 3386 mirum
1428 3324 1459 3385 in
1492 3320 1625 3384 modum

436 3448 512 3491 cnm
533 3426 675 3513 Vergilio
694 3432 861 3494 consentit.
883 3425 1074 3495 Gorssenum
1093 3434 1131 3492 nt
1151 3427 1311 3503 refellam,
1332 3428 1400 3492 fieri
1415 3449 1476 3493 non
1489 3429 1623 3512 poterit,

435 3542 608 3618 antequam
643 3537 787 3617 primum
823 3538 1016 3599 sententiam
1050 3555 1156 3598 meam
1193 3534 1230 3598 do
1266 3534 1373 3598 verbis
1410 3541 1462 3610 „et
1495 3532 1622 3597 lumina

433 3646 539 3703 morte
569 3640 732 3726 resignat”
764 3662 946 3726 exposuero.
979 3639 1158 3719 Quaeritur,
1183 3638 1259 3725 qnid
1283 3639 1442 3725 significet
1464 3639 1495 3704 h.
1509 3638 1530 3704 l.
1555 3659 1624 3703 ver·

432 3747 513 3810 bum
536 3746 734 3831 resignandi,
758 3768 821 3832 qna
845 3747 884 3812 de
906 3768 939 3813 re
963 3748 1027 3813 viri
1050 3746 1134 3811 docti
1154 3748 1238 3810 inter
1256 3767 1288 3810 se
1308 3745 1511 3811 dissentiunt.
1536 3744 1620 3822 Alii,

433 3916 631 3925 ..ι--.-ψ

466 4010 492 4067 1)
517 4006 708 4056 Prellar-Robert
729 4007 756 4056 Ι·
781 4007 843 4061 tot:
870 4008 930 4057 ‚alle
953 4008 1035 4057 Scolon
1056 4007 1099 4055 der
1118 4005 1292 4056 Ventorbonen
1370 4023 1414 4056 ινιιε
1431 4006 1501 4056 ihren
1519 4005 1619 4055 Ieibern

427 4090 535 4142 nbhole'’
551 4095 591 4152 (sc,
613 4091 734 4151 Hermes).

464 4175 494 4236 2)
513 4172 610 4230 Rolrdc,
630 4173 720 4236 Psyche
738 4173 828 4222 9-10.

465 4258 494 4316 3)
514 4256 587 4305 Hom.
604 4256 649 4306 Od.
669 4256 708 4313 ll,
727 4256 775 4304 les
793 4258 818 4304 rt
835 4256 890 4305 1⁶3.

465 4340 496 4401 4)
515 4338 560 4385 Od.
579 4336 830 4397 5,47;11.24,343.

467 4422 495 4484 t)
515 4420 591 4484 Orph.
610 4420 701 4484 Hymn.
719 4420 788 4469 Lvn
807 4422 898 4484 trop:

700 4500 727 4559 tc
744 4503 810 4562 rapit
828 4503 980 4563 Περσεφόνης
998 4501 1058 4562 ἱερὸν
1075 4499 1149 4562 δόμον
1165 4498 1357 4563 ἀμφιπολεύεις,

700 4582 837 4644 αθνομθροιρ
861 4582 960 4646 θνχιεῐς
977 4583 1076 4643 πομπὸς
1094 4585 1161 4631 narde
1178 4586 1254 4646 γαῖαν
1272 4581 1403 4644 θινιθρχιιινΙ

698 4664 729 4722 ἃς
745 4663 880 4727 κατάγεις,
898 4665 991 4713 trem
1009 4666 1092 4725 μοίρης
1112 4667 1198 4728 χρθνορ
1215 4665 1390 4728 εἰσαφίκηται,

699 4744 781 4808 εθιθριρ
802 4745 882 4808 ῥάβδῳ
900 4746 994 4809 θίλγοον
1012 4744 1159 4795 ematurata
1179 4745 1264 4795 πάντα

700 4827 743 4877 nui
759 4828 836 4877 πάλιν
854 4827 994 4887 θπνιθννταρ
1011 4825 1123 4891 &pulpas
