4525 5950
969 686 1108 736 raorros.
1562 666 1628 735 399

430 852 697 916 trustrationibus
727 859 756 913 et
786 850 920 916 adversa
944 850 1181 917 dissimulantis
1204 854 1356 938 prineipis
1379 852 1466 918 fama
1490 851 1633 937 periculo

433 964 589 1043 exempta
613 956 694 1034 est”‚
718 956 846 1036 dubito,
871 955 925 1022 sed
948 960 1089 1023 eximere
1112 958 1214 1034 malo,
1240 960 1391 1044 quoniam
1414 957 1630 1024 ablativorum

433 1065 535 1127 variis
551 1063 809 1147 frustrationibus
831 1072 864 1129 et
886 1065 1013 1127 moereo
1030 1065 1124 1150 farao
1148 1071 1215 1129 iam
1240 1065 1365 1129 diversa
1388 1070 1501 1130 natura
1524 1071 1582 1130 est.

483 1168 604 1235 Verum
626 1190 690 1233 non
714 1169 826 1235 dubito
850 1172 928 1254 quin
951 1171 999 1234 bis
1026 1172 1068 1234 sit
1091 1169 1278 1256 expellenda
1301 1170 1328 1248 I,
1353 1170 1415 1235 85:

482 1275 614 1356 (Sedato
638 1275 783 1341 tumultu
805 1278 1093 1361 praetorianorum,
1115 1279 1171 1362 qui
1191 1276 1228 1340 ad
1250 1276 1455 1341 trucidandos
1472 1284 1631 1343 senatores

436 1387 472 1448 iu
494 1381 659 1448 Palatium
678 1384 882 1467 irruperant),
910 1403 993 1459 „non
1017 1389 1124 1447 tamen
1146 1384 1236 1467 quies
1256 1384 1328 1447 urbi
1347 1383 1500 1448 redierat:
1524 1385 1634 1468 strepi-

438 1497 494 1554 tus
526 1487 668 1553 telorum
699 1495 732 1553 et
762 1486 858 1552 facies
887 1486 981 1565 belli,
1006 1494 1035 1550 et
1058 1487 1218 1552 militibus
1241 1494 1279 1551 ut
1301 1487 1384 1552 nihil
1406 1490 1441 1552 in
1464 1509 1634 1553 commune

438 1595 664 1671 turbantibus,
696 1597 742 1658 ita
773 1584 890 1679 sparsis
921 1616 976 1680 per
1007 1593 1117 1659 domos
1150 1593 1275 1659 ooonlto
1299 1594 1413 1659 habitu
1436 1602 1465 1659 et
1489 1592 1633 1680 maligna

437 1721 517 1766 nura
550 1702 584 1764 in
621 1720 747 1778 omnes,
779 1721 860 1785 quos
891 1699 1041 1765 nobilitas
1072 1707 1129 1765 aut
1161 1721 1236 1786 opes
1267 1705 1324 1765 aut
1356 1699 1464 1784 aliqua
1495 1703 1633 1788 insignis

438 1806 598 1874 claritudo
621 1806 806 1871 rumoribus
829 1807 1018 1872 obiecerat.'’

486 1915 593 1998 Atque
614 1911 699 1977 illud
722 1912 852 1997 quidem
876 1920 922 1990 et,
948 1913 1030 1998 quod
1056 1918 1129 1999 post
1151 1912 1256 1976 tabita
1279 1913 1377 1999 legit,
1403 1913 1528 1999 expulit
1548 1912 1636 1979 (llas-

437 2041 552 2096 sanus,
578 2018 661 2103 quod
684 2026 756 2104 post
776 2018 849 2083 belli
872 2017 1100 2096 Doederlinus‚
1126 2021 1244 2085 rectius
1264 2040 1360 2105 quam
1380 2019 1537 2086 Meissrus
1557 2022 1630 2106 qui:

440 2127 559 2205 „facies
583 2124 659 2190 belli
682 2133 714 2190 et
737 2133 860 2201 metus,
885 2124 1043 2190 militibus
1067 2147 1094 2190 o.
1109 2147 1138 2210 q.
1152 2125 1200 2190 s.''
1225 2128 1406 2212 proposuit,
1432 2147 1511 2210 quas
1531 2129 1631 2191 nimia
1678 2193 1680 2195 ,

438 2240 489 2298 est
514 2232 697 2297 verbositas.

486 2338 650 2403 Ambabus
679 2359 755 2403 vero
779 2338 928 2403 manibus
951 2339 1068 2422 arripio
1093 2336 1258 2423 Leopoldii
1282 2340 1347 2403 mei
1371 2341 1632 2403 venustissimam

439 2442 698 2509 emendationem
729 2442 769 2520 ΙΙ,
802 2442 845 2508 46
877 2443 1114 2522 (deseribuntur
1144 2443 1289 2508 militum
1320 2444 1443 2521 studia,
1470 2442 1629 2509 Othonem

441 2555 515 2635 post
539 2548 746 2614 Bedriacense
769 2547 928 2634 proelium
952 2570 991 2613 ne
1014 2548 1160 2635 desperet
1183 2550 1413 2629 hortantium:

490 2658 566 2740 „qui
594 2654 705 2741 prooul
735 2657 918 2732 astiterant,
952 2654 1079 2719 tendere
1111 2675 1241 2732 manns,
1266 2661 1299 2720 et
1322 2658 1458 2741 proximi
1483 2676 1631 2740 prensare

439 2762 569 2850 genua”

439 2892 516 2936 oum
539 2889 657 2954 magno
680 2866 826 2933 Taciteas
850 2869 1002 2932 orationis
1026 2866 1246 2934 emolumento
1270 2875 1298 2931 et
1322 2867 1456 2932 delentis
1473 2866 1506 2946 ¹).

489 2975 531 3040 H.
551 2975 590 3052 ll,
612 2974 656 3039 48
674 2975 734 3056 (lix
755 2972 955 3060 pulcherime
973 2972 1031 3039 illo
1050 2971 1134 3051 loeo,
1155 2975 1212 3039 ubi
1232 2974 1389 3059 quomodo
1408 2975 1514 3039 fratris
1526 2972 1631 3039 filium

439 3080 713 3148 adolescentulum
754 3080 916 3165 trepidum
954 3086 1050 3165 atque
1084 3086 1278 3146 maerentem
1313 3078 1432 3145 solat-us
1466 3082 1510 3144 sit
1544 3079 1628 3146 Otho

439 3192 622 3267 narratur):

490 3292 628 3371 „Meteri
663 3313 696 3357 se
728 3291 878 3357 festinato
910 3293 1000 3356 exitu
1030 3290 1234 3356 elementiam
1265 3293 1413 3356 viatoris:
1449 3312 1512 3355 non
1544 3294 1630 3356 enim

439 3398 560 3465 ultima
591 3399 823 3485 desperatione,
856 3398 910 3462 sed
934 3406 1083 3482 poscente
1106 3398 1265 3483 proelium
1289 3400 1448 3474 exercitu,
1472 3401 1633 3464 remisisse

440 3510 490 3572 roi
510 3504 656 3591 publicae
676 3507 889 3570 novissimum
909 3524 1030 3569 ossum.
1051 3503 1136 3570 Satis
1156 3505 1217 3568 sibi
1237 3506 1390 3580 nominis,
1407 3506 1485 3568 satis
1498 3508 1632 3590 posteris

442 3615 512 3677 suis
543 3610 722 3676 nobilitatis
752 3613 945 3696 quaesitum.
970 3610 1105 3676 Proinde
1128 3617 1233 3677 ereoto
1257 3612 1364 3674 animo
1387 3618 1564 3694 capesseret
1588 3613 1634 3675 ri-

442 3726 530 3796 tam,
562 3739 622 3783 neu
652 3725 806 3803 patruum
837 3717 898 3781 sibi
930 3716 1087 3791 Othonem
1110 3716 1210 3782 fuisse
1233 3722 1289 3781 aut
1311 3715 1554 3782 oblivisceretur
1577 3738 1634 3780 un-

442 3846 542 3911 quam
565 3833 621 3889 aut
643 3826 783 3888 nimium
808 3822 1041 3887 meminisset.''

488 3932 575 3997 Num
600 3930 775 4015 quidquam
798 3930 851 3994 hio
875 3926 1089 3994 desideraturi
1114 3927 1218 3993 lmmo
1242 3931 1349 3993 omnia
1375 3935 1451 3994 sunt
1475 3936 1633 4014 praestan·

439 4040 568 4105 tissima
598 4036 906 4119 absolutissimaqus.
939 4036 1116 4120 Postquam
1145 4032 1380 4100 adolescentulo
1412 4038 1568 4121 persuasit
1597 4038 1631 4099 in

478 4311 502 4370 1)
520 4309 581 4357 ltern
598 4308 724 4358 delendum
741 4312 766 4358 et
784 4323 867 4357 oeuseo
885 4308 910 4357 in
929 4308 1005 4357 hisee:

478 4392 512 4441 ΙΙ.
536 4390 582 4448 ΙΙΙ,
605 4393 651 4442 44:
678 4390 871 4456 .(Vsspssianus)
896 4390 947 4439 illie
971 4392 1086 4440 secundas
1110 4391 1200 4455 legioni
1218 4407 1232 4439 a
1249 4392 1349 4441 Claudio
1366 4392 1555 4458 praepositurae
1571 4391 1634 4441 bello

440 4475 522 4524 clarus
539 4473 643 4537 agant?

478 4556 508 4605 H.
532 4555 580 4614 Ill,
598 4556 643 4608 742
670 4555 784 4605 ‚Sabinas
801 4560 825 4604 ot
843 4555 936 4605 Atticus
954 4556 1046 4605 onerati
1064 4555 1156 4605 eatenis
1171 4561 1196 4605 st
1211 4557 1240 4604 ad
1259 4557 1383 4606 Vitellium
1400 4556 1465 4605 ducti
1483 4572 1630 4620 nequaquam

442 4640 532 4690 inlato
549 4654 656 4687 sermone
673 4638 789 4702 vultuque
806 4638 984 4703 excipiuntur.''

480 4726 506 4770 A.
530 4722 549 4777 Ι,
573 4723 602 4769 4:
629 4720 716 4769 1Huno
737 4719 877 4781 (liberium)
899 4725 924 4771 st
949 4720 1026 4789 prima
1049 4719 1077 4770 ab
1100 4720 1202 4771 infantia
1223 4721 1333 4771 eductum
1351 4722 1376 4771 in
1394 4722 1464 4772 domo
1482 4722 1634 4789 regnatrioe,

444 4809 569 4874 ooopertus
585 4804 665 4856 iuveni
682 4803 844 4856 musulatm.''
