<?xml version="1.0" encoding="UTF-8"?>
<!DOCTYPE html PUBLIC "-//W3C//DTD XHTML 1.0 Transitional//EN"
    "http://www.w3.org/TR/xhtml1/DTD/xhtml1-transitional.dtd">
<html xmlns="http://www.w3.org/1999/xhtml" xml:lang="en" lang="en">
 <head>
  <title>
</title>
<meta http-equiv="Content-Type" content="text/html;charset=utf-8" />
  <meta name='ocr-system' content='tesseract 3.04.00' />
  <meta name='ocr-capabilities' content='ocr_page ocr_carea ocr_par ocr_line ocrx_word'/>
</head>
<body>
  <div class='ocr_page' id='page_1' title='image "./mnemosyne07verdgoog_0016.png"; bbox 0 0 4525 5950; ppageno 0'>
   <div class='ocr_carea' id='block_1_1' title="bbox 1014 755 1735 823">
    <p class='ocr_par' dir='ltr' id='par_1_1' title="bbox 1014 755 1735 823">
     <span class='ocr_line' id='line_1_1' title="bbox 1014 755 1735 823; baseline 0.001 -2"><span class='ocrx_word' id='word_1_1' title='bbox 1014 772 1257 823; x_wconf 82' lang='lat' dir='ltr'>nuuosumnns.</span> <span class='ocrx_word' id='word_1_2' title='bbox 1714 755 1735 822; x_wconf 81' lang='grc'><strong>8</strong></span> 
     </span>
    </p>
   </div>
   <div class='ocr_carea' id='block_1_2' title="bbox 528 936 1738 4930">
    <p class='ocr_par' dir='ltr' id='par_1_2' title="bbox 533 936 1738 2498">
     <span class='ocr_line' id='line_1_2' title="bbox 533 936 1736 1023; baseline 0.001 -21"><span class='ocrx_word' id='word_1_3' title='bbox 533 959 615 1004; x_wconf 89' lang='lat' dir='ltr'>nam</span> <span class='ocrx_word' id='word_1_4' title='bbox 639 939 749 1019; x_wconf 77' lang='grc' dir='ltr'><strong><em>Φιιύοιιι</em></strong></span> <span class='ocrx_word' id='word_1_5' title='bbox 776 936 882 1002; x_wconf 73' lang='grc' dir='ltr'><strong><em>δίοιτο</em></strong></span> <span class='ocrx_word' id='word_1_6' title='bbox 907 959 970 1002; x_wconf 92' lang='lat' dir='ltr'>non</span> <span class='ocrx_word' id='word_1_7' title='bbox 994 943 1042 1002; x_wconf 91' lang='lat' dir='ltr'>est</span> <span class='ocrx_word' id='word_1_8' title='bbox 1064 937 1210 1004; x_wconf 87' lang='lat' dir='ltr'>sordidus</span> <span class='ocrx_word' id='word_1_9' title='bbox 1233 940 1356 1015; x_wconf 81' lang='lat' dir='ltr'>uictus,</span> <span class='ocrx_word' id='word_1_10' title='bbox 1381 959 1444 1023; x_wconf 91' lang='lat' dir='ltr'>quo</span> <span class='ocrx_word' id='word_1_11' title='bbox 1468 958 1561 1003; x_wconf 91' lang='lat' dir='ltr'>nemo</span> <span class='ocrx_word' id='word_1_12' title='bbox 1586 937 1736 1003; x_wconf 88' lang='lat' dir='ltr'>delectari</span> 
     </span>
     <span class='ocr_line' id='line_1_3' title="bbox 536 1041 1736 1129; baseline 0 -20"><span class='ocrx_word' id='word_1_13' title='bbox 536 1049 658 1129; x_wconf 79' lang='lat' dir='ltr'>potest,</span> <span class='ocrx_word' id='word_1_14' title='bbox 689 1043 744 1109; x_wconf 90' lang='lat' dir='ltr'>sed</span> <span class='ocrx_word' id='word_1_15' title='bbox 773 1043 901 1126; x_wconf 65' lang='lat' dir='ltr'>simplex</span> <span class='ocrx_word' id='word_1_16' title='bbox 931 1050 963 1108; x_wconf 88' lang='lat' dir='ltr'>et</span> <span class='ocrx_word' id='word_1_17' title='bbox 987 1042 1133 1129; x_wconf 76' lang='lat' dir='ltr'>frugalis.</span> <span class='ocrx_word' id='word_1_18' title='bbox 1159 1041 1247 1108; x_wconf 92' lang='lat' dir='ltr'>Olim</span> <span class='ocrx_word' id='word_1_19' title='bbox 1270 1048 1390 1120; x_wconf 78' lang='grc' dir='ltr'><strong><em>Φοιῦλοι</em></strong></span> <span class='ocrx_word' id='word_1_20' title='bbox 1415 1050 1447 1108; x_wconf 94' lang='lat' dir='ltr'>et</span> <span class='ocrx_word' id='word_1_21' title='bbox 1470 1043 1612 1114; x_wconf 77' lang='grc' dir='ltr'>ἐπιεικεῖς</span> <span class='ocrx_word' id='word_1_22' title='bbox 1636 1044 1736 1109; x_wconf 85' lang='lat' dir='ltr'>iidem</span> 
     </span>
     <span class='ocr_line' id='line_1_4' title="bbox 535 1148 1736 1234; baseline 0 -20"><span class='ocrx_word' id='word_1_23' title='bbox 535 1150 682 1226; x_wconf 85' lang='lat' dir='ltr'>fuerant,</span> <span class='ocrx_word' id='word_1_24' title='bbox 714 1149 769 1214; x_wconf 88' lang='lat' dir='ltr'>sed</span> <span class='ocrx_word' id='word_1_25' title='bbox 798 1151 864 1214; x_wconf 89' lang='lat' dir='ltr'>iam</span> <span class='ocrx_word' id='word_1_26' title='bbox 895 1154 1022 1214; x_wconf 91' lang='lat' dir='ltr'>mature</span> <span class='ocrx_word' id='word_1_27' title='bbox 1054 1149 1226 1222; x_wconf 70' lang='grc' dir='ltr'><strong><em>Ηιιιειιιῆς</em></strong></span> <span class='ocrx_word' id='word_1_28' title='bbox 1250 1148 1375 1214; x_wconf 88' lang='lat' dir='ltr'>laudari</span> <span class='ocrx_word' id='word_1_29' title='bbox 1398 1151 1520 1234; x_wconf 87' lang='lat' dir='ltr'>coepit,</span> <span class='ocrx_word' id='word_1_30' title='bbox 1545 1170 1619 1214; x_wconf 91' lang='lat' dir='ltr'>cum</span> <span class='ocrx_word' id='word_1_31' title='bbox 1642 1151 1677 1214; x_wconf 91' lang='lat' dir='ltr'>in</span> <span class='ocrx_word' id='word_1_32' title='bbox 1700 1171 1736 1214; x_wconf 94' lang='lat' dir='ltr'>eo</span> 
     </span>
     <span class='ocr_line' id='line_1_5' title="bbox 536 1253 1737 1340; baseline 0.001 -21"><span class='ocrx_word' id='word_1_33' title='bbox 536 1253 623 1319; x_wconf 91' lang='lat' dir='ltr'>nihil</span> <span class='ocrx_word' id='word_1_34' title='bbox 652 1257 770 1319; x_wconf 90' lang='lat' dir='ltr'>inesset</span> <span class='ocrx_word' id='word_1_35' title='bbox 799 1253 896 1331; x_wconf 90' lang='lat' dir='ltr'>mali,</span> <span class='ocrx_word' id='word_1_36' title='bbox 928 1254 1174 1340; x_wconf 78' lang='lat' dir='ltr'><strong>vituperabatur</strong></span> <span class='ocrx_word' id='word_1_37' title='bbox 1203 1260 1313 1320; x_wconf 92' lang='lat' dir='ltr'>autem</span> <span class='ocrx_word' id='word_1_38' title='bbox 1345 1256 1506 1336; x_wconf 78' lang='grc' dir='ltr'><strong><em>δφιιῦοιος</em></strong></span> <span class='ocrx_word' id='word_1_39' title='bbox 1531 1276 1633 1340; x_wconf 92' lang='lat' dir='ltr'>quum</span> <span class='ocrx_word' id='word_1_40' title='bbox 1656 1254 1737 1320; x_wconf 91' lang='lat' dir='ltr'><strong>nihil</strong></span> 
     </span>
     <span class='ocr_line' id='line_1_6' title="bbox 537 1359 1737 1445; baseline 0.001 -20"><span class='ocrx_word' id='word_1_41' title='bbox 537 1361 674 1425; x_wconf 88' lang='lat' dir='ltr'>haberet</span> <span class='ocrx_word' id='word_1_42' title='bbox 703 1362 862 1425; x_wconf 84' lang='lat' dir='ltr'>eximium</span> <span class='ocrx_word' id='word_1_43' title='bbox 893 1360 978 1445; x_wconf 90' lang='lat' dir='ltr'>quod</span> <span class='ocrx_word' id='word_1_44' title='bbox 1008 1359 1157 1426; x_wconf 80' lang='lat' dir='ltr'>eluceret.</span> <span class='ocrx_word' id='word_1_45' title='bbox 1191 1360 1277 1424; x_wconf 90' lang='lat' dir='ltr'>Hinc</span> <span class='ocrx_word' id='word_1_46' title='bbox 1307 1363 1390 1426; x_wconf 88' lang='lat' dir='ltr'>circa</span> <span class='ocrx_word' id='word_1_47' title='bbox 1418 1359 1642 1426; x_wconf 81' lang='lat' dir='ltr'>Demosthenis</span> <span class='ocrx_word' id='word_1_48' title='bbox 1672 1361 1737 1426; x_wconf 87' lang='lat' dir='ltr'>fere</span> 
     </span>
     <span class='ocr_line' id='line_1_7' title="bbox 538 1465 1736 1552; baseline -0.002 -20"><span class='ocrx_word' id='word_1_49' title='bbox 538 1473 687 1551; x_wconf 88' lang='lat' dir='ltr'>tempora</span> <span class='ocrx_word' id='word_1_50' title='bbox 721 1487 796 1531; x_wconf 92' lang='lat' dir='ltr'>cum</span> <span class='ocrx_word' id='word_1_51' title='bbox 826 1473 970 1529; x_wconf 81' lang='lat' dir='ltr'>contemtu</span> <span class='ocrx_word' id='word_1_52' title='bbox 999 1466 1196 1532; x_wconf 85' lang='lat' dir='ltr'>mediocrem</span> <span class='ocrx_word' id='word_1_53' title='bbox 1226 1467 1391 1531; x_wconf 93' lang='lat' dir='ltr'>hominem</span> <span class='ocrx_word' id='word_1_54' title='bbox 1423 1471 1546 1547; x_wconf 77' lang='grc' dir='ltr'><strong><em>Φοῦιιοι</em></strong></span> <span class='ocrx_word' id='word_1_55' title='bbox 1576 1465 1736 1552; x_wconf 85' lang='lat' dir='ltr'>appellare</span> 
     </span>
     <span class='ocr_line' id='line_1_8' title="bbox 536 1570 1736 1657; baseline -0.001 -20"><span class='ocrx_word' id='word_1_56' title='bbox 536 1576 776 1637; x_wconf 79' lang='lat' dir='ltr'>consueverunt</span> <span class='ocrx_word' id='word_1_57' title='bbox 809 1570 1003 1655; x_wconf 76' lang='lat' dir='ltr'>tandemque</span> <span class='ocrx_word' id='word_1_58' title='bbox 1037 1592 1074 1635; x_wconf 93' lang='lat' dir='ltr'>eo</span> <span class='ocrx_word' id='word_1_59' title='bbox 1109 1576 1303 1656; x_wconf 80' lang='lat' dir='ltr'>peruentum</span> <span class='ocrx_word' id='word_1_60' title='bbox 1334 1579 1382 1637; x_wconf 88' lang='lat' dir='ltr'>est</span> <span class='ocrx_word' id='word_1_61' title='bbox 1412 1571 1497 1657; x_wconf 85' lang='lat' dir='ltr'>apud</span> <span class='ocrx_word' id='word_1_62' title='bbox 1526 1575 1736 1649; x_wconf 87' lang='lat' dir='ltr'>recentiores,</span> 
     </span>
     <span class='ocr_line' id='line_1_9' title="bbox 536 1675 1735 1761; baseline -0.001 -20"><span class='ocrx_word' id='word_1_63' title='bbox 536 1676 643 1741; x_wconf 85' lang='lat' dir='ltr'>veluti</span> <span class='ocrx_word' id='word_1_64' title='bbox 674 1675 761 1761; x_wconf 89' lang='lat' dir='ltr'>apud</span> <span class='ocrx_word' id='word_1_65' title='bbox 788 1675 1018 1753; x_wconf 82' lang='lat' dir='ltr'>Plutarchum,</span> <span class='ocrx_word' id='word_1_66' title='bbox 1043 1682 1082 1741; x_wconf 87' lang='lat' dir='ltr'>ut</span> <span class='ocrx_word' id='word_1_67' title='bbox 1105 1676 1275 1753; x_wconf 76' lang='grc' dir='ltr'><strong><em>ἱσοδύνιιμιι</em></strong></span> <span class='ocrx_word' id='word_1_68' title='bbox 1300 1684 1406 1742; x_wconf 88' lang='lat' dir='ltr'>essent</span> <span class='ocrx_word' id='word_1_69' title='bbox 1429 1683 1552 1759; x_wconf 74' lang='grc' dir='ltr'><strong><em>φαῦλοι</em></strong></span> <span class='ocrx_word' id='word_1_70' title='bbox 1575 1684 1608 1742; x_wconf 89' lang='lat' dir='ltr'>et</span> <span class='ocrx_word' id='word_1_71' title='bbox 1631 1675 1735 1741; x_wconf 77' lang='grc' dir='ltr'><strong><em>κοιιδι.</em></strong></span> 
     </span>
     <span class='ocr_line' id='line_1_10' title="bbox 536 1780 1738 1867; baseline -0.002 -21"><span class='ocrx_word' id='word_1_72' title='bbox 536 1782 597 1846; x_wconf 83' lang='lat' dir='ltr'>liist</span> <span class='ocrx_word' id='word_1_73' title='bbox 626 1784 731 1867; x_wconf 83' lang='lat' dir='ltr'>igitur</span> <span class='ocrx_word' id='word_1_74' title='bbox 760 1782 845 1845; x_wconf 89' lang='lat' dir='ltr'>fecta</span> <span class='ocrx_word' id='word_1_75' title='bbox 876 1780 987 1846; x_wconf 88' lang='lat' dir='ltr'>eadem</span> <span class='ocrx_word' id='word_1_76' title='bbox 1018 1781 1261 1867; x_wconf 82' lang='lat' dir='ltr'>significationis</span> <span class='ocrx_word' id='word_1_77' title='bbox 1284 1784 1488 1860; x_wconf 89' lang='lat' dir='ltr'>immutatio,</span> <span class='ocrx_word' id='word_1_78' title='bbox 1514 1802 1611 1867; x_wconf 87' lang='lat' dir='ltr'>quam</span> <span class='ocrx_word' id='word_1_79' title='bbox 1639 1783 1738 1846; x_wconf 89' lang='lat' dir='ltr'>cerni·</span> 
     </span>
     <span class='ocr_line' id='line_1_11' title="bbox 536 1886 1737 1966; baseline -0.001 -15"><span class='ocrx_word' id='word_1_80' title='bbox 536 1907 614 1951; x_wconf 92' lang='lat' dir='ltr'>mus</span> <span class='ocrx_word' id='word_1_81' title='bbox 643 1890 679 1950; x_wconf 92' lang='lat' dir='ltr'>in</span> <span class='ocrx_word' id='word_1_82' title='bbox 710 1891 818 1951; x_wconf 88' lang='lat' dir='ltr'>nostro</span> <span class='ocrx_word' id='word_1_83' title='bbox 850 1886 1007 1951; x_wconf 88' lang='lat' dir='ltr'>adiectivo</span> <span class='ocrx_word' id='word_1_84' title='bbox 1037 1887 1146 1966; x_wconf 51' lang='lat' dir='ltr'>alesin</span> <span class='ocrx_word' id='word_1_85' title='bbox 1179 1889 1277 1952; x_wconf 85' lang='lat' dir='ltr'>etiam</span> <span class='ocrx_word' id='word_1_86' title='bbox 1309 1886 1462 1953; x_wconf 81' lang='lat' dir='ltr'>Germani</span> <span class='ocrx_word' id='word_1_87' title='bbox 1493 1908 1589 1952; x_wconf 88' lang='lat' dir='ltr'>enum</span> <span class='ocrx_word' id='word_1_88' title='bbox 1619 1887 1737 1951; x_wconf 86' lang='lat' dir='ltr'>habent</span> 
     </span>
     <span class='ocr_line' id='line_1_12' title="bbox 536 1990 1734 2079; baseline 0.001 -24"><span class='ocrx_word' id='word_1_89' title='bbox 536 1993 670 2056; x_wconf 72' lang='lat' dir='ltr'>scilecit</span> <span class='ocrx_word' id='word_1_90' title='bbox 710 1993 775 2055; x_wconf 80' lang='lat' dir='ltr'>und</span> <span class='ocrx_word' id='word_1_91' title='bbox 813 1992 913 2068; x_wconf 79' lang='lat' dir='ltr'>recht,</span> <span class='ocrx_word' id='word_1_92' title='bbox 954 2013 1056 2076; x_wconf 92' lang='lat' dir='ltr'>quum</span> <span class='ocrx_word' id='word_1_93' title='bbox 1091 2013 1128 2057; x_wconf 93' lang='lat' dir='ltr'>eo</span> <span class='ocrx_word' id='word_1_94' title='bbox 1163 2012 1257 2057; x_wconf 91' lang='lat' dir='ltr'>sensu</span> <span class='ocrx_word' id='word_1_95' title='bbox 1291 1996 1493 2079; x_wconf 88' lang='lat' dir='ltr'>ceteroquin,</span> <span class='ocrx_word' id='word_1_96' title='bbox 1529 1995 1591 2057; x_wconf 87' lang='lat' dir='ltr'>nisi</span> <span class='ocrx_word' id='word_1_97' title='bbox 1624 1990 1734 2068; x_wconf 88' lang='lat' dir='ltr'>fallor,</span> 
     </span>
     <span class='ocr_line' id='line_1_13' title="bbox 536 2096 1735 2184; baseline 0 -24"><span class='ocrx_word' id='word_1_98' title='bbox 536 2097 667 2161; x_wconf 63' lang='lat' dir='ltr'>settim</span> <span class='ocrx_word' id='word_1_99' title='bbox 690 2099 910 2182; x_wconf 90' lang='lat' dir='ltr'>pronuncient.</span> <span class='ocrx_word' id='word_1_100' title='bbox 936 2102 1072 2175; x_wconf 75' lang='grc' dir='ltr'><strong><em>Φλοιῦροι</em></strong></span> <span class='ocrx_word' id='word_1_101' title='bbox 1093 2104 1203 2163; x_wconf 84' lang='lat' dir='ltr'>autem</span> <span class='ocrx_word' id='word_1_102' title='bbox 1222 2119 1347 2184; x_wconf 82' lang='lat' dir='ltr'>semper</span> <span class='ocrx_word' id='word_1_103' title='bbox 1367 2101 1413 2164; x_wconf 89' lang='lat' dir='ltr'>sic</span> <span class='ocrx_word' id='word_1_104' title='bbox 1430 2098 1621 2184; x_wconf 89' lang='lat' dir='ltr'>simpliciter</span> <span class='ocrx_word' id='word_1_105' title='bbox 1640 2096 1735 2168; x_wconf 80' lang='grc' dir='ltr'><strong><em>ιιιιιιδς</em></strong></span> 
     </span>
     <span class='ocr_line' id='line_1_14' title="bbox 537 2203 1735 2289; baseline 0 -21"><span class='ocrx_word' id='word_1_106' title='bbox 537 2203 603 2268; x_wconf 82' lang='lat' dir='ltr'>fuit</span> <span class='ocrx_word' id='word_1_107' title='bbox 637 2210 733 2288; x_wconf 91' lang='lat' dir='ltr'>atque</span> <span class='ocrx_word' id='word_1_108' title='bbox 767 2203 842 2267; x_wconf 90' lang='lat' dir='ltr'>hinc</span> <span class='ocrx_word' id='word_1_109' title='bbox 876 2203 999 2268; x_wconf 89' lang='lat' dir='ltr'>factum</span> <span class='ocrx_word' id='word_1_110' title='bbox 1034 2209 1101 2281; x_wconf 87' lang='lat' dir='ltr'>cst,</span> <span class='ocrx_word' id='word_1_111' title='bbox 1137 2211 1176 2269; x_wconf 86' lang='lat' dir='ltr'>ut</span> <span class='ocrx_word' id='word_1_112' title='bbox 1206 2211 1315 2289; x_wconf 89' lang='lat' dir='ltr'>postea</span> <span class='ocrx_word' id='word_1_113' title='bbox 1346 2205 1444 2270; x_wconf 91' lang='lat' dir='ltr'>huius</span> <span class='ocrx_word' id='word_1_114' title='bbox 1475 2205 1627 2269; x_wconf 87' lang='lat' dir='ltr'>adiectivi</span> <span class='ocrx_word' id='word_1_115' title='bbox 1657 2225 1735 2268; x_wconf 86' lang='lat' dir='ltr'>usus</span> 
     </span>
     <span class='ocr_line' id='line_1_15' title="bbox 537 2305 1736 2395; baseline 0 -21"><span class='ocrx_word' id='word_1_116' title='bbox 537 2305 734 2385; x_wconf 83' lang='lat' dir='ltr'>raresceret,</span> <span class='ocrx_word' id='word_1_117' title='bbox 758 2326 861 2392; x_wconf 91' lang='lat' dir='ltr'>quum</span> <span class='ocrx_word' id='word_1_118' title='bbox 892 2314 1033 2390; x_wconf 73' lang='grc' dir='ltr'><strong><em>φαῦλοι,</em></strong></span> <span class='ocrx_word' id='word_1_119' title='bbox 1064 2311 1190 2376; x_wconf 84' lang='lat' dir='ltr'>novicio</span> <span class='ocrx_word' id='word_1_120' title='bbox 1221 2312 1334 2395; x_wconf 91' lang='lat' dir='ltr'>utique</span> <span class='ocrx_word' id='word_1_121' title='bbox 1358 2330 1469 2389; x_wconf 88' lang='lat' dir='ltr'>sensu,</span> <span class='ocrx_word' id='word_1_122' title='bbox 1495 2310 1644 2375; x_wconf 88' lang='lat' dir='ltr'>omnibus</span> <span class='ocrx_word' id='word_1_123' title='bbox 1667 2329 1736 2394; x_wconf 90' lang='lat' dir='ltr'>per-</span> 
     </span>
     <span class='ocr_line' id='line_1_16' title="bbox 538 2416 886 2498; baseline 0 -21"><span class='ocrx_word' id='word_1_124' title='bbox 538 2417 638 2498; x_wconf 93' lang='lat' dir='ltr'>petuo</span> <span class='ocrx_word' id='word_1_125' title='bbox 660 2416 693 2477; x_wconf 94' lang='lat' dir='ltr'>in</span> <span class='ocrx_word' id='word_1_126' title='bbox 717 2433 770 2478; x_wconf 90' lang='lat' dir='ltr'>ore</span> <span class='ocrx_word' id='word_1_127' title='bbox 794 2418 886 2478; x_wconf 89' lang='lat' dir='ltr'>esset.</span> 
     </span>
    </p>

    <p class='ocr_par' dir='ltr' id='par_1_3' title="bbox 528 2518 1735 4607">
     <span class='ocr_line' id='line_1_17' title="bbox 582 2518 1735 2606; baseline 0.003 -24"><span class='ocrx_word' id='word_1_128' title='bbox 582 2518 695 2603; x_wconf 85' lang='lat' dir='ltr'>ltaque</span> <span class='ocrx_word' id='word_1_129' title='bbox 726 2519 803 2584; x_wconf 87' lang='lat' dir='ltr'>haec</span> <span class='ocrx_word' id='word_1_130' title='bbox 827 2521 935 2585; x_wconf 90' lang='lat' dir='ltr'>omnia</span> <span class='ocrx_word' id='word_1_131' title='bbox 958 2525 996 2583; x_wconf 92' lang='lat' dir='ltr'>ut</span> <span class='ocrx_word' id='word_1_132' title='bbox 1018 2520 1187 2605; x_wconf 88' lang='lat' dir='ltr'>probarem</span> <span class='ocrx_word' id='word_1_133' title='bbox 1209 2522 1243 2584; x_wconf 92' lang='lat' dir='ltr'>in</span> <span class='ocrx_word' id='word_1_134' title='bbox 1267 2521 1484 2606; x_wconf 89' lang='lat' dir='ltr'>superioribus</span> <span class='ocrx_word' id='word_1_135' title='bbox 1506 2520 1735 2606; x_wconf 82' lang='lat' dir='ltr'>Mnemosynes</span> 
     </span>
     <span class='ocr_line' id='line_1_18' title="bbox 536 2623 1734 2711; baseline 0.001 -21"><span class='ocrx_word' id='word_1_136' title='bbox 536 2623 761 2690; x_wconf 81' lang='lat' dir='ltr'>uoluminibus</span> <span class='ocrx_word' id='word_1_137' title='bbox 791 2645 872 2710; x_wconf 86' lang='lat' dir='ltr'>quse</span> <span class='ocrx_word' id='word_1_138' title='bbox 903 2625 987 2704; x_wconf 84' lang='lat' dir='ltr'>dixi,</span> <span class='ocrx_word' id='word_1_139' title='bbox 1017 2625 1184 2711; x_wconf 89' lang='lat' dir='ltr'>complura</span> <span class='ocrx_word' id='word_1_140' title='bbox 1211 2625 1359 2711; x_wconf 84' lang='lat' dir='ltr'>exempla</span> <span class='ocrx_word' id='word_1_141' title='bbox 1382 2626 1454 2691; x_wconf 89' lang='lat' dir='ltr'>dedi</span> <span class='ocrx_word' id='word_1_142' title='bbox 1478 2647 1517 2690; x_wconf 82' lang='lat' dir='ltr'>ex</span> <span class='ocrx_word' id='word_1_143' title='bbox 1541 2625 1679 2691; x_wconf 88' lang='lat' dir='ltr'>Isocrate</span> <span class='ocrx_word' id='word_1_144' title='bbox 1703 2632 1734 2691; x_wconf 91' lang='lat' dir='ltr'>et</span> 
     </span>
     <span class='ocr_line' id='line_1_19' title="bbox 536 2728 1734 2816; baseline 0.003 -24"><span class='ocrx_word' id='word_1_145' title='bbox 536 2728 713 2794; x_wconf 89' lang='lat' dir='ltr'>Plutarcho</span> <span class='ocrx_word' id='word_1_146' title='bbox 748 2733 955 2816; x_wconf 89' lang='lat' dir='ltr'>potissimum</span> <span class='ocrx_word' id='word_1_147' title='bbox 991 2739 1156 2816; x_wconf 84' lang='lat' dir='ltr'>excerpta;</span> <span class='ocrx_word' id='word_1_148' title='bbox 1193 2752 1278 2795; x_wconf 92' lang='lat' dir='ltr'>nunc</span> <span class='ocrx_word' id='word_1_149' title='bbox 1309 2737 1419 2796; x_wconf 89' lang='lat' dir='ltr'>autem</span> <span class='ocrx_word' id='word_1_150' title='bbox 1450 2730 1488 2795; x_wconf 94' lang='lat' dir='ltr'>de</span> <span class='ocrx_word' id='word_1_151' title='bbox 1518 2730 1734 2797; x_wconf 87' lang='lat' dir='ltr'>Demosthene</span> 
     </span>
     <span class='ocr_line' id='line_1_20' title="bbox 535 2832 1735 2922; baseline 0.001 -23"><span class='ocrx_word' id='word_1_152' title='bbox 535 2834 716 2900; x_wconf 83' lang='lat' dir='ltr'>videamus.</span> <span class='ocrx_word' id='word_1_153' title='bbox 749 2832 797 2901; x_wconf 81' lang='lat' dir='ltr'>Ac</span> <span class='ocrx_word' id='word_1_154' title='bbox 827 2838 972 2921; x_wconf 92' lang='lat' dir='ltr'>primum</span> <span class='ocrx_word' id='word_1_155' title='bbox 1003 2836 1133 2921; x_wconf 91' lang='lat' dir='ltr'>quidem</span> <span class='ocrx_word' id='word_1_156' title='bbox 1164 2838 1249 2922; x_wconf 89' lang='lat' dir='ltr'>apud</span> <span class='ocrx_word' id='word_1_157' title='bbox 1280 2859 1356 2902; x_wconf 92' lang='lat' dir='ltr'>eum</span> <span class='ocrx_word' id='word_1_158' title='bbox 1387 2839 1522 2902; x_wconf 92' lang='lat' dir='ltr'>minime</span> <span class='ocrx_word' id='word_1_159' title='bbox 1554 2858 1664 2902; x_wconf 89' lang='lat' dir='ltr'>rarum</span> <span class='ocrx_word' id='word_1_160' title='bbox 1685 2842 1735 2901; x_wconf 93' lang='lat' dir='ltr'>est</span> 
     </span>
     <span class='ocr_line' id='line_1_21' title="bbox 535 2940 1731 3029; baseline 0 -22"><span class='ocrx_word' id='word_1_161' title='bbox 535 2940 736 3008; x_wconf 77' lang='lat' dir='ltr'>adjectivum</span> <span class='ocrx_word' id='word_1_162' title='bbox 769 2946 920 3021; x_wconf 79' lang='grc' dir='ltr'><strong><em>Φλοιῦροι.</em></strong></span> <span class='ocrx_word' id='word_1_163' title='bbox 952 2941 1061 3008; x_wconf 86' lang='lat' dir='ltr'>Veluti</span> <span class='ocrx_word' id='word_1_164' title='bbox 1091 2943 1174 3009; x_wconf 92' lang='lat' dir='ltr'>Mid.</span> <span class='ocrx_word' id='word_1_165' title='bbox 1206 2942 1310 3029; x_wconf 75' lang='lat'>§119</span> <span class='ocrx_word' id='word_1_166' title='bbox 1342 2965 1373 3029; x_wconf 92' lang='lat' dir='ltr'>p.</span> <span class='ocrx_word' id='word_1_167' title='bbox 1405 2941 1486 3008; x_wconf 84' lang='lat'><strong>553:</strong></span> <span class='ocrx_word' id='word_1_168' title='bbox 1522 2942 1604 3020; x_wconf 76' lang='grc' dir='ltr'>ὤμνυ</span> <span class='ocrx_word' id='word_1_169' title='bbox 1636 2942 1731 3021; x_wconf 75' lang='grc' dir='ltr'><em>μηδὲν</em></span> 
     </span>
     <span class='ocr_line' id='line_1_22' title="bbox 534 3045 1732 3127; baseline 0.003 -15"><span class='ocrx_word' id='word_1_170' title='bbox 534 3047 687 3126; x_wconf 72' lang='grc' dir='ltr'><strong><em>εἰρηκέναι</em></strong></span> <span class='ocrx_word' id='word_1_171' title='bbox 719 3046 786 3125; x_wconf 71' lang='grc' dir='ltr'>περὶ</span> <span class='ocrx_word' id='word_1_172' title='bbox 818 3048 913 3112; x_wconf 72' lang='grc' dir='ltr'><strong><em>αὐτοῦ</em></strong></span> <span class='ocrx_word' id='word_1_173' title='bbox 944 3053 1121 3126; x_wconf 78' lang='grc' dir='ltr'><strong><em>Φοιῦλον·</em></strong></span> <span class='ocrx_word' id='word_1_174' title='bbox 1155 3049 1251 3115; x_wconf 84' lang='lat' dir='ltr'>lectio</span> <span class='ocrx_word' id='word_1_175' title='bbox 1276 3055 1325 3114; x_wconf 86' lang='lat' dir='ltr'>est</span> <span class='ocrx_word' id='word_1_176' title='bbox 1348 3045 1473 3114; x_wconf 77' lang='lat' dir='ltr'>Codicis</span> <span class='ocrx_word' id='word_1_177' title='bbox 1496 3049 1653 3127; x_wconf 81' lang='lat' dir='ltr'>Parisini,</span> <span class='ocrx_word' id='word_1_178' title='bbox 1677 3049 1732 3115; x_wconf 86' lang='lat' dir='ltr'>sed</span> 
     </span>
     <span class='ocr_line' id='line_1_23' title="bbox 534 3151 1732 3240; baseline 0 -22"><span class='ocrx_word' id='word_1_179' title='bbox 534 3151 772 3218; x_wconf 86' lang='lat' dir='ltr'>concedendum</span> <span class='ocrx_word' id='word_1_180' title='bbox 802 3159 851 3217; x_wconf 91' lang='lat' dir='ltr'>est</span> <span class='ocrx_word' id='word_1_181' title='bbox 882 3151 1001 3219; x_wconf 80' lang='lat' dir='ltr'>(lobeto</span> <span class='ocrx_word' id='word_1_182' title='bbox 1033 3154 1167 3218; x_wconf 79' lang='lat' dir='ltr'>Miscett.</span> <span class='ocrx_word' id='word_1_183' title='bbox 1194 3177 1225 3240; x_wconf 89' lang='lat' dir='ltr'>p.</span> <span class='ocrx_word' id='word_1_184' title='bbox 1251 3153 1314 3218; x_wconf 84' lang='lat'>511</span> <span class='ocrx_word' id='word_1_185' title='bbox 1345 3157 1379 3218; x_wconf 90' lang='lat' dir='ltr'>in</span> <span class='ocrx_word' id='word_1_186' title='bbox 1403 3154 1474 3219; x_wconf 87' lang='lat' dir='ltr'>aliis</span> <span class='ocrx_word' id='word_1_187' title='bbox 1498 3154 1590 3220; x_wconf 86' lang='lat' dir='ltr'>libris</span> <span class='ocrx_word' id='word_1_188' title='bbox 1613 3155 1732 3219; x_wconf 89' lang='lat' dir='ltr'>rectius</span> 
     </span>
     <span class='ocr_line' id='line_1_24' title="bbox 533 3256 1732 3346; baseline 0.002 -24"><span class='ocrx_word' id='word_1_189' title='bbox 533 3256 604 3344; x_wconf 78' lang='lat' dir='ltr'>legi</span> <span class='ocrx_word' id='word_1_190' title='bbox 641 3262 834 3336; x_wconf 80' lang='grc' dir='ltr'><strong><em>Φλιιῡροι.</em></strong></span> <span class='ocrx_word' id='word_1_191' title='bbox 873 3256 926 3324; x_wconf 81' lang='lat' dir='ltr'>Sic</span> <span class='ocrx_word' id='word_1_192' title='bbox 958 3264 1042 3324; x_wconf 89' lang='lat' dir='ltr'>recte</span> <span class='ocrx_word' id='word_1_193' title='bbox 1072 3260 1179 3324; x_wconf 89' lang='lat' dir='ltr'>editur</span> <span class='ocrx_word' id='word_1_194' title='bbox 1208 3260 1300 3345; x_wconf 88' lang='lat' dir='ltr'>Lept.</span> <span class='ocrx_word' id='word_1_195' title='bbox 1333 3259 1437 3345; x_wconf 76' lang='lat'>§102</span> <span class='ocrx_word' id='word_1_196' title='bbox 1469 3284 1500 3346; x_wconf 89' lang='lat' dir='ltr'>p.</span> <span class='ocrx_word' id='word_1_197' title='bbox 1533 3259 1617 3326; x_wconf 80' lang='lat'>488:</span> <span class='ocrx_word' id='word_1_198' title='bbox 1649 3259 1732 3325; x_wconf 76' lang='grc' dir='ltr'><strong><em>οὐδὲν</em></strong></span> 
     </span>
     <span class='ocr_line' id='line_1_25' title="bbox 534 3363 1731 3451; baseline 0.003 -25"><span class='ocrx_word' id='word_1_199' title='bbox 534 3364 601 3441; x_wconf 75' lang='grc' dir='ltr'>γὰρ</span> <span class='ocrx_word' id='word_1_200' title='bbox 636 3368 776 3442; x_wconf 76' lang='grc' dir='ltr'><strong><em>Φλοιῦοον</em></strong></span> <span class='ocrx_word' id='word_1_201' title='bbox 812 3363 864 3441; x_wconf 71' lang='lat' dir='ltr'>ipis</span> <span class='ocrx_word' id='word_1_202' title='bbox 900 3387 944 3430; x_wconf 78' lang='grc' dir='ltr'>σε.</span> <span class='ocrx_word' id='word_1_203' title='bbox 979 3364 1061 3430; x_wconf 85' lang='lat' dir='ltr'>Mid.</span> <span class='ocrx_word' id='word_1_204' title='bbox 1086 3364 1190 3450; x_wconf 76' lang='lat'><strong>§208</strong></span> <span class='ocrx_word' id='word_1_205' title='bbox 1224 3388 1256 3451; x_wconf 89' lang='lat' dir='ltr'>p.</span> <span class='ocrx_word' id='word_1_206' title='bbox 1283 3364 1364 3430; x_wconf 76' lang='lat'>581:</span> <span class='ocrx_word' id='word_1_207' title='bbox 1401 3365 1468 3445; x_wconf 78' lang='grc' dir='ltr'>περὶ</span> <span class='ocrx_word' id='word_1_208' title='bbox 1504 3363 1543 3430; x_wconf 81' lang='grc' dir='ltr'>ὦν</span> <span class='ocrx_word' id='word_1_209' title='bbox 1576 3366 1657 3430; x_wconf 74' lang='grc' dir='ltr'><strong><em>οὐδὲν</em></strong></span> <span class='ocrx_word' id='word_1_210' title='bbox 1693 3365 1731 3430; x_wconf 71' lang='grc' dir='ltr'>ἂν</span> 
     </span>
     <span class='ocr_line' id='line_1_26' title="bbox 533 3467 1730 3557; baseline 0.003 -25"><span class='ocrx_word' id='word_1_211' title='bbox 533 3467 652 3544; x_wconf 72' lang='grc' dir='ltr'><strong><em>εἴποιμι</em></strong></span> <span class='ocrx_word' id='word_1_212' title='bbox 684 3469 757 3548; x_wconf 78' lang='grc' dir='ltr'>πρὸς</span> <span class='ocrx_word' id='word_1_213' title='bbox 789 3469 872 3546; x_wconf 72' lang='grc' dir='ltr'>ὑμᾶς</span> <span class='ocrx_word' id='word_1_214' title='bbox 903 3475 1043 3549; x_wconf 71' lang='grc' dir='ltr'><strong><em>φλαῦρον</em></strong></span> <span class='ocrx_word' id='word_1_215' title='bbox 1075 3471 1147 3547; x_wconf 71' lang='grc' dir='ltr'>ἐγώ.</span> <span class='ocrx_word' id='word_1_216' title='bbox 1179 3472 1315 3557; x_wconf 64' lang='lat' dir='ltr'>syntax.</span> <span class='ocrx_word' id='word_1_217' title='bbox 1348 3470 1428 3555; x_wconf 77' lang='lat'>§36</span> <span class='ocrx_word' id='word_1_218' title='bbox 1460 3494 1491 3556; x_wconf 90' lang='lat' dir='ltr'>p.</span> <span class='ocrx_word' id='word_1_219' title='bbox 1518 3469 1601 3537; x_wconf 85' lang='lat'><strong>177:</strong></span> <span class='ocrx_word' id='word_1_220' title='bbox 1633 3470 1730 3543; x_wconf 79' lang='grc' dir='ltr'><strong><em>οὐδεὶς</em></strong></span> 
     </span>
     <span class='ocr_line' id='line_1_27' title="bbox 533 3574 1730 3662; baseline 0.002 -24"><span class='ocrx_word' id='word_1_221' title='bbox 533 3575 600 3653; x_wconf 76' lang='grc' dir='ltr'>ἐρεῖ</span> <span class='ocrx_word' id='word_1_222' title='bbox 627 3579 766 3653; x_wconf 65' lang='lat' dir='ltr'>&lt;pacisce</span> <span class='ocrx_word' id='word_1_223' title='bbox 790 3574 883 3639; x_wconf 72' lang='lat' dir='ltr'>oilie.</span> <span class='ocrx_word' id='word_1_224' title='bbox 917 3575 1009 3661; x_wconf 85' lang='lat' dir='ltr'>Lept.</span> <span class='ocrx_word' id='word_1_225' title='bbox 1035 3577 1109 3661; x_wconf 78' lang='lat'>§13</span> <span class='ocrx_word' id='word_1_226' title='bbox 1134 3599 1166 3662; x_wconf 88' lang='lat' dir='ltr'>p.</span> <span class='ocrx_word' id='word_1_227' title='bbox 1191 3575 1275 3641; x_wconf 84' lang='lat'>461:</span> <span class='ocrx_word' id='word_1_228' title='bbox 1301 3576 1343 3640; x_wconf 75' lang='lat' dir='ltr'>cci</span> <span class='ocrx_word' id='word_1_229' title='bbox 1368 3577 1425 3652; x_wconf 73' lang='grc' dir='ltr'>μὲν</span> <span class='ocrx_word' id='word_1_230' title='bbox 1449 3575 1526 3640; x_wconf 74' lang='grc' dir='ltr'>ἄλλ’</span> <span class='ocrx_word' id='word_1_231' title='bbox 1550 3576 1652 3655; x_wconf 73' lang='grc' dir='ltr'><strong><em>ἔγωγε</em></strong></span> <span class='ocrx_word' id='word_1_232' title='bbox 1677 3579 1730 3643; x_wconf 80' lang='grc' dir='ltr'>οὐκ</span> 
     </span>
     <span class='ocr_line' id='line_1_28' title="bbox 534 3676 1729 3768; baseline 0.002 -24"><span class='ocrx_word' id='word_1_233' title='bbox 534 3676 609 3744; x_wconf 67' lang='lat' dir='ltr'>ciis</span> <span class='ocrx_word' id='word_1_234' title='bbox 640 3679 705 3744; x_wconf 70' lang='lat' dir='ltr'>otti</span> <span class='ocrx_word' id='word_1_235' title='bbox 737 3679 821 3758; x_wconf 72' lang='grc' dir='ltr'>λέγω</span> <span class='ocrx_word' id='word_1_236' title='bbox 846 3686 985 3761; x_wconf 69' lang='lat' dir='ltr'>occupo</span> <span class='ocrx_word' id='word_1_237' title='bbox 1010 3682 1094 3746; x_wconf 77' lang='grc' dir='ltr'><strong><em>οὐδὲν</em></strong></span> <span class='ocrx_word' id='word_1_238' title='bbox 1115 3682 1182 3748; x_wconf 76' lang='grc' dir='ltr'><strong><em>οὐδὲ</em></strong></span> <span class='ocrx_word' id='word_1_239' title='bbox 1207 3682 1337 3748; x_wconf 69' lang='lat' dir='ltr'>circeia.</span> <span class='ocrx_word' id='word_1_240' title='bbox 1362 3682 1443 3747; x_wconf 91' lang='lat' dir='ltr'>Mid.</span> <span class='ocrx_word' id='word_1_241' title='bbox 1468 3681 1564 3766; x_wconf 77' lang='lat'>§203</span> <span class='ocrx_word' id='word_1_242' title='bbox 1590 3704 1620 3768; x_wconf 92' lang='lat' dir='ltr'>p.</span> <span class='ocrx_word' id='word_1_243' title='bbox 1645 3680 1729 3748; x_wconf 76' lang='lat'><strong>579:</strong></span> 
     </span>
     <span class='ocr_line' id='line_1_29' title="bbox 533 3783 1729 3868; baseline 0.003 -18"><span class='ocrx_word' id='word_1_244' title='bbox 533 3784 576 3850; x_wconf 69' lang='grc' dir='ltr'>ἂν</span> <span class='ocrx_word' id='word_1_245' title='bbox 598 3784 630 3849; x_wconf 69' lang='grc' dir='ltr'>δέ</span> <span class='ocrx_word' id='word_1_246' title='bbox 653 3809 683 3850; x_wconf 80' lang='grc' dir='ltr'>τι</span> <span class='ocrx_word' id='word_1_247' title='bbox 706 3792 856 3867; x_wconf 78' lang='grc' dir='ltr'><strong><em>Φλοιῦροο,</em></strong></span> <span class='ocrx_word' id='word_1_248' title='bbox 877 3783 891 3851; x_wconf 78' lang='grc' dir='ltr'><em>ὃ</em></span> <span class='ocrx_word' id='word_1_249' title='bbox 911 3787 1019 3865; x_wconf 70' lang='grc' dir='ltr'><strong><em>μηδεὶς</em></strong></span> <span class='ocrx_word' id='word_1_250' title='bbox 1038 3786 1078 3851; x_wconf 69' lang='grc' dir='ltr'>’ἂν</span> <span class='ocrx_word' id='word_1_251' title='bbox 1098 3787 1241 3864; x_wconf 78' lang='grc' dir='ltr'><strong><em>βούλοιτο</em></strong></span> <span class='ocrx_word' id='word_1_252' title='bbox 1261 3795 1319 3852; x_wconf 84' lang='grc' dir='ltr'>τῶν</span> <span class='ocrx_word' id='word_1_253' title='bbox 1338 3786 1442 3852; x_wconf 76' lang='grc' dir='ltr'><strong><em>ἄλλων</em></strong></span> <span class='ocrx_word' id='word_1_254' title='bbox 1463 3787 1729 3868; x_wconf 67' lang='grc' dir='ltr'>(8011.οὶγγελθῇ),</span> 
     </span>
     <span class='ocr_line' id='line_1_30' title="bbox 533 3889 1729 3979; baseline 0.001 -24"><span class='ocrx_word' id='word_1_255' title='bbox 533 3896 652 3971; x_wconf 71' lang='grc' dir='ltr'><strong><em>πρῶτος</em></strong></span> <span class='ocrx_word' id='word_1_256' title='bbox 676 3892 831 3966; x_wconf 61' lang='lat' dir='ltr'>enicem.</span> <span class='ocrx_word' id='word_1_257' title='bbox 856 3889 970 3958; x_wconf 83' lang='lat' dir='ltr'>Ooron.</span> <span class='ocrx_word' id='word_1_258' title='bbox 995 3892 1155 3958; x_wconf 78' lang='lat' dir='ltr'>Trierach.</span> <span class='ocrx_word' id='word_1_259' title='bbox 1177 3893 1252 3978; x_wconf 77' lang='lat'>§20</span> <span class='ocrx_word' id='word_1_260' title='bbox 1273 3916 1303 3979; x_wconf 89' lang='lat' dir='ltr'>p.</span> <span class='ocrx_word' id='word_1_261' title='bbox 1329 3893 1433 3960; x_wconf 75' lang='lat'>1234:</span> <span class='ocrx_word' id='word_1_262' title='bbox 1455 3901 1517 3964; x_wconf 78' lang='grc' dir='ltr'><strong><em>τοῖς</em></strong></span> <span class='ocrx_word' id='word_1_263' title='bbox 1531 3893 1729 3971; x_wconf 75' lang='grc' dir='ltr'>βουλομένοις</span> 
     </span>
     <span class='ocr_line' id='line_1_31' title="bbox 532 3996 1726 4085; baseline 0.003 -25"><span class='ocrx_word' id='word_1_264' title='bbox 532 4021 564 4061; x_wconf 81' lang='grc' dir='ltr'>τι</span> <span class='ocrx_word' id='word_1_265' title='bbox 591 3996 697 4073; x_wconf 72' lang='grc' dir='ltr'><strong><em>λέγειν</em></strong></span> <span class='ocrx_word' id='word_1_266' title='bbox 720 4002 869 4079; x_wconf 71' lang='grc' dir='ltr'>φλαῦρον.</span> <span class='ocrx_word' id='word_1_267' title='bbox 895 3999 1028 4065; x_wconf 84' lang='lat' dir='ltr'>Androt.</span> <span class='ocrx_word' id='word_1_268' title='bbox 1049 3998 1123 4083; x_wconf 78' lang='lat'>§12</span> <span class='ocrx_word' id='word_1_269' title='bbox 1144 4021 1174 4085; x_wconf 88' lang='lat' dir='ltr'>p.</span> <span class='ocrx_word' id='word_1_270' title='bbox 1197 3999 1280 4064; x_wconf 84' lang='lat'>596:</span> <span class='ocrx_word' id='word_1_271' title='bbox 1301 3998 1349 4063; x_wconf 70' lang='grc' dir='ltr'>ἵνα</span> <span class='ocrx_word' id='word_1_272' title='bbox 1367 3999 1461 4074; x_wconf 74' lang='grc' dir='ltr'><em>μηδὲν</em></span> <span class='ocrx_word' id='word_1_273' title='bbox 1481 3999 1556 4062; x_wconf 73' lang='lat' dir='ltr'>eico</span> <span class='ocrx_word' id='word_1_274' title='bbox 1576 4003 1726 4078; x_wconf 78' lang='grc' dir='ltr'><strong><em>Φλοιῡρον.</em></strong></span> 
     </span>
     <span class='ocr_line' id='line_1_32' title="bbox 530 4103 1726 4191; baseline 0.003 -24"><span class='ocrx_word' id='word_1_275' title='bbox 530 4104 687 4168; x_wconf 82' lang='lat' dir='ltr'>Aristocr.</span> <span class='ocrx_word' id='word_1_276' title='bbox 712 4104 729 4187; x_wconf 84' lang='lat'>§</span> <span class='ocrx_word' id='word_1_277' title='bbox 750 4103 792 4168; x_wconf 83' lang='grc'>92</span> <span class='ocrx_word' id='word_1_278' title='bbox 817 4128 848 4191; x_wconf 92' lang='lat' dir='ltr'>p.</span> <span class='ocrx_word' id='word_1_279' title='bbox 874 4104 961 4169; x_wconf 87' lang='lat'><strong>651:</strong></span> <span class='ocrx_word' id='word_1_280' title='bbox 988 4108 1004 4180; x_wconf 76' lang='grc' dir='ltr'><strong><em>ἡ</em></strong></span> <span class='ocrx_word' id='word_1_281' title='bbox 1029 4105 1120 4177; x_wconf 76' lang='grc' dir='ltr'><strong><em>πόλις</em></strong></span> <span class='ocrx_word' id='word_1_282' title='bbox 1144 4111 1283 4184; x_wconf 69' lang='lat' dir='ltr'>praepos</span> <span class='ocrx_word' id='word_1_283' title='bbox 1307 4106 1389 4171; x_wconf 70' lang='grc' dir='ltr'><strong><em>οὐδὲν</em></strong></span> <span class='ocrx_word' id='word_1_284' title='bbox 1409 4105 1563 4169; x_wconf 71' lang='grc' dir='ltr'><strong><em>πείσεται.</em></strong></span> <span class='ocrx_word' id='word_1_285' title='bbox 1589 4104 1726 4170; x_wconf 72' lang='grc' dir='ltr'><strong><em>Τίωοοτ.</em></strong></span> 
     </span>
     <span class='ocr_line' id='line_1_33' title="bbox 529 4206 1726 4293; baseline 0.003 -21"><span class='ocrx_word' id='word_1_286' title='bbox 529 4206 630 4293; x_wconf 80' lang='lat'>§127</span> <span class='ocrx_word' id='word_1_287' title='bbox 655 4230 686 4293; x_wconf 89' lang='lat' dir='ltr'>p.</span> <span class='ocrx_word' id='word_1_288' title='bbox 713 4207 796 4275; x_wconf 84' lang='lat'>740:</span> <span class='ocrx_word' id='word_1_289' title='bbox 821 4211 887 4290; x_wconf 73' lang='lat' dir='ltr'>capi</span> <span class='ocrx_word' id='word_1_290' title='bbox 913 4210 944 4275; x_wconf 72' lang='grc' dir='ltr'>δὲ</span> <span class='ocrx_word' id='word_1_291' title='bbox 968 4216 1021 4276; x_wconf 79' lang='grc' dir='ltr'>τοῦ</span> <span class='ocrx_word' id='word_1_292' title='bbox 1042 4210 1159 4289; x_wconf 73' lang='grc' dir='ltr'><em>πατρὸς</em></span> <span class='ocrx_word' id='word_1_293' title='bbox 1180 4214 1276 4277; x_wconf 74' lang='grc' dir='ltr'><strong><em>αὐτοῦ</em></strong></span> <span class='ocrx_word' id='word_1_294' title='bbox 1296 4210 1379 4276; x_wconf 70' lang='grc' dir='ltr'><strong><em>οὐδὲν</em></strong></span> <span class='ocrx_word' id='word_1_295' title='bbox 1400 4209 1726 4290; x_wconf 72' lang='grc' dir='ltr'><strong><em>ἂοφλιιῖιρονεῖποιμι.</em></strong></span> 
     </span>
     <span class='ocr_line' id='line_1_34' title="bbox 528 4298 1724 4401; baseline 0.003 -23"><span class='ocrx_word' id='word_1_296' title='bbox 528 4298 672 4378; x_wconf 64' lang='lat' dir='ltr'>&#39;Iimocn</span> <span class='ocrx_word' id='word_1_297' title='bbox 704 4315 721 4398; x_wconf 79' lang='lat'>§</span> <span class='ocrx_word' id='word_1_298' title='bbox 744 4313 809 4379; x_wconf 83' lang='lat'>158</span> <span class='ocrx_word' id='word_1_299' title='bbox 833 4336 863 4401; x_wconf 88' lang='lat' dir='ltr'>p.</span> <span class='ocrx_word' id='word_1_300' title='bbox 890 4314 973 4382; x_wconf 81' lang='lat'>749:</span> <span class='ocrx_word' id='word_1_301' title='bbox 1006 4314 1058 4383; x_wconf 72' lang='grc' dir='ltr'>ὦς’</span> <span class='ocrx_word' id='word_1_302' title='bbox 1084 4311 1117 4379; x_wconf 78' lang='grc' dir='ltr'>εὖ</span> <span class='ocrx_word' id='word_1_303' title='bbox 1143 4315 1253 4380; x_wconf 73' lang='grc' dir='ltr'>εἰδέναι</span> <span class='ocrx_word' id='word_1_304' title='bbox 1278 4314 1323 4381; x_wconf 78' lang='grc' dir='ltr'>ὅτι</span> <span class='ocrx_word' id='word_1_305' title='bbox 1347 4316 1429 4382; x_wconf 70' lang='grc' dir='ltr'><strong><em>οὐδὲν</em></strong></span> <span class='ocrx_word' id='word_1_306' title='bbox 1452 4319 1534 4397; x_wconf 77' lang='grc' dir='ltr'>αὐτῷ</span> <span class='ocrx_word' id='word_1_307' title='bbox 1558 4317 1724 4394; x_wconf 67' lang='grc' dir='ltr'><strong><em>γενήσεται</em></strong></span> 
     </span>
     <span class='ocr_line' id='line_1_35' title="bbox 529 4419 1724 4508; baseline 0.003 -25"><span class='ocrx_word' id='word_1_308' title='bbox 529 4425 681 4500; x_wconf 74' lang='grc' dir='ltr'><strong><em>φλαῦρον.</em></strong></span> <span class='ocrx_word' id='word_1_309' title='bbox 715 4419 826 4486; x_wconf 85' lang='lat' dir='ltr'>Boeot.</span> <span class='ocrx_word' id='word_1_310' title='bbox 859 4421 897 4486; x_wconf 89' lang='lat' dir='ltr'>de</span> <span class='ocrx_word' id='word_1_311' title='bbox 929 4422 1002 4487; x_wconf 82' lang='lat' dir='ltr'>dote</span> <span class='ocrx_word' id='word_1_312' title='bbox 1032 4421 1115 4506; x_wconf 77' lang='lat'>§48</span> <span class='ocrx_word' id='word_1_313' title='bbox 1139 4445 1170 4508; x_wconf 91' lang='lat' dir='ltr'>p.</span> <span class='ocrx_word' id='word_1_314' title='bbox 1197 4421 1304 4487; x_wconf 80' lang='lat'>1022:</span> <span class='ocrx_word' id='word_1_315' title='bbox 1338 4423 1442 4499; x_wconf 73' lang='grc' dir='ltr'><strong><em>λέγειν</em></strong></span> <span class='ocrx_word' id='word_1_316' title='bbox 1467 4422 1532 4501; x_wconf 76' lang='grc' dir='ltr'>περὶ</span> <span class='ocrx_word' id='word_1_317' title='bbox 1557 4421 1671 4495; x_wconf 71' lang='grc' dir='ltr'>ἐκείνης</span> <span class='ocrx_word' id='word_1_318' title='bbox 1695 4446 1724 4486; x_wconf 80' lang='grc' dir='ltr'>τι</span> 
     </span>
     <span class='ocr_line' id='line_1_36' title="bbox 529 4530 682 4607; baseline 0.013 -18"><span class='ocrx_word' id='word_1_319' title='bbox 529 4530 682 4607; x_wconf 74' lang='grc' dir='ltr'><strong><em>φλαῦροι.</em></strong></span> 
     </span>
    </p>

    <p class='ocr_par' dir='ltr' id='par_1_4' title="bbox 528 4629 1724 4930">
     <span class='ocr_line' id='line_1_37' title="bbox 576 4629 1724 4720; baseline -0.003 -22"><span class='ocrx_word' id='word_1_320' title='bbox 576 4629 800 4717; x_wconf 80' lang='lat' dir='ltr'>Consequitur,</span> <span class='ocrx_word' id='word_1_321' title='bbox 821 4636 872 4698; x_wconf 89' lang='lat' dir='ltr'>uti</span> <span class='ocrx_word' id='word_1_322' title='bbox 891 4636 1012 4720; x_wconf 90' lang='lat' dir='ltr'>opinor,</span> <span class='ocrx_word' id='word_1_323' title='bbox 1033 4654 1134 4718; x_wconf 92' lang='lat' dir='ltr'>quum</span> <span class='ocrx_word' id='word_1_324' title='bbox 1155 4632 1386 4698; x_wconf 90' lang='lat' dir='ltr'>Demosthenes</span> <span class='ocrx_word' id='word_1_325' title='bbox 1406 4635 1502 4698; x_wconf 89' lang='lat' dir='ltr'>toties</span> <span class='ocrx_word' id='word_1_326' title='bbox 1520 4633 1724 4719; x_wconf 76' lang='lat' dir='ltr'>usurpaverit</span> 
     </span>
     <span class='ocr_line' id='line_1_38' title="bbox 528 4736 1724 4823; baseline -0.001 -21"><span class='ocrx_word' id='word_1_327' title='bbox 528 4736 728 4803; x_wconf 79' lang='lat' dir='ltr'>adiectirum</span> <span class='ocrx_word' id='word_1_328' title='bbox 751 4742 899 4818; x_wconf 71' lang='grc' dir='ltr'><strong><em>φλαῦροι,</em></strong></span> <span class='ocrx_word' id='word_1_329' title='bbox 923 4738 1066 4805; x_wconf 90' lang='lat' dir='ltr'>nondum</span> <span class='ocrx_word' id='word_1_330' title='bbox 1092 4736 1184 4823; x_wconf 82' lang='lat' dir='ltr'>vulgi</span> <span class='ocrx_word' id='word_1_331' title='bbox 1206 4759 1268 4803; x_wconf 91' lang='lat' dir='ltr'>usu</span> <span class='ocrx_word' id='word_1_332' title='bbox 1291 4741 1324 4801; x_wconf 92' lang='lat' dir='ltr'>in</span> <span class='ocrx_word' id='word_1_333' title='bbox 1349 4740 1417 4802; x_wconf 91' lang='lat' dir='ltr'>eius</span> <span class='ocrx_word' id='word_1_334' title='bbox 1441 4737 1547 4802; x_wconf 90' lang='lat' dir='ltr'>locum</span> <span class='ocrx_word' id='word_1_335' title='bbox 1570 4739 1724 4803; x_wconf 92' lang='lat' dir='ltr'>substitu-</span> 
     </span>
     <span class='ocr_line' id='line_1_39' title="bbox 529 4843 1723 4930; baseline 0.003 -22"><span class='ocrx_word' id='word_1_336' title='bbox 529 4850 604 4909; x_wconf 92' lang='lat' dir='ltr'>tum</span> <span class='ocrx_word' id='word_1_337' title='bbox 627 4843 726 4909; x_wconf 86' lang='lat' dir='ltr'>fuisse</span> <span class='ocrx_word' id='word_1_338' title='bbox 748 4843 943 4910; x_wconf 86' lang='lat' dir='ltr'>adiectivum</span> <span class='ocrx_word' id='word_1_339' title='bbox 968 4849 1100 4924; x_wconf 74' lang='grc' dir='ltr'><strong><em>Φιιῦλοο,</em></strong></span> <span class='ocrx_word' id='word_1_340' title='bbox 1124 4864 1182 4909; x_wconf 92' lang='lat' dir='ltr'>nec</span> <span class='ocrx_word' id='word_1_341' title='bbox 1205 4843 1384 4930; x_wconf 81' lang='lat' dir='ltr'>significare</span> <span class='ocrx_word' id='word_1_342' title='bbox 1407 4843 1511 4908; x_wconf 77' lang='grc' dir='ltr'><strong><em>ιιιιιιόι.</em></strong></span> <span class='ocrx_word' id='word_1_343' title='bbox 1535 4843 1624 4910; x_wconf 89' lang='lat' dir='ltr'>Haec</span> <span class='ocrx_word' id='word_1_344' title='bbox 1646 4866 1723 4930; x_wconf 79' lang='lat' dir='ltr'>quo</span> 
     </span>
    </p>
   </div>
   <div class='ocr_carea' id='block_1_3' title="bbox 0 0 2268 5943">
    <p class='ocr_par' dir='ltr' id='par_1_5' title="bbox 0 0 2268 5943">
     <span class='ocr_line' id='line_1_40' title="bbox 0 0 2268 5943; baseline 0 0"><span class='ocrx_word' id='word_1_345' title='bbox 0 0 2268 5943; x_wconf 95' lang='lat' dir='ltr'> </span> 
     </span>
    </p>
   </div>
  </div>
 </body>
</html>
