4525 5950
1055 723 1176 771 ursus.
1648 705 1709 769 175

561 889 617 953 Or.
643 888 675 951 X
698 888 782 971 510.
808 887 911 952 Verbo
935 909 1047 953 moneo
1070 890 1250 972 sequentia:
1276 889 1369 951 Ἀλλ’
1388 886 1450 950 οὐδ’
1470 886 1508 950 θιν
1527 893 1584 950 τῶν
1605 884 1711 950 ἕνδεκα

512 998 680 1072 γενόμενος
714 992 987 1070 οίποδίξοννο--,
1019 995 1095 1057 ἀλλ’
1128 996 1242 1070 ἀφείης
1268 992 1379 1058 ἂντθν
1404 992 1640 1070 αὐτὸντρόπον,
1665 990 1710 1054 ίτν

512 1105 548 1166 οὐ
571 1100 751 1172 λωποδύτης
777 1099 976 1180 θνομοίζετον;
1002 1120 1120 1164 novam
1145 1102 1337 1163 sententiam
1362 1100 1459 1164 ordiri
1483 1106 1516 1163 et
1536 1103 1712 1184 interroga-

514 1212 585 1272 tive
618 1228 686 1271 esse
717 1205 929 1279 enuntianda,
962 1227 1036 1269 nam
1068 1212 1100 1269 et
1132 1206 1208 1269 haee
1239 1206 1277 1269 ab
1310 1205 1400 1279 ἡδέως
1425 1202 1462 1268 οίν
1487 1228 1539 1268 σου
1564 1206 1714 1279 πυθοίμην

512 1313 667 1397 pendent.
693 1311 780 1376 Male
804 1309 1028 1376 Thalheimius
1050 1309 1240 1375 affirmative
1260 1331 1297 1375 ea
1315 1314 1399 1394 oepit
1419 1316 1513 1394 atque
1534 1309 1715 1374 anteceden-

515 1420 608 1483 tibus
632 1419 802 1494 adnexuit;
827 1420 872 1481 sio
895 1419 982 1480 enim
1007 1414 1126 1485 οὕτως
1153 1415 1219 1495 (vel
1242 1418 1367 1493 ὁμοίως,
1394 1425 1431 1480 ut
1454 1424 1502 1480 est
1525 1418 1558 1479 in
1578 1416 1715 1498 Ερθίονοθ

518 1524 586 1608 §5)
619 1524 679 1587 οὐδ’
705 1523 742 1587 ἂν
774 1529 832 1586 τῶν
866 1519 973 1585 ἕνδεκα
1005 1522 1169 1597 γενόμενος
1193 1536 1261 1584 κτλ.
1287 1522 1462 1607 oportebat.
1495 1521 1582 1600 Quae
1606 1527 1713 1585 autem

517 1632 599 1695 haee
623 1631 741 1714 exeipit
765 1630 936 1705 sententia,
960 1647 997 1691 ea
1016 1630 1129 1711 utique
1149 1648 1206 1711 per
1225 1627 1467 1692 affirmationem
1486 1626 1639 1691 efferenda
1657 1632 1714 1702 est,

517 1735 575 1800 sed
596 1734 872 1819 quemadmodum
892 1755 929 1798 ea
948 1734 1045 1797 verba
1064 1738 1096 1796 et
1116 1732 1201 1818 apud
1225 1733 1304 1797 alios
1327 1739 1360 1797 et
1383 1732 1467 1817 apud
1490 1735 1713 1817 nuperrimum

518 1841 681 1906 editorem
711 1841 906 1916 scribuntur,
932 1859 1000 1903 rem
1024 1860 1086 1903 non
1110 1837 1281 1922 intellego,
1305 1844 1439 1902 utente
1463 1859 1515 1901 me
1539 1858 1600 1901 non
1625 1836 1716 1900 intel·

516 1948 601 2012 lenit
626 1946 824 2010 Weidneros.
857 1945 899 2008 Elt
931 1945 1029 2008 huius
1052 1945 1182 2029 quidem
1207 1948 1402 2008 coniecturas
1425 1944 1520 2030 longe
1543 1947 1660 2028 petitas
1684 1953 1717 2007 et

517 2072 637 2139 parurn
670 2052 847 2136 probabiles
871 2073 932 2116 non
957 2071 1081 2134 sequar,
1106 2051 1161 2113 sed
1185 2050 1243 2114 hoo
1267 2071 1361 2136 rogo,
1387 2072 1541 2115 seriumne
1565 2054 1607 2114 sit
1631 2049 1716 2133 quod

518 2157 699 2244 vulgatur:
732 2157 791 2220 οὐδ’
816 2155 845 2220 εί
873 2181 919 2226 τις
943 2160 1010 2234 (τὴν
1035 2155 1080 2232 X)
1104 2154 1204 2219 ποιθδοι
1230 2155 1397 2232 ἐξαγαγὼν
1421 2162 1561 2240 (oportet
1585 2154 1716 2232 ἐξοίνων,

520 2271 562 2329 ut
593 2268 790 2328 monuerunt
820 2262 1019 2348 Frohborger
1050 2266 1082 2326 et
1114 2261 1333 2337 Helbertsma)
1357 2261 1379 2341 ¹)
1411 2263 1561 2340 ληφθείη,
1593 2264 1645 2325 οὐκ
1679 2260 1716 2324 θον

522 2372 661 2447 Φοίσκονς
694 2369 788 2432 αὐτὸν
820 2367 1060 2445 οὶνδροιποδιστίρν
1091 2362 1186 2444 eluar,
1219 2367 1303 2445 είπερ
1335 2376 1442 2447 μαχεῖ
1473 2377 1536 2440 τοῖς
1560 2368 1715 2443 θνθμοισνν,

522 2477 614 2539 ἑλλοὶ
646 2477 690 2549 μίν
722 2482 783 2543 τοῖς
817 2474 914 2551 ἔργοις
947 2471 997 2535 πθν
1030 2476 1095 2534 νοῦν
1128 2473 1299 2550 προσέξεις,
1334 2471 1371 2536 ὧν
1403 2472 1491 2536 ἕνεκα
1512 2474 1554 2537 τοί
1578 2474 1716 2548 θνθμοιτοι

521 2581 641 2649 πάντες
666 2582 811 2643 τίθενται.
845 2578 1003 2658 Quoniam
1028 2580 1080 2641 οὐκ
1104 2579 1141 2642 ἂν
1165 2581 1297 2654 Φοίσκονς
1322 2579 1408 2644 idem
1431 2587 1481 2644 est
1503 2586 1597 2664 atque
1621 2581 1716 2654 οίρνοῖο

522 2684 573 2762 ἄν,
605 2687 731 2769 requiro
762 2705 892 2769 prorsus
916 2687 1128 2748 eontrarium:
1155 2684 1237 2762 είπερ
1264 2688 1377 2760 (μὴ)
1403 2694 1509 2766 μαχεῖ
1530 2693 1617 2757 τοῖς
1642 2685 1716 2750 620¹-

522 2815 656 2868 μασιν,
682 2793 769 2855 οίλλοὶ
794 2797 878 2859 τοῖς
903 2789 1038 2866 ἔργοις
1062 2790 1114 2853 τὸν
1137 2795 1203 2852 νοῦν
1227 2790 1392 2868 προσέξεις.

570 3025 625 3089 Or.
651 3025 682 3088 X
707 3024 798 3109 §lbt
824 3025 907 3103 Ἐγὼ
931 3026 1036 3100 τοίνυν,
1062 3021 1083 3088 ὦ
1108 3024 1210 3101 ἄνδρες
1232 3026 1379 3090 δικασταί
1386 3076 1394 3104 ,
1416 3030 1497 3101 ὑμᾶς
1517 3028 1573 3104 μὲν
1593 3028 1715 3099 ποίντοις

523 3131 636 3195 είδὲνων
669 3133 805 3206 ἡγοῦμαι
832 3127 875 3194 ὅτι
903 3132 977 3207 ἐγὼ
1002 3132 1072 3208 μὲν
1097 3134 1181 3208 ὀρθῶς
1207 3132 1308 3217 λέγω,
1333 3139 1437 3196 τοῦτον
1462 3133 1487 3197 δ’
1512 3132 1587 3198 οὕτω
1613 3136 1717 3199 σκοινθν

523 3233 602 3301 είνοιν
635 3234 712 3300 ὥστε
736 3238 768 3300 οὐ
794 3236 940 3301 δύνασθον
964 3239 1073 3310 μαθεῖν
1098 3239 1138 3301 τίς
1164 3237 1334 3313 λεγόμενοι.
1359 3239 1513 3314 βούλομαι
1538 3235 1599 3302 οὖν
1625 3240 1717 3302 αὐτὸν

522 3346 575 3407 nal
603 3343 638 3419 ἐξ
661 3343 765 3420 ἑτέρων
786 3344 882 3418 νόμων
904 3344 969 3420 περί
991 3345 1104 3407 τούτων
1123 3342 1255 3417 διδοίξοιν.
1280 3345 1375 3409 Haud
1396 3351 1479 3410 reete
1499 3345 1718 3410 Hartmanuus

522 3450 585 3525 ἐγὼ
609 3450 666 3521 μὲν
690 3452 893 3533 proscripsit,
918 3450 1010 3514 oredo
1033 3449 1117 3534 quod
1141 3450 1300 3535 praecedit
1321 3453 1381 3527 ἐγὼ
1403 3453 1509 3515 τοίνυν.
1533 3451 1590 3515 Est
1611 3458 1718 3515 tamen

521 3554 562 3619 ad
594 3557 828 3639 oppositionem
859 3577 987 3639 prorsus
1018 3559 1247 3633 necessarium,
1278 3564 1373 3642 atque
1405 3556 1482 3621 talia
1512 3558 1548 3621 ad
1573 3565 1718 3621 nostrum

522 3660 760 3745 elegantiarum
779 3660 947 3725 modulum
968 3664 1076 3726 metiri
1097 3662 1239 3746 periculo
1259 3684 1322 3727 non
1342 3669 1443 3727 vacat
1469 3662 1529 3727 sed
1550 3663 1620 3727 leve
1641 3663 1716 3741 boe;

520 3770 609 3831 inest
629 3767 736 3831 verbis
757 3788 774 3831 a
793 3788 845 3831 me
865 3770 1033 3852 exscriptis
1053 3771 1187 3852 gravius
1206 3771 1495 3853 argumentationis
1507 3772 1635 3832 vitium.
1657 3768 1719 3832 Ad-

521 3874 686 3937 versarius
705 3893 849 3937 meus-
863 3875 910 3936 ita
930 3879 1035 3937 orator
1047 3912 1089 3920 —
1104 3880 1172 3937 tam
1193 3872 1327 3938 stolidus
1349 3879 1415 3950 est,
1437 3880 1474 3937 ut
1493 3874 1557 3937 fere
1578 3877 1719 3958 suspicer

522 3998 600 4043 eum
621 3980 750 4042 omnino
771 3999 923 4062 quorsum
944 3979 1041 4043 verba
1059 3977 1171 4066 legum
1191 3978 1318 4043 valeant
1334 3978 1439 4043 doceri
1450 3981 1590 4063 nequire.
1611 3979 1720 4063 Itaque

522 4103 601 4148 eum
633 4082 671 4147 de
701 4087 815 4147 ceteris
845 4104 973 4168 quoque
1004 4083 1131 4169 legibus
1162 4084 1273 4148 dooere
1303 4087 1407 4169 cupio.
1439 4081 1622 4148 Bellissima
1644 4105 1719 4148 saue

523 4186 696 4252 conclusio.
729 4187 879 4252 Ridicula
910 4209 977 4253 esse
1001 4188 1123 4253 desinet
1147 4191 1191 4253 sio
1215 4190 1349 4272 scripta:
1374 4188 1530 4265 βούνομον
1555 4189 1645 4259 <δ’>
1670 4184 1719 4251 οὖν

522 4307 603 4357 ura:
630 4293 825 4357 nibilominus
848 4295 942 4379 cupio
964 4301 1039 4359 cett.

557 4583 585 4643 l)
610 4582 644 4630 Ut
662 4583 796 4647 θξονγσγίον
815 4581 965 4641 defenderet,
983 4580 1147 4630 Thalheimius
1164 4580 1300 4645 provocavit
1319 4582 1347 4629 ad
1365 4582 1435 4631 Orat.
1454 4582 1514 4631 lllll
1529 4583 1588 4644 §bl
1607 4585 1639 4631 st
1656 4582 1718 4630 idem

521 4663 589 4722 illio,
608 4667 741 4712 nostratem
760 4662 811 4711 Vsu
828 4664 873 4712 den
891 4663 922 4712 lle
939 4667 1046 4720 secutus,
1063 4662 1160 4711 scribit:
1178 4661 1191 4710 θ
1206 4660 1232 4710 δὲ
1246 4661 1330 4724 ’ίτερος
1344 4664 1450 4726 (Agorati
1467 4664 1551 4723 irater)
1567 4662 1601 4720 είς
1611 4663 1720 4723 Κόρινθον

522 4745 570 4805 μὶν
593 4742 718 4792 ἐντευθενί
735 4742 888 4805 θνδρθπνδσν
905 4741 1039 4809 ίξνίγοιγεν,
1056 4740 1144 4794 inritae
1163 4742 1189 4792 δδ
1207 4742 1384 4801 παιδίσκην
1401 4739 1439 4793 ab
1450 4743 1495 4801 θος
1513 4742 1634 4808 ἐξάγων
1652 4744 1720 4792 eini-

522 4840 651 4874 σκντσω
