<?xml version="1.0" encoding="UTF-8"?>
<!DOCTYPE html PUBLIC "-//W3C//DTD XHTML 1.0 Transitional//EN"
    "http://www.w3.org/TR/xhtml1/DTD/xhtml1-transitional.dtd">
<html xmlns="http://www.w3.org/1999/xhtml" xml:lang="en" lang="en">
 <head>
  <title>
</title>
<meta http-equiv="Content-Type" content="text/html;charset=utf-8" />
  <meta name='ocr-system' content='tesseract 3.04.00' />
  <meta name='ocr-capabilities' content='ocr_page ocr_carea ocr_par ocr_line ocrx_word'/>
</head>
<body>
  <div class='ocr_page' id='page_1' title='image "./mnemosyne07verdgoog_0439.png"; bbox 0 0 4525 5950; ppageno 0'>
   <div class='ocr_carea' id='block_1_1' title="bbox 916 706 1629 773">
    <p class='ocr_par' dir='ltr' id='par_1_1' title="bbox 916 706 1629 773">
     <span class='ocr_line' id='line_1_1' title="bbox 916 706 1629 773; baseline 0.001 -2"><span class='ocrx_word' id='word_1_1' title='bbox 916 723 1154 773; x_wconf 82' lang='lat' dir='ltr'><strong>nnuosrnnsns.</strong></span> <span class='ocrx_word' id='word_1_2' title='bbox 1564 706 1629 772; x_wconf 82' lang='lat'><strong>419</strong></span> 
     </span>
    </p>
   </div>
   <div class='ocr_carea' id='block_1_2' title="bbox 432 890 1631 977">
    <p class='ocr_par' dir='ltr' id='par_1_2' title="bbox 432 890 1631 977">
     <span class='ocr_line' id='line_1_2' title="bbox 432 890 1631 977; baseline -0.003 -18"><span class='ocrx_word' id='word_1_3' title='bbox 432 893 553 959; x_wconf 85' lang='lat' dir='ltr'><strong>ductus</strong></span> <span class='ocrx_word' id='word_1_4' title='bbox 576 894 668 957; x_wconf 85' lang='lat' dir='ltr'><strong>anxie</strong></span> <span class='ocrx_word' id='word_1_5' title='bbox 691 890 829 956; x_wconf 87' lang='lat' dir='ltr'><strong>rimandi</strong></span> <span class='ocrx_word' id='word_1_6' title='bbox 852 897 926 956; x_wconf 87' lang='lat' dir='ltr'><strong>sunt</strong></span> <span class='ocrx_word' id='word_1_7' title='bbox 949 894 1035 958; x_wconf 86' lang='lat' dir='ltr'><strong>etin</strong></span> <span class='ocrx_word' id='word_1_8' title='bbox 1055 890 1259 956; x_wconf 81' lang='lat' dir='ltr'><strong>describendo</strong></span> <span class='ocrx_word' id='word_1_9' title='bbox 1279 891 1520 957; x_wconf 89' lang='lat' dir='ltr'><strong>hauditararo</strong></span> <span class='ocrx_word' id='word_1_10' title='bbox 1542 891 1631 977; x_wconf 91' lang='lat' dir='ltr'><strong>quid·</strong></span> 
     </span>
    </p>
   </div>
   <div class='ocr_carea' id='block_1_3' title="bbox 432 996 1629 1192">
    <p class='ocr_par' dir='ltr' id='par_1_3' title="bbox 432 996 1629 1192">
     <span class='ocr_line' id='line_1_3' title="bbox 432 996 1629 1085; baseline -0.002 -20"><span class='ocrx_word' id='word_1_11' title='bbox 432 1002 487 1066; x_wconf 85' lang='lat' dir='ltr'><strong>ris</strong></span> <span class='ocrx_word' id='word_1_12' title='bbox 518 1002 669 1085; x_wconf 90' lang='lat' dir='ltr'><strong>ponimus</strong></span> <span class='ocrx_word' id='word_1_13' title='bbox 700 1019 756 1085; x_wconf 93' lang='lat' dir='ltr'><strong>pro</strong></span> <span class='ocrx_word' id='word_1_14' title='bbox 787 999 911 1084; x_wconf 81' lang='lat' dir='ltr'><strong>quovis.</strong></span> <span class='ocrx_word' id='word_1_15' title='bbox 934 996 1092 1082; x_wconf 85' lang='lat' dir='ltr'><strong>llxempla</strong></span> <span class='ocrx_word' id='word_1_16' title='bbox 1116 997 1273 1083; x_wconf 75' lang='lat' dir='ltr'><strong>quaedam</strong></span> <span class='ocrx_word' id='word_1_17' title='bbox 1297 996 1371 1062; x_wconf 94' lang='lat' dir='ltr'><strong>dedi</strong></span> <span class='ocrx_word' id='word_1_18' title='bbox 1392 1000 1427 1062; x_wconf 94' lang='lat' dir='ltr'><strong>in</strong></span> <span class='ocrx_word' id='word_1_19' title='bbox 1450 997 1629 1063; x_wconf 89' lang='lat' dir='ltr'><strong>adnotatio·</strong></span> 
     </span>
     <span class='ocr_line' id='line_1_4' title="bbox 433 1101 1336 1192; baseline -0.003 -21"><span class='ocrx_word' id='word_1_20' title='bbox 433 1107 533 1171; x_wconf 91' lang='lat' dir='ltr'><strong>nibus</strong></span> <span class='ocrx_word' id='word_1_21' title='bbox 557 1106 596 1170; x_wconf 92' lang='lat' dir='ltr'><strong>ad</strong></span> <span class='ocrx_word' id='word_1_22' title='bbox 620 1105 726 1192; x_wconf 79' lang='lat' dir='ltr'><strong>Longi</strong></span> <span class='ocrx_word' id='word_1_23' title='bbox 748 1103 926 1170; x_wconf 85' lang='lat' dir='ltr'><strong>Pastoralio</strong></span> <span class='ocrx_word' id='word_1_24' title='bbox 952 1105 1062 1169; x_wconf 70' lang='lat' dir='ltr'><strong>Moeno.</strong></span> <span class='ocrx_word' id='word_1_25' title='bbox 1089 1101 1177 1170; x_wconf 84' lang='grc'><strong>1877</strong></span> <span class='ocrx_word' id='word_1_26' title='bbox 1202 1125 1233 1190; x_wconf 87' lang='lat' dir='ltr'><strong>p.</strong></span> <span class='ocrx_word' id='word_1_27' title='bbox 1258 1103 1336 1169; x_wconf 76' lang='lat'><strong>215.</strong></span> 
     </span>
    </p>
   </div>
   <div class='ocr_carea' id='block_1_4' title="bbox 429 1320 1631 2691">
    <p class='ocr_par' dir='ltr' id='par_1_4' title="bbox 429 1320 1631 2691">
     <span class='ocr_line' id='line_1_5' title="bbox 482 1320 1629 1412; baseline -0.003 -22"><span class='ocrx_word' id='word_1_28' title='bbox 482 1328 501 1412; x_wconf 63' lang='grc' dir='ltr'>ξ</span> <span class='ocrx_word' id='word_1_29' title='bbox 523 1324 587 1390; x_wconf 87' lang='grc'><strong>133</strong></span> <span class='ocrx_word' id='word_1_30' title='bbox 610 1348 641 1410; x_wconf 90' lang='lat' dir='ltr'><strong>p.</strong></span> <span class='ocrx_word' id='word_1_31' title='bbox 667 1322 750 1390; x_wconf 82' lang='lat'><strong>558:</strong></span> <span class='ocrx_word' id='word_1_32' title='bbox 783 1325 833 1390; x_wconf 87' lang='grc' dir='ltr'><strong>τδι</strong></span> <span class='ocrx_word' id='word_1_33' title='bbox 857 1320 978 1402; x_wconf 84' lang='grc' dir='ltr'><strong><em>ίὺρακα</em></strong></span> <span class='ocrx_word' id='word_1_34' title='bbox 1003 1323 1035 1387; x_wconf 72' lang='grc' dir='ltr'><strong>δὲ</strong></span> <span class='ocrx_word' id='word_1_35' title='bbox 1060 1322 1306 1388; x_wconf 73' lang='grc' dir='ltr'><strong><em>οὐδεπώποτ’</em></strong></span> <span class='ocrx_word' id='word_1_36' title='bbox 1332 1321 1434 1400; x_wconf 80' lang='grc' dir='ltr'><strong><em>ἐνδύς,</em></strong></span> <span class='ocrx_word' id='word_1_37' title='bbox 1458 1323 1508 1386; x_wconf 69' lang='grc' dir='ltr'><strong><em>ἐπ’</em></strong></span> <span class='ocrx_word' id='word_1_38' title='bbox 1533 1323 1629 1401; x_wconf 68' lang='lat' dir='ltr'><strong>erpt-</strong></span> 
     </span>
     <span class='ocr_line' id='line_1_6' title="bbox 435 1429 1628 1513; baseline -0.003 -17"><span class='ocrx_word' id='word_1_39' title='bbox 435 1433 498 1510; x_wconf 78' lang='grc' dir='ltr'><strong><em>βκς</em></strong></span> <span class='ocrx_word' id='word_1_40' title='bbox 520 1433 546 1496; x_wconf 83' lang='grc' dir='ltr'><strong>δ’</strong></span> <span class='ocrx_word' id='word_1_41' title='bbox 564 1433 730 1513; x_wconf 74' lang='grc' dir='ltr'><strong><em>ὀχούμενος</em></strong></span> <span class='ocrx_word' id='word_1_42' title='bbox 750 1433 888 1510; x_wconf 72' lang='grc' dir='ltr'><strong><em>ἀργυροῖς</em></strong></span> <span class='ocrx_word' id='word_1_43' title='bbox 907 1438 962 1504; x_wconf 76' lang='grc' dir='ltr'><strong><em>τῆς</em></strong></span> <span class='ocrx_word' id='word_1_44' title='bbox 983 1430 1015 1505; x_wconf 80' lang='grc' dir='ltr'><strong>ἐξ</strong></span> <span class='ocrx_word' id='word_1_45' title='bbox 1036 1430 1185 1508; x_wconf 77' lang='grc' dir='ltr'><strong><em>Εὐβοίας,</em></strong></span> <span class='ocrx_word' id='word_1_46' title='bbox 1204 1429 1359 1509; x_wconf 80' lang='grc' dir='ltr'><strong><em>χλανίδας</em></strong></span> <span class='ocrx_word' id='word_1_47' title='bbox 1379 1431 1411 1494; x_wconf 71' lang='grc' dir='ltr'><strong>δὲ</strong></span> <span class='ocrx_word' id='word_1_48' title='bbox 1431 1429 1482 1493; x_wconf 87' lang='grc' dir='ltr'><strong>κα1</strong></span> <span class='ocrx_word' id='word_1_49' title='bbox 1504 1429 1628 1507; x_wconf 82' lang='grc' dir='ltr'><strong><em>κυμβία</em></strong></span> 
     </span>
     <span class='ocr_line' id='line_1_7' title="bbox 436 1535 1626 1622; baseline -0.005 -18"><span class='ocrx_word' id='word_1_50' title='bbox 436 1540 492 1606; x_wconf 76' lang='grc' dir='ltr'><strong>καί</strong></span> <span class='ocrx_word' id='word_1_51' title='bbox 512 1537 622 1610; x_wconf 85' lang='grc' dir='ltr'><strong><em>κοίδοος</em></strong></span> <span class='ocrx_word' id='word_1_52' title='bbox 642 1538 731 1617; x_wconf 81' lang='grc' dir='ltr'><strong><em>ἔχων.</em></strong></span> <span class='ocrx_word' id='word_1_53' title='bbox 756 1537 884 1602; x_wconf 80' lang='lat' dir='ltr'>Dixeris</span> <span class='ocrx_word' id='word_1_54' title='bbox 906 1539 1160 1622; x_wconf 81' lang='lat' dir='ltr'><strong>uniuscuiusque</strong></span> <span class='ocrx_word' id='word_1_55' title='bbox 1178 1557 1246 1601; x_wconf 87' lang='lat' dir='ltr'><strong>esse</strong></span> <span class='ocrx_word' id='word_1_56' title='bbox 1265 1537 1424 1621; x_wconf 80' lang='lat' dir='ltr'><strong>corrigere</strong></span> <span class='ocrx_word' id='word_1_57' title='bbox 1444 1535 1494 1599; x_wconf 80' lang='grc' dir='ltr'><strong>τίν</strong></span> <span class='ocrx_word' id='word_1_58' title='bbox 1506 1535 1626 1611; x_wconf 79' lang='grc' dir='ltr'><strong><em>θώρακα</em></strong></span> 
     </span>
     <span class='ocr_line' id='line_1_8' title="bbox 434 1641 1626 1713; baseline -0.004 -1"><span class='ocrx_word' id='word_1_59' title='bbox 434 1648 462 1712; x_wconf 84' lang='grc' dir='ltr'><strong>δ’</strong></span> <span class='ocrx_word' id='word_1_60' title='bbox 500 1644 587 1710; x_wconf 73' lang='grc' dir='ltr'><strong><em>οὐδὲ</em></strong></span> <span class='ocrx_word' id='word_1_61' title='bbox 623 1643 716 1709; x_wconf 84' lang='grc' dir='ltr'><strong><em>τίτε</em></strong></span> <span class='ocrx_word' id='word_1_62' title='bbox 751 1643 834 1713; x_wconf 75' lang='grc' dir='ltr'><strong><em>ἐνδύς</em></strong></span> <span class='ocrx_word' id='word_1_63' title='bbox 870 1648 903 1708; x_wconf 87' lang='lat' dir='ltr'><strong>et</strong></span> <span class='ocrx_word' id='word_1_64' title='bbox 937 1664 954 1708; x_wconf 89' lang='lat' dir='ltr'><strong>e</strong></span> <span class='ocrx_word' id='word_1_65' title='bbox 988 1649 1079 1708; x_wconf 82' lang='lat' dir='ltr'><strong>textu</strong></span> <span class='ocrx_word' id='word_1_66' title='bbox 1113 1641 1279 1709; x_wconf 90' lang='lat' dir='ltr'><strong>eliminare</strong></span> <span class='ocrx_word' id='word_1_67' title='bbox 1311 1641 1626 1708; x_wconf 82' lang='lat' dir='ltr'><strong>adnotatiunculam:</strong></span> 
     </span>
     <span class='ocr_line' id='line_1_9' title="bbox 429 1749 1629 1832; baseline -0.003 -14"><span class='ocrx_word' id='word_1_68' title='bbox 429 1751 595 1832; x_wconf 71' lang='grc' dir='ltr'><strong><em>Ἀργουριί</em></strong></span> <span class='ocrx_word' id='word_1_69' title='bbox 626 1752 670 1819; x_wconf 83' lang='grc' dir='ltr'><strong><em>ε’ςι</em></strong></span> <span class='ocrx_word' id='word_1_70' title='bbox 695 1757 750 1823; x_wconf 80' lang='grc' dir='ltr'><strong><em>τῆς</em></strong></span> <span class='ocrx_word' id='word_1_71' title='bbox 774 1749 931 1827; x_wconf 80' lang='grc' dir='ltr'><strong><em>Εὖβοίας,</em></strong></span> <span class='ocrx_word' id='word_1_72' title='bbox 956 1769 1030 1814; x_wconf 91' lang='lat' dir='ltr'><strong>nam</strong></span> <span class='ocrx_word' id='word_1_73' title='bbox 1055 1752 1124 1815; x_wconf 90' lang='lat' dir='ltr'><strong>eins</strong></span> <span class='ocrx_word' id='word_1_74' title='bbox 1148 1751 1240 1815; x_wconf 91' lang='lat' dir='ltr'><strong>urbis</strong></span> <span class='ocrx_word' id='word_1_75' title='bbox 1264 1750 1328 1814; x_wconf 91' lang='lat' dir='ltr'><strong>fuit</strong></span> <span class='ocrx_word' id='word_1_76' title='bbox 1348 1752 1383 1814; x_wconf 92' lang='lat' dir='ltr'><strong>in</strong></span> <span class='ocrx_word' id='word_1_77' title='bbox 1406 1750 1465 1815; x_wconf 86' lang='lat' dir='ltr'><strong>hae</strong></span> <span class='ocrx_word' id='word_1_78' title='bbox 1488 1752 1629 1816; x_wconf 91' lang='lat' dir='ltr'><strong>oratione</strong></span> 
     </span>
     <span class='ocr_line' id='line_1_10' title="bbox 434 1854 1631 1945; baseline -0.004 -20"><span class='ocrx_word' id='word_1_79' title='bbox 434 1858 607 1945; x_wconf 88' lang='lat' dir='ltr'><strong>aliquando</strong></span> <span class='ocrx_word' id='word_1_80' title='bbox 638 1857 722 1923; x_wconf 83' lang='lat' dir='ltr'><strong>saeta</strong></span> <span class='ocrx_word' id='word_1_81' title='bbox 753 1858 886 1922; x_wconf 88' lang='lat' dir='ltr'><strong>mentio.</strong></span> <span class='ocrx_word' id='word_1_82' title='bbox 921 1855 1011 1936; x_wconf 82' lang='lat' dir='ltr'><strong>Quod</strong></span> <span class='ocrx_word' id='word_1_83' title='bbox 1040 1858 1329 1943; x_wconf 79' lang='lat' dir='ltr'><strong>grammaticorum</strong></span> <span class='ocrx_word' id='word_1_84' title='bbox 1360 1855 1421 1921; x_wconf 89' lang='lat' dir='ltr'><strong>looi</strong></span> <span class='ocrx_word' id='word_1_85' title='bbox 1452 1854 1631 1932; x_wconf 84' lang='lat' dir='ltr'><strong>declarant,</strong></span> 
     </span>
     <span class='ocr_line' id='line_1_11' title="bbox 435 1960 1631 2051; baseline -0.003 -20"><span class='ocrx_word' id='word_1_86' title='bbox 435 1967 703 2051; x_wconf 88' lang='lat' dir='ltr'><strong>antiquissimum</strong></span> <span class='ocrx_word' id='word_1_87' title='bbox 727 1965 847 2028; x_wconf 85' lang='lat' dir='ltr'><strong>vitium</strong></span> <span class='ocrx_word' id='word_1_88' title='bbox 867 1967 932 2041; x_wconf 89' lang='lat' dir='ltr'><strong>sat;</strong></span> <span class='ocrx_word' id='word_1_89' title='bbox 955 1962 1010 2028; x_wconf 91' lang='lat' dir='ltr'><strong>sed</strong></span> <span class='ocrx_word' id='word_1_90' title='bbox 1028 1963 1089 2027; x_wconf 90' lang='lat' dir='ltr'><strong>hoo</strong></span> <span class='ocrx_word' id='word_1_91' title='bbox 1108 1965 1217 2047; x_wconf 90' lang='lat' dir='ltr'><strong>ipsum</strong></span> <span class='ocrx_word' id='word_1_92' title='bbox 1236 1964 1363 2027; x_wconf 90' lang='lat' dir='ltr'><strong>oritioos</strong></span> <span class='ocrx_word' id='word_1_93' title='bbox 1382 1960 1461 2027; x_wconf 92' lang='lat' dir='ltr'><strong>olim</strong></span> <span class='ocrx_word' id='word_1_94' title='bbox 1481 1965 1631 2040; x_wconf 79' lang='lat' dir='ltr'><strong>retinuit,</strong></span> 
     </span>
     <span class='ocr_line' id='line_1_12' title="bbox 435 2066 1631 2160; baseline -0.003 -23"><span class='ocrx_word' id='word_1_95' title='bbox 435 2075 613 2160; x_wconf 78' lang='lat' dir='ltr'><strong>quominus</strong></span> <span class='ocrx_word' id='word_1_96' title='bbox 636 2077 813 2136; x_wconf 82' lang='lat' dir='ltr'><strong>resecarent</strong></span> <span class='ocrx_word' id='word_1_97' title='bbox 835 2069 920 2156; x_wconf 92' lang='lat' dir='ltr'><strong>quod</strong></span> <span class='ocrx_word' id='word_1_98' title='bbox 943 2068 1100 2156; x_wconf 81' lang='lat' dir='ltr'><strong>Ulpianus</strong></span> <span class='ocrx_word' id='word_1_99' title='bbox 1122 2075 1155 2134; x_wconf 87' lang='lat' dir='ltr'><strong>et</strong></span> <span class='ocrx_word' id='word_1_100' title='bbox 1179 2066 1346 2134; x_wconf 90' lang='lat' dir='ltr'><strong>Helladins</strong></span> <span class='ocrx_word' id='word_1_101' title='bbox 1369 2068 1454 2154; x_wconf 91' lang='lat' dir='ltr'><strong>apud</strong></span> <span class='ocrx_word' id='word_1_102' title='bbox 1477 2070 1631 2134; x_wconf 89' lang='lat' dir='ltr'><strong>Photium</strong></span> 
     </span>
     <span class='ocr_line' id='line_1_13' title="bbox 433 2175 1631 2265; baseline -0.003 -21"><span class='ocrx_word' id='word_1_103' title='bbox 433 2182 505 2245; x_wconf 90' lang='lat' dir='ltr'><strong>iam</strong></span> <span class='ocrx_word' id='word_1_104' title='bbox 531 2177 695 2265; x_wconf 75' lang='lat' dir='ltr'><strong>legissent.</strong></span> <span class='ocrx_word' id='word_1_105' title='bbox 727 2176 812 2258; x_wconf 77' lang='lat' dir='ltr'><strong>Quid</strong></span> <span class='ocrx_word' id='word_1_106' title='bbox 835 2183 944 2243; x_wconf 88' lang='lat' dir='ltr'><strong>autem</strong></span> <span class='ocrx_word' id='word_1_107' title='bbox 968 2176 1086 2242; x_wconf 84' lang='lat' dir='ltr'><strong>iaoient</strong></span> <span class='ocrx_word' id='word_1_108' title='bbox 1108 2175 1368 2263; x_wconf 87' lang='lat' dir='ltr'><strong>Harpoorationis</strong></span> <span class='ocrx_word' id='word_1_109' title='bbox 1390 2177 1574 2241; x_wconf 87' lang='lat' dir='ltr'><strong>testimonio</strong></span> <span class='ocrx_word' id='word_1_110' title='bbox 1599 2198 1631 2242; x_wconf 80' lang='lat' dir='ltr'><strong>v.</strong></span> 
     </span>
     <span class='ocr_line' id='line_1_14' title="bbox 437 2280 1631 2365; baseline -0.002 -16"><span class='ocrx_word' id='word_1_111' title='bbox 437 2284 586 2365; x_wconf 71' lang='grc' dir='ltr'><strong><em>ἀπριὶβκ·</em></strong></span> <span class='ocrx_word' id='word_1_112' title='bbox 619 2285 636 2356; x_wconf 72' lang='lat' dir='ltr'><strong>si</strong></span> <span class='ocrx_word' id='word_1_113' title='bbox 669 2284 797 2360; x_wconf 73' lang='grc' dir='ltr'><strong><em>ἡμίονος.</em></strong></span> <span class='ocrx_word' id='word_1_114' title='bbox 833 2284 1027 2362; x_wconf 76' lang='grc' dir='ltr'><strong><em>Δημοσίίνιρς</em></strong></span> <span class='ocrx_word' id='word_1_115' title='bbox 1060 2282 1089 2345; x_wconf 73' lang='grc' dir='ltr'><strong>ἕν</strong></span> <span class='ocrx_word' id='word_1_116' title='bbox 1117 2284 1159 2362; x_wconf 79' lang='grc' dir='ltr'><strong>τῷ</strong></span> <span class='ocrx_word' id='word_1_117' title='bbox 1185 2282 1270 2346; x_wconf 71' lang='grc' dir='ltr'><strong><em>κατὰ</em></strong></span> <span class='ocrx_word' id='word_1_118' title='bbox 1293 2280 1429 2348; x_wconf 78' lang='grc' dir='ltr'><strong><em>Μειδίου.</em></strong></span> <span class='ocrx_word' id='word_1_119' title='bbox 1454 2282 1575 2359; x_wconf 72' lang='grc' dir='ltr'><strong><em>μήποτε</em></strong></span> <span class='ocrx_word' id='word_1_120' title='bbox 1599 2282 1631 2348; x_wconf 73' lang='grc' dir='ltr'><strong>δὲ</strong></span> 
     </span>
     <span class='ocr_line' id='line_1_15' title="bbox 438 2385 1629 2469; baseline -0.001 -13"><span class='ocrx_word' id='word_1_121' title='bbox 438 2392 494 2456; x_wconf 82' lang='grc' dir='ltr'><strong>καί</strong></span> <span class='ocrx_word' id='word_1_122' title='bbox 519 2396 583 2456; x_wconf 80' lang='grc' dir='ltr'><strong><em>πῖον</em></strong></span> <span class='ocrx_word' id='word_1_123' title='bbox 607 2387 779 2469; x_wconf 76' lang='grc' dir='ltr'><strong><em>ὑποζύγιον,</em></strong></span> <span class='ocrx_word' id='word_1_124' title='bbox 803 2391 855 2469; x_wconf 81' lang='grc' dir='ltr'><strong>ἐφ’</strong></span> <span class='ocrx_word' id='word_1_125' title='bbox 880 2386 913 2455; x_wconf 93' lang='grc' dir='ltr'><strong>οὑ</strong></span> <span class='ocrx_word' id='word_1_126' title='bbox 938 2388 1083 2467; x_wconf 82' lang='grc' dir='ltr'><strong><em>ὑνίρυποι</em></strong></span> <span class='ocrx_word' id='word_1_127' title='bbox 1107 2391 1252 2468; x_wconf 79' lang='grc' dir='ltr'><strong><em>ὀχοῦνται</em></strong></span> <span class='ocrx_word' id='word_1_128' title='bbox 1277 2385 1369 2458; x_wconf 84' lang='grc' dir='ltr'><strong><em>οὑτυς</em></strong></span> <span class='ocrx_word' id='word_1_129' title='bbox 1391 2389 1542 2454; x_wconf 77' lang='grc' dir='ltr'><strong><em>ἐκαλεῖτο.</em></strong></span> <span class='ocrx_word' id='word_1_130' title='bbox 1566 2389 1629 2455; x_wconf 83' lang='lat' dir='ltr'><strong>Hic</strong></span> 
     </span>
     <span class='ocr_line' id='line_1_16' title="bbox 437 2495 1626 2582; baseline -0.005 -16"><span class='ocrx_word' id='word_1_131' title='bbox 437 2504 526 2566; x_wconf 81' lang='lat' dir='ltr'><strong>certe</strong></span> <span class='ocrx_word' id='word_1_132' title='bbox 548 2501 583 2563; x_wconf 91' lang='lat' dir='ltr'><strong>in</strong></span> <span class='ocrx_word' id='word_1_133' title='bbox 606 2497 713 2564; x_wconf 90' lang='lat' dir='ltr'><strong>oodioe</strong></span> <span class='ocrx_word' id='word_1_134' title='bbox 733 2518 790 2562; x_wconf 89' lang='lat' dir='ltr'><strong>sno</strong></span> <span class='ocrx_word' id='word_1_135' title='bbox 808 2495 889 2561; x_wconf 90' lang='lat' dir='ltr'><strong>nihil</strong></span> <span class='ocrx_word' id='word_1_136' title='bbox 907 2498 1032 2561; x_wconf 84' lang='lat' dir='ltr'><strong>invenit</strong></span> <span class='ocrx_word' id='word_1_137' title='bbox 1052 2495 1091 2561; x_wconf 88' lang='lat' dir='ltr'><strong>de</strong></span> <span class='ocrx_word' id='word_1_138' title='bbox 1108 2499 1254 2561; x_wconf 84' lang='lat' dir='ltr'><strong>iumento</strong></span> <span class='ocrx_word' id='word_1_139' title='bbox 1274 2500 1443 2581; x_wconf 82' lang='lat' dir='ltr'><strong>argenteo,</strong></span> <span class='ocrx_word' id='word_1_140' title='bbox 1464 2517 1525 2582; x_wconf 90' lang='lat' dir='ltr'><strong>quo</strong></span> <span class='ocrx_word' id='word_1_141' title='bbox 1545 2495 1626 2561; x_wconf 90' lang='lat' dir='ltr'><strong>nihil</strong></span> 
     </span>
     <span class='ocr_line' id='line_1_17' title="bbox 435 2602 1493 2691; baseline -0.004 -19"><span class='ocrx_word' id='word_1_142' title='bbox 435 2605 610 2672; x_wconf 86' lang='lat' dir='ltr'><strong>absurdius</strong></span> <span class='ocrx_word' id='word_1_143' title='bbox 634 2605 769 2691; x_wconf 79' lang='lat' dir='ltr'><strong>eogitari</strong></span> <span class='ocrx_word' id='word_1_144' title='bbox 792 2607 913 2689; x_wconf 86' lang='lat' dir='ltr'><strong>potest;</strong></span> <span class='ocrx_word' id='word_1_145' title='bbox 939 2602 993 2669; x_wconf 89' lang='lat' dir='ltr'><strong>sed</strong></span> <span class='ocrx_word' id='word_1_146' title='bbox 1016 2623 1110 2688; x_wconf 87' lang='lat' dir='ltr'><strong>parco</strong></span> <span class='ocrx_word' id='word_1_147' title='bbox 1134 2603 1239 2668; x_wconf 89' lang='lat' dir='ltr'><strong>verbis</strong></span> <span class='ocrx_word' id='word_1_148' title='bbox 1261 2604 1295 2666; x_wconf 93' lang='lat' dir='ltr'><strong>in</strong></span> <span class='ocrx_word' id='word_1_149' title='bbox 1317 2623 1351 2667; x_wconf 89' lang='lat' dir='ltr'><strong>re</strong></span> <span class='ocrx_word' id='word_1_150' title='bbox 1374 2609 1493 2689; x_wconf 89' lang='lat' dir='ltr'><strong>aperta.</strong></span> 
     </span>
    </p>
   </div>
   <div class='ocr_carea' id='block_1_5' title="bbox 437 2804 1628 3001">
    <p class='ocr_par' dir='ltr' id='par_1_5' title="bbox 437 2804 1628 3001">
     <span class='ocr_line' id='line_1_18' title="bbox 483 2804 1628 2894; baseline 0.002 -23"><span class='ocrx_word' id='word_1_151' title='bbox 483 2810 502 2894; x_wconf 57' lang='grc' dir='ltr'>ᾗ</span> <span class='ocrx_word' id='word_1_152' title='bbox 524 2807 588 2873; x_wconf 88' lang='grc'><strong>139</strong></span> <span class='ocrx_word' id='word_1_153' title='bbox 612 2828 644 2893; x_wconf 91' lang='lat' dir='ltr'><strong>p.</strong></span> <span class='ocrx_word' id='word_1_154' title='bbox 670 2806 751 2872; x_wconf 86' lang='lat'>560:</span> <span class='ocrx_word' id='word_1_155' title='bbox 777 2804 865 2871; x_wconf 88' lang='grc' dir='ltr'><strong><em>δεινοί</em></strong></span> <span class='ocrx_word' id='word_1_156' title='bbox 887 2805 966 2878; x_wconf 79' lang='grc' dir='ltr'><strong><em>τινίς</em></strong></span> <span class='ocrx_word' id='word_1_157' title='bbox 991 2806 1066 2870; x_wconf 88' lang='grc' dir='ltr'><strong><em>είσιν</em></strong></span> <span class='ocrx_word' id='word_1_158' title='bbox 1089 2805 1263 2885; x_wconf 72' lang='grc' dir='ltr'><strong><em>φθείρεσθαι</em></strong></span> <span class='ocrx_word' id='word_1_159' title='bbox 1285 2805 1356 2885; x_wconf 82' lang='grc' dir='ltr'><strong><em>πρδς</em></strong></span> <span class='ocrx_word' id='word_1_160' title='bbox 1377 2805 1447 2880; x_wconf 84' lang='grc' dir='ltr'><strong><em>τοὺς</em></strong></span> <span class='ocrx_word' id='word_1_161' title='bbox 1469 2807 1628 2880; x_wconf 75' lang='grc' dir='ltr'><strong><em>πλουσίους</em></strong></span> 
     </span>
     <span class='ocr_line' id='line_1_19' title="bbox 437 2912 1538 3001; baseline 0 -20"><span class='ocrx_word' id='word_1_162' title='bbox 437 2915 524 3000; x_wconf 77' lang='grc' dir='ltr'><strong><em>[καὶ</em></strong></span> <span class='ocrx_word' id='word_1_163' title='bbox 549 2917 755 2998; x_wconf 83' lang='grc' dir='ltr'><strong><em>παρεῖναι]</em></strong></span> <span class='ocrx_word' id='word_1_164' title='bbox 778 2914 829 2980; x_wconf 84' lang='grc' dir='ltr'><strong>κα1</strong></span> <span class='ocrx_word' id='word_1_165' title='bbox 853 2920 1028 2995; x_wconf 75' lang='grc' dir='ltr'><strong><em>μαρτυρεῖν.</em></strong></span> <span class='ocrx_word' id='word_1_166' title='bbox 1053 2912 1227 2979; x_wconf 85' lang='lat' dir='ltr'><strong>Manifesta</strong></span> <span class='ocrx_word' id='word_1_167' title='bbox 1251 2912 1456 3001; x_wconf 86' lang='lat' dir='ltr'><strong>interpolatio</strong></span> <span class='ocrx_word' id='word_1_168' title='bbox 1480 2921 1538 2981; x_wconf 88' lang='lat' dir='ltr'><strong>est.</strong></span> 
     </span>
    </p>
   </div>
   <div class='ocr_carea' id='block_1_6' title="bbox 431 3131 1628 4922">
    <p class='ocr_par' dir='ltr' id='par_1_6' title="bbox 431 3131 1628 4922">
     <span class='ocr_line' id='line_1_20' title="bbox 480 3131 1628 3221; baseline 0.002 -21"><span class='ocrx_word' id='word_1_169' title='bbox 480 3134 585 3220; x_wconf 78' lang='lat'>§143</span> <span class='ocrx_word' id='word_1_170' title='bbox 616 3159 647 3221; x_wconf 91' lang='lat' dir='ltr'><strong>p.</strong></span> <span class='ocrx_word' id='word_1_171' title='bbox 680 3134 763 3200; x_wconf 84' lang='lat'><strong>561:</strong></span> <span class='ocrx_word' id='word_1_172' title='bbox 800 3134 883 3199; x_wconf 74' lang='grc' dir='ltr'><strong><em>οὑδδν</em></strong></span> <span class='ocrx_word' id='word_1_173' title='bbox 915 3133 978 3199; x_wconf 80' lang='grc' dir='ltr'><strong><em>οὔτ’</em></strong></span> <span class='ocrx_word' id='word_1_174' title='bbox 1010 3134 1072 3202; x_wconf 76' lang='grc' dir='ltr'><strong><em>ἕσιν</em></strong></span> <span class='ocrx_word' id='word_1_175' title='bbox 1102 3134 1166 3200; x_wconf 77' lang='grc' dir='ltr'><strong><em>οὔτ’</em></strong></span> <span class='ocrx_word' id='word_1_176' title='bbox 1200 3131 1268 3203; x_wconf 69' lang='grc' dir='ltr'><strong><em>ἔται</em></strong></span> <span class='ocrx_word' id='word_1_177' title='bbox 1300 3131 1318 3199; x_wconf 88' lang='grc' dir='ltr'><strong><em>ί</em></strong></span> <span class='ocrx_word' id='word_1_178' title='bbox 1346 3160 1375 3198; x_wconf 95' lang='grc' dir='ltr'><strong>τι</strong></span> <span class='ocrx_word' id='word_1_179' title='bbox 1408 3143 1471 3207; x_wconf 89' lang='grc' dir='ltr'><strong><em>τοῖς</em></strong></span> <span class='ocrx_word' id='word_1_180' title='bbox 1503 3144 1628 3210; x_wconf 76' lang='grc' dir='ltr'><strong><em>πολλοῖς</em></strong></span> 
     </span>
     <span class='ocr_line' id='line_1_21' title="bbox 436 3239 1628 3322; baseline 0.003 -16"><span class='ocrx_word' id='word_1_181' title='bbox 436 3243 544 3315; x_wconf 80' lang='grc' dir='ltr'><strong><em>ὑμῶν</em></strong></span> <span class='ocrx_word' id='word_1_182' title='bbox 575 3240 613 3306; x_wconf 73' lang='grc' dir='ltr'><strong>δν</strong></span> <span class='ocrx_word' id='word_1_183' title='bbox 644 3239 730 3319; x_wconf 81' lang='grc' dir='ltr'><strong><em>ὕβρις</em></strong></span> <span class='ocrx_word' id='word_1_184' title='bbox 762 3250 857 3322; x_wconf 74' lang='grc' dir='ltr'><strong><em>προσῇ</em></strong></span> <span class='ocrx_word' id='word_1_185' title='bbox 890 3241 1032 3320; x_wconf 85' lang='grc' dir='ltr'><strong><em>προσιίκει</em></strong></span> <span class='ocrx_word' id='word_1_186' title='bbox 1062 3240 1176 3322; x_wconf 78' lang='grc' dir='ltr'><strong><em>Φίρειν.</em></strong></span> <span class='ocrx_word' id='word_1_187' title='bbox 1209 3240 1346 3307; x_wconf 91' lang='lat' dir='ltr'><strong>Omnino</strong></span> <span class='ocrx_word' id='word_1_188' title='bbox 1378 3248 1462 3309; x_wconf 83' lang='lat' dir='ltr'><strong>recte</strong></span> <span class='ocrx_word' id='word_1_189' title='bbox 1493 3247 1628 3311; x_wconf 83' lang='lat' dir='ltr'><strong>coniecit</strong></span> 
     </span>
     <span class='ocr_line' id='line_1_22' title="bbox 435 3347 1626 3437; baseline 0.004 -24"><span class='ocrx_word' id='word_1_190' title='bbox 435 3347 613 3435; x_wconf 75' lang='lat' dir='ltr'><strong>&#39;l&#39;aylorust</strong></span> <span class='ocrx_word' id='word_1_191' title='bbox 645 3356 707 3420; x_wconf 83' lang='grc' dir='ltr'><strong><em>τοῖς</em></strong></span> <span class='ocrx_word' id='word_1_192' title='bbox 740 3355 866 3419; x_wconf 85' lang='grc' dir='ltr'><strong><em>πολλοῖς</em></strong></span> <span class='ocrx_word' id='word_1_193' title='bbox 901 3349 993 3425; x_wconf 91' lang='grc' dir='ltr'><strong><em>ὑμῖν</em></strong></span> <span class='ocrx_word' id='word_1_194' title='bbox 1024 3354 1056 3413; x_wconf 87' lang='lat' dir='ltr'><strong>et</strong></span> <span class='ocrx_word' id='word_1_195' title='bbox 1088 3369 1191 3434; x_wconf 90' lang='lat' dir='ltr'><strong>quum</strong></span> <span class='ocrx_word' id='word_1_196' title='bbox 1220 3349 1342 3415; x_wconf 81' lang='lat' dir='ltr'><strong>iudices</strong></span> <span class='ocrx_word' id='word_1_197' title='bbox 1371 3351 1437 3414; x_wconf 87' lang='lat' dir='ltr'><strong>sint</strong></span> <span class='ocrx_word' id='word_1_198' title='bbox 1467 3350 1505 3417; x_wconf 92' lang='lat' dir='ltr'><strong>de</strong></span> <span class='ocrx_word' id='word_1_199' title='bbox 1533 3351 1626 3437; x_wconf 90' lang='lat' dir='ltr'><strong>plebe</strong></span> 
     </span>
     <span class='ocr_line' id='line_1_23' title="bbox 437 3453 1626 3540; baseline 0.003 -19"><span class='ocrx_word' id='word_1_200' title='bbox 437 3457 603 3532; x_wconf 83' lang='lat' dir='ltr'><strong>homines,</strong></span> <span class='ocrx_word' id='word_1_201' title='bbox 635 3461 741 3520; x_wconf 92' lang='lat' dir='ltr'><strong>orator</strong></span> <span class='ocrx_word' id='word_1_202' title='bbox 772 3476 825 3520; x_wconf 91' lang='lat' dir='ltr'><strong>eos</strong></span> <span class='ocrx_word' id='word_1_203' title='bbox 856 3453 1045 3540; x_wconf 86' lang='lat' dir='ltr'><strong>compellat:</strong></span> <span class='ocrx_word' id='word_1_204' title='bbox 1077 3456 1160 3528; x_wconf 75' lang='grc' dir='ltr'><strong><em>ὑμᾶς</em></strong></span> <span class='ocrx_word' id='word_1_205' title='bbox 1191 3458 1261 3525; x_wconf 81' lang='grc' dir='ltr'><strong><em>τοῦς</em></strong></span> <span class='ocrx_word' id='word_1_206' title='bbox 1292 3456 1435 3526; x_wconf 85' lang='grc' dir='ltr'><strong><em>πολλοὺς.</em></strong></span> <span class='ocrx_word' id='word_1_207' title='bbox 1471 3456 1532 3523; x_wconf 79' lang='lat' dir='ltr'><strong>Sed</strong></span> <span class='ocrx_word' id='word_1_208' title='bbox 1563 3481 1626 3525; x_wconf 90' lang='lat' dir='ltr'><strong>non</strong></span> 
     </span>
     <span class='ocr_line' id='line_1_24' title="bbox 435 3560 1627 3652; baseline 0.003 -24"><span class='ocrx_word' id='word_1_209' title='bbox 435 3561 611 3628; x_wconf 90' lang='lat' dir='ltr'><strong>admodum</strong></span> <span class='ocrx_word' id='word_1_210' title='bbox 646 3560 829 3626; x_wconf 83' lang='lat' dir='ltr'><strong>mirandum</strong></span> <span class='ocrx_word' id='word_1_211' title='bbox 864 3567 913 3626; x_wconf 87' lang='lat' dir='ltr'><strong>est</strong></span> <span class='ocrx_word' id='word_1_212' title='bbox 947 3564 1146 3646; x_wconf 90' lang='lat' dir='ltr'><strong>pronominis</strong></span> <span class='ocrx_word' id='word_1_213' title='bbox 1181 3560 1357 3626; x_wconf 88' lang='lat' dir='ltr'><strong>seeundum</strong></span> <span class='ocrx_word' id='word_1_214' title='bbox 1390 3583 1500 3628; x_wconf 84' lang='lat' dir='ltr'><strong>casum</strong></span> <span class='ocrx_word' id='word_1_215' title='bbox 1535 3586 1627 3652; x_wconf 90' lang='lat' dir='ltr'><strong>saepe</strong></span> 
     </span>
     <span class='ocr_line' id='line_1_25' title="bbox 432 3666 1628 3757; baseline 0.004 -24"><span class='ocrx_word' id='word_1_216' title='bbox 432 3689 600 3754; x_wconf 89' lang='lat' dir='ltr'><strong>perperam</strong></span> <span class='ocrx_word' id='word_1_217' title='bbox 623 3668 721 3733; x_wconf 88' lang='lat' dir='ltr'><strong>foisse</strong></span> <span class='ocrx_word' id='word_1_218' title='bbox 746 3670 961 3753; x_wconf 89' lang='lat' dir='ltr'><strong>suppositum.</strong></span> <span class='ocrx_word' id='word_1_219' title='bbox 988 3666 1036 3731; x_wconf 72' lang='lat' dir='ltr'><strong>Ex</strong></span> <span class='ocrx_word' id='word_1_220' title='bbox 1057 3687 1175 3754; x_wconf 77' lang='lat' dir='ltr'><strong>magno</strong></span> <span class='ocrx_word' id='word_1_221' title='bbox 1194 3666 1338 3733; x_wconf 87' lang='lat' dir='ltr'><strong>locorum</strong></span> <span class='ocrx_word' id='word_1_222' title='bbox 1358 3690 1491 3736; x_wconf 90' lang='lat' dir='ltr'><strong>numero</strong></span> <span class='ocrx_word' id='word_1_223' title='bbox 1511 3693 1628 3757; x_wconf 84' lang='lat' dir='ltr'><strong>pancos</strong></span> 
     </span>
     <span class='ocr_line' id='line_1_26' title="bbox 431 3773 1627 3862; baseline 0.005 -23"><span class='ocrx_word' id='word_1_224' title='bbox 431 3774 588 3862; x_wconf 90' lang='lat' dir='ltr'><strong>quosdam</strong></span> <span class='ocrx_word' id='word_1_225' title='bbox 611 3774 765 3841; x_wconf 88' lang='lat' dir='ltr'><strong>delibabo.</strong></span> <span class='ocrx_word' id='word_1_226' title='bbox 790 3773 997 3839; x_wconf 81' lang='lat' dir='ltr'><strong>Nominativo</strong></span> <span class='ocrx_word' id='word_1_227' title='bbox 1022 3794 1097 3839; x_wconf 89' lang='lat' dir='ltr'><strong>oasu</strong></span> <span class='ocrx_word' id='word_1_228' title='bbox 1122 3774 1202 3839; x_wconf 88' lang='lat' dir='ltr'><strong>bene</strong></span> <span class='ocrx_word' id='word_1_229' title='bbox 1226 3775 1377 3839; x_wconf 87' lang='lat' dir='ltr'><strong>scribitur</strong></span> <span class='ocrx_word' id='word_1_230' title='bbox 1396 3773 1510 3843; x_wconf 76' lang='lat' dir='ltr'><strong>(loron.</strong></span> <span class='ocrx_word' id='word_1_231' title='bbox 1530 3777 1627 3862; x_wconf 72' lang='lat'>§308</span> 
     </span>
     <span class='ocr_line' id='line_1_27' title="bbox 434 3878 1627 3967; baseline 0.006 -23"><span class='ocrx_word' id='word_1_232' title='bbox 434 3903 468 3967; x_wconf 89' lang='lat' dir='ltr'><strong>p.</strong></span> <span class='ocrx_word' id='word_1_233' title='bbox 493 3879 577 3945; x_wconf 81' lang='lat'>328:</span> <span class='ocrx_word' id='word_1_234' title='bbox 603 3881 719 3959; x_wconf 72' lang='grc' dir='ltr'><strong><em>ἡσυχία</em></strong></span> <span class='ocrx_word' id='word_1_235' title='bbox 745 3878 779 3952; x_wconf 78' lang='grc' dir='ltr'><strong>ἣν</strong></span> <span class='ocrx_word' id='word_1_236' title='bbox 802 3881 827 3944; x_wconf 92' lang='grc' dir='ltr'><strong>οί</strong></span> <span class='ocrx_word' id='word_1_237' title='bbox 849 3881 959 3944; x_wconf 75' lang='grc' dir='ltr'><strong><em>πολλοὶ</em></strong></span> <span class='ocrx_word' id='word_1_238' title='bbox 979 3887 1037 3945; x_wconf 81' lang='grc' dir='ltr'><strong>τῶν</strong></span> <span class='ocrx_word' id='word_1_239' title='bbox 1059 3886 1189 3944; x_wconf 77' lang='grc' dir='ltr'><strong><em>πολιτῶν</em></strong></span> <span class='ocrx_word' id='word_1_240' title='bbox 1211 3880 1298 3957; x_wconf 80' lang='grc' dir='ltr'><strong><em>ὑμεῖς</em></strong></span> <span class='ocrx_word' id='word_1_241' title='bbox 1319 3880 1416 3958; x_wconf 73' lang='grc' dir='ltr'><strong><em>ἄνετε</em></strong></span> <span class='ocrx_word' id='word_1_242' title='bbox 1438 3888 1470 3949; x_wconf 89' lang='lat' dir='ltr'><strong>at</strong></span> <span class='ocrx_word' id='word_1_243' title='bbox 1488 3883 1627 3951; x_wconf 83' lang='lat' dir='ltr'><strong>Timoer.</strong></span> 
     </span>
     <span class='ocr_line' id='line_1_28' title="bbox 435 3984 1628 4071; baseline 0.006 -21"><span class='ocrx_word' id='word_1_244' title='bbox 435 3988 455 4071; x_wconf 58' lang='grc' dir='ltr'>ᾖ</span> <span class='ocrx_word' id='word_1_245' title='bbox 477 3984 520 4051; x_wconf 86' lang='grc'><strong>37</strong></span> <span class='ocrx_word' id='word_1_246' title='bbox 545 4006 576 4071; x_wconf 89' lang='lat' dir='ltr'><strong>p.</strong></span> <span class='ocrx_word' id='word_1_247' title='bbox 602 3984 686 4051; x_wconf 86' lang='lat'>711:</span> <span class='ocrx_word' id='word_1_248' title='bbox 711 3988 758 4059; x_wconf 89' lang='grc' dir='ltr'><strong><em>τίς</em></strong></span> <span class='ocrx_word' id='word_1_249' title='bbox 782 3987 858 4061; x_wconf 78' lang='grc' dir='ltr'><strong><em>μίικ</em></strong></span> <span class='ocrx_word' id='word_1_250' title='bbox 883 3988 1012 4066; x_wconf 68' lang='grc' dir='ltr'><strong><em>φυλακὴ</em></strong></span> <span class='ocrx_word' id='word_1_251' title='bbox 1038 3988 1096 4049; x_wconf 82' lang='grc' dir='ltr'><strong>τῶν</strong></span> <span class='ocrx_word' id='word_1_252' title='bbox 1120 3987 1233 4064; x_wconf 85' lang='grc' dir='ltr'><strong><em>νίμων;</em></strong></span> <span class='ocrx_word' id='word_1_253' title='bbox 1260 3988 1348 4065; x_wconf 84' lang='grc' dir='ltr'><strong><em>ὑμεῖς</em></strong></span> <span class='ocrx_word' id='word_1_254' title='bbox 1373 3989 1397 4053; x_wconf 88' lang='grc' dir='ltr'><strong>οί</strong></span> <span class='ocrx_word' id='word_1_255' title='bbox 1421 3991 1540 4055; x_wconf 91' lang='grc' dir='ltr'><strong><em>πολλοί.</em></strong></span> <span class='ocrx_word' id='word_1_256' title='bbox 1566 3991 1628 4057; x_wconf 81' lang='lat' dir='ltr'><strong>Sed</strong></span> 
     </span>
     <span class='ocr_line' id='line_1_29' title="bbox 434 4090 1628 4181; baseline 0.004 -23"><span class='ocrx_word' id='word_1_257' title='bbox 434 4091 552 4158; x_wconf 89' lang='lat' dir='ltr'><strong>itidem</strong></span> <span class='ocrx_word' id='word_1_258' title='bbox 583 4113 616 4157; x_wconf 86' lang='lat' dir='ltr'><strong>se</strong></span> <span class='ocrx_word' id='word_1_259' title='bbox 647 4097 731 4158; x_wconf 87' lang='lat' dir='ltr'><strong>reete</strong></span> <span class='ocrx_word' id='word_1_260' title='bbox 753 4093 849 4158; x_wconf 89' lang='lat' dir='ltr'><strong>habet</strong></span> <span class='ocrx_word' id='word_1_261' title='bbox 872 4093 957 4178; x_wconf 90' lang='lat' dir='ltr'><strong>quod</strong></span> <span class='ocrx_word' id='word_1_262' title='bbox 979 4091 1075 4181; x_wconf 83' lang='lat' dir='ltr'><strong>longe</strong></span> <span class='ocrx_word' id='word_1_263' title='bbox 1098 4091 1161 4158; x_wconf 89' lang='lat' dir='ltr'><strong>alio</strong></span> <span class='ocrx_word' id='word_1_264' title='bbox 1184 4090 1278 4159; x_wconf 79' lang='lat' dir='ltr'><strong>&#39;sensu</strong></span> <span class='ocrx_word' id='word_1_265' title='bbox 1302 4093 1425 4161; x_wconf 88' lang='lat' dir='ltr'><strong>dietum</strong></span> <span class='ocrx_word' id='word_1_266' title='bbox 1449 4102 1497 4162; x_wconf 87' lang='lat' dir='ltr'><strong>est</strong></span> <span class='ocrx_word' id='word_1_267' title='bbox 1520 4096 1628 4163; x_wconf 87' lang='lat' dir='ltr'><strong>Boset.</strong></span> 
     </span>
     <span class='ocr_line' id='line_1_30' title="bbox 434 4196 1628 4283; baseline 0.006 -21"><span class='ocrx_word' id='word_1_268' title='bbox 434 4197 475 4263; x_wconf 87' lang='lat' dir='ltr'><strong>de</strong></span> <span class='ocrx_word' id='word_1_269' title='bbox 507 4196 581 4263; x_wconf 86' lang='lat' dir='ltr'><strong>dote</strong></span> <span class='ocrx_word' id='word_1_270' title='bbox 612 4196 668 4282; x_wconf 80' lang='lat'><strong>§9</strong></span> <span class='ocrx_word' id='word_1_271' title='bbox 701 4220 731 4283; x_wconf 92' lang='lat' dir='ltr'><strong>p.</strong></span> <span class='ocrx_word' id='word_1_272' title='bbox 767 4198 871 4264; x_wconf 90' lang='lat'>1010:</span> <span class='ocrx_word' id='word_1_273' title='bbox 905 4200 956 4264; x_wconf 85' lang='grc' dir='ltr'><strong>τδν</strong></span> <span class='ocrx_word' id='word_1_274' title='bbox 988 4199 1045 4273; x_wconf 75' lang='grc' dir='ltr'><strong>μὲν</strong></span> <span class='ocrx_word' id='word_1_275' title='bbox 1077 4197 1174 4264; x_wconf 76' lang='grc' dir='ltr'><strong><em>ἄλλον</em></strong></span> <span class='ocrx_word' id='word_1_276' title='bbox 1204 4200 1311 4280; x_wconf 75' lang='grc' dir='ltr'><strong><em>χρόνον</em></strong></span> <span class='ocrx_word' id='word_1_277' title='bbox 1342 4198 1421 4265; x_wconf 92' lang='grc' dir='ltr'><strong><em>οὑτοι</em></strong></span> <span class='ocrx_word' id='word_1_278' title='bbox 1447 4201 1551 4280; x_wconf 71' lang='grc' dir='ltr'><strong><em>διῆγον</em></strong></span> <span class='ocrx_word' id='word_1_279' title='bbox 1575 4208 1628 4269; x_wconf 91' lang='grc' dir='ltr'><strong>οὑκ</strong></span> 
     </span>
     <span class='ocr_line' id='line_1_31' title="bbox 435 4303 1628 4398; baseline 0.008 -32"><span class='ocrx_word' id='word_1_280' title='bbox 435 4304 520 4372; x_wconf 86' lang='grc' dir='ltr'><strong><em>ίντες</em></strong></span> <span class='ocrx_word' id='word_1_281' title='bbox 545 4303 658 4377; x_wconf 80' lang='grc' dir='ltr'><strong><em>τούμοῦ</em></strong></span> <span class='ocrx_word' id='word_1_282' title='bbox 684 4304 817 4383; x_wconf 83' lang='grc' dir='ltr'><strong><em>πατρίς,</em></strong></span> <span class='ocrx_word' id='word_1_283' title='bbox 842 4308 879 4378; x_wconf 88' lang='grc' dir='ltr'><strong><em>ὑς</em></strong></span> <span class='ocrx_word' id='word_1_284' title='bbox 903 4306 953 4369; x_wconf 79' lang='grc' dir='ltr'><strong>καί</strong></span> <span class='ocrx_word' id='word_1_285' title='bbox 980 4307 1083 4382; x_wconf 82' lang='grc' dir='ltr'><strong><em>ὑμῶν</em></strong></span> <span class='ocrx_word' id='word_1_286' title='bbox 1106 4307 1140 4371; x_wconf 85' lang='lat' dir='ltr'><strong>oi</strong></span> <span class='ocrx_word' id='word_1_287' title='bbox 1165 4307 1309 4371; x_wconf 77' lang='grc' dir='ltr'><strong><em>πολλοὶ</em></strong></span> <span class='ocrx_word' id='word_1_288' title='bbox 1333 4306 1445 4373; x_wconf 89' lang='grc' dir='ltr'><strong><em>ίσασιν.</em></strong></span> <span class='ocrx_word' id='word_1_289' title='bbox 1470 4308 1516 4374; x_wconf 91' lang='lat' dir='ltr'><strong>De</strong></span> <span class='ocrx_word' id='word_1_290' title='bbox 1535 4332 1628 4398; x_wconf 83' lang='lat' dir='ltr'><strong>gene-</strong></span> 
     </span>
     <span class='ocr_line' id='line_1_32' title="bbox 435 4409 1624 4498; baseline 0.008 -23"><span class='ocrx_word' id='word_1_291' title='bbox 435 4412 505 4475; x_wconf 89' lang='lat' dir='ltr'><strong>tivo</strong></span> <span class='ocrx_word' id='word_1_292' title='bbox 537 4430 612 4475; x_wconf 87' lang='lat' dir='ltr'><strong>oasn</strong></span> <span class='ocrx_word' id='word_1_293' title='bbox 645 4409 804 4476; x_wconf 88' lang='lat' dir='ltr'><strong>dubitatio</strong></span> <span class='ocrx_word' id='word_1_294' title='bbox 836 4414 913 4477; x_wconf 87' lang='lat' dir='ltr'><strong>oriri</strong></span> <span class='ocrx_word' id='word_1_295' title='bbox 944 4433 1005 4476; x_wconf 93' lang='lat' dir='ltr'><strong>non</strong></span> <span class='ocrx_word' id='word_1_296' title='bbox 1035 4415 1157 4498; x_wconf 88' lang='lat' dir='ltr'><strong>potuit;</strong></span> <span class='ocrx_word' id='word_1_297' title='bbox 1189 4418 1318 4478; x_wconf 81' lang='lat' dir='ltr'><strong>enotavi</strong></span> <span class='ocrx_word' id='word_1_298' title='bbox 1350 4422 1458 4480; x_wconf 86' lang='lat' dir='ltr'><strong>tamen</strong></span> <span class='ocrx_word' id='word_1_299' title='bbox 1490 4414 1624 4484; x_wconf 77' lang='lat' dir='ltr'><strong>&#39;Iimoon</strong></span> 
     </span>
     <span class='ocr_line' id='line_1_33' title="bbox 435 4512 1626 4603; baseline 0.008 -23"><span class='ocrx_word' id='word_1_300' title='bbox 435 4514 541 4601; x_wconf 80' lang='lat'>§169</span> <span class='ocrx_word' id='word_1_301' title='bbox 573 4537 604 4601; x_wconf 89' lang='lat' dir='ltr'><strong>p.</strong></span> <span class='ocrx_word' id='word_1_302' title='bbox 630 4512 713 4582; x_wconf 83' lang='lat'><strong>752:</strong></span> <span class='ocrx_word' id='word_1_303' title='bbox 746 4523 805 4581; x_wconf 83' lang='grc' dir='ltr'><strong>τῶν</strong></span> <span class='ocrx_word' id='word_1_304' title='bbox 837 4518 893 4594; x_wconf 70' lang='grc' dir='ltr'><strong>μὲν</strong></span> <span class='ocrx_word' id='word_1_305' title='bbox 923 4525 1044 4582; x_wconf 79' lang='grc' dir='ltr'><strong><em>πολλῶν</em></strong></span> <span class='ocrx_word' id='word_1_306' title='bbox 1077 4521 1159 4596; x_wconf 77' lang='grc' dir='ltr'><strong><em>ὑμῶν</em></strong></span> <span class='ocrx_word' id='word_1_307' title='bbox 1183 4519 1242 4585; x_wconf 77' lang='grc' dir='ltr'><strong><em>οὔδ’</em></strong></span> <span class='ocrx_word' id='word_1_308' title='bbox 1268 4518 1305 4584; x_wconf 79' lang='grc' dir='ltr'><strong>διν</strong></span> <span class='ocrx_word' id='word_1_309' title='bbox 1331 4524 1402 4603; x_wconf 71' lang='grc' dir='ltr'><strong><em>παρ’</em></strong></span> <span class='ocrx_word' id='word_1_310' title='bbox 1427 4523 1488 4595; x_wconf 78' lang='grc' dir='ltr'><strong><em>ἐνὸς</em></strong></span> <span class='ocrx_word' id='word_1_311' title='bbox 1513 4524 1626 4603; x_wconf 81' lang='grc' dir='ltr'><strong><em>λαβεῖν</em></strong></span> 
     </span>
     <span class='ocr_line' id='line_1_34' title="bbox 434 4622 1627 4711; baseline 0.008 -23"><span class='ocrx_word' id='word_1_312' title='bbox 434 4622 581 4699; x_wconf 77' lang='grc' dir='ltr'><strong><em>ἧίίλησεν</em></strong></span> <span class='ocrx_word' id='word_1_313' title='bbox 605 4623 768 4700; x_wconf 68' lang='grc' dir='ltr'><strong><em>ἐγγυητάς</em></strong></span> <span class='ocrx_word' id='word_1_314' title='bbox 793 4630 826 4690; x_wconf 89' lang='lat' dir='ltr'><strong>et</strong></span> <span class='ocrx_word' id='word_1_315' title='bbox 848 4624 929 4689; x_wconf 87' lang='lat' dir='ltr'><strong>Mid.</strong></span> <span class='ocrx_word' id='word_1_316' title='bbox 954 4624 1053 4709; x_wconf 75' lang='lat'>§209</span> <span class='ocrx_word' id='word_1_317' title='bbox 1078 4648 1108 4711; x_wconf 93' lang='lat' dir='ltr'><strong>p.</strong></span> <span class='ocrx_word' id='word_1_318' title='bbox 1136 4625 1220 4691; x_wconf 84' lang='lat'>581:</span> <span class='ocrx_word' id='word_1_319' title='bbox 1246 4625 1274 4691; x_wconf 86' lang='grc' dir='ltr'><strong>εί</strong></span> <span class='ocrx_word' id='word_1_320' title='bbox 1297 4651 1343 4698; x_wconf 89' lang='grc' dir='ltr'><strong><em>τις</em></strong></span> <span class='ocrx_word' id='word_1_321' title='bbox 1368 4628 1450 4703; x_wconf 85' lang='grc' dir='ltr'><strong><em>ὑμῶν</em></strong></span> <span class='ocrx_word' id='word_1_322' title='bbox 1473 4636 1531 4696; x_wconf 82' lang='grc' dir='ltr'><strong>τῶν</strong></span> <span class='ocrx_word' id='word_1_323' title='bbox 1555 4646 1627 4697; x_wconf 88' lang='grc' dir='ltr'><strong><em>πσλ-</em></strong></span> 
     </span>
     <span class='ocr_line' id='line_1_35' title="bbox 433 4728 1628 4810; baseline 0.01 -17"><span class='ocrx_word' id='word_1_324' title='bbox 433 4735 494 4793; x_wconf 83' lang='grc' dir='ltr'><strong><em>λιῖν</em></strong></span> <span class='ocrx_word' id='word_1_325' title='bbox 524 4728 591 4794; x_wconf 89' lang='grc' dir='ltr'><strong>κα1</strong></span> <span class='ocrx_word' id='word_1_326' title='bbox 623 4728 854 4804; x_wconf 77' lang='grc' dir='ltr'><strong><em>δημοτικῶν</em></strong></span> <span class='ocrx_word' id='word_1_327' title='bbox 887 4733 930 4802; x_wconf 86' lang='grc' dir='ltr'><strong><em>είς</em></strong></span> <span class='ocrx_word' id='word_1_328' title='bbox 961 4732 1133 4809; x_wconf 80' lang='grc' dir='ltr'><strong><em>δικαςνίριον</em></strong></span> <span class='ocrx_word' id='word_1_329' title='bbox 1157 4734 1258 4810; x_wconf 89' lang='grc' dir='ltr'><strong><em>είσίοι,</em></strong></span> <span class='ocrx_word' id='word_1_330' title='bbox 1283 4735 1339 4799; x_wconf 88' lang='lat' dir='ltr'><strong>ubi</strong></span> <span class='ocrx_word' id='word_1_331' title='bbox 1362 4742 1468 4801; x_wconf 85' lang='lat' dir='ltr'><strong>tamen</strong></span> <span class='ocrx_word' id='word_1_332' title='bbox 1491 4739 1564 4804; x_wconf 87' lang='lat' dir='ltr'><strong>vide</strong></span> <span class='ocrx_word' id='word_1_333' title='bbox 1587 4760 1628 4804; x_wconf 88' lang='lat' dir='ltr'><strong>an</strong></span> 
     </span>
     <span class='ocr_line' id='line_1_36' title="bbox 432 4834 1626 4922; baseline 0.008 -20"><span class='ocrx_word' id='word_1_334' title='bbox 432 4857 499 4902; x_wconf 92' lang='lat' dir='ltr'><strong>non</strong></span> <span class='ocrx_word' id='word_1_335' title='bbox 528 4834 612 4901; x_wconf 89' lang='lat' dir='ltr'><strong>mala</strong></span> <span class='ocrx_word' id='word_1_336' title='bbox 642 4835 834 4922; x_wconf 86' lang='lat' dir='ltr'><strong>interpolata</strong></span> <span class='ocrx_word' id='word_1_337' title='bbox 865 4837 962 4903; x_wconf 85' lang='lat' dir='ltr'><strong>verba</strong></span> <span class='ocrx_word' id='word_1_338' title='bbox 998 4840 1080 4903; x_wconf 88' lang='lat' dir='ltr'><strong>sint:</strong></span> <span class='ocrx_word' id='word_1_339' title='bbox 1115 4840 1184 4905; x_wconf 85' lang='grc' dir='ltr'><strong>καῖ</strong></span> <span class='ocrx_word' id='word_1_340' title='bbox 1220 4839 1453 4918; x_wconf 73' lang='grc' dir='ltr'><strong><em>δημοτικῶν.</em></strong></span> <span class='ocrx_word' id='word_1_341' title='bbox 1489 4844 1626 4913; x_wconf 87' lang='lat' dir='ltr'><strong>Dativus</strong></span> 
     </span>
    </p>
   </div>
   <div class='ocr_carea' id='block_1_7' title="bbox 0 0 2269 5940">
    <p class='ocr_par' dir='ltr' id='par_1_7' title="bbox 0 0 2269 5940">
     <span class='ocr_line' id='line_1_37' title="bbox 0 0 2269 5940; baseline 0 0"><span class='ocrx_word' id='word_1_342' title='bbox 0 0 2269 5940; x_wconf 95' lang='lat' dir='ltr'><strong> </strong></span> 
     </span>
    </p>
   </div>
  </div>
 </body>
</html>
