4525 5950
962 715 1104 764 andrus.
1558 698 1622 766 389

434 880 644 958 Mithridate,
681 882 905 945 Armeniorum
929 902 1020 967 rege,
1046 902 1142 965 quem
1166 880 1328 946 obsidione
1352 880 1497 946 clausum
1522 886 1625 959 tenet,

434 990 468 1052 in
492 990 634 1074 gratiam
658 1008 691 1053 ss
715 986 817 1051 redire
840 986 990 1063 simulat,
1015 1008 1152 1073 cumque
1172 1008 1209 1052 eo
1227 994 1317 1052 extra
1337 986 1520 1066 castellum,
1541 987 1625 1071 quod

435 1093 610 1169 obsidetur,
634 1092 857 1179 congreditur:

484 1199 581 1275 „Mos
610 1205 658 1264 est
689 1200 836 1285 regibus,
868 1200 1014 1284 quotiens
1044 1201 1076 1262 in
1101 1200 1286 1264 societatem
1309 1205 1435 1276 coeant,
1459 1199 1625 1285 implicare

434 1306 563 1371 dextras
586 1305 782 1392 pollicesque
804 1307 889 1369 inter
911 1326 943 1369 se
968 1306 1089 1369 vincire
1111 1305 1256 1389 nodoque
1278 1306 1543 1392 praestringere.”

481 1410 637 1476 Deleatur
668 1413 718 1476 in:
751 1432 812 1475 non
844 1413 930 1476 enim
961 1400 1038 1475 ista⁴
1053 1410 1135 1475 fiunt
1164 1413 1197 1475 in
1228 1414 1332 1497 primo
1356 1433 1545 1499 congressu,
1570 1415 1627 1498 qui

435 1517 591 1601 colloquii
621 1517 659 1582 de
691 1520 841 1583 societate
871 1537 964 1582 causa
995 1517 1141 1596 habetur,
1173 1517 1226 1582 ssd
1258 1524 1425 1604 postquam
1449 1522 1626 1606 congressis

437 1623 606 1708 multaque
629 1626 794 1708 utrimque
816 1622 932 1688 locutis
952 1626 1018 1688 iam
1038 1622 1160 1708 placuit
1178 1626 1320 1688 societas.
1345 1624 1477 1689 Addidit
1494 1624 1625 1710 aliquis,

438 1733 494 1817 qui
527 1729 722 1795 locutionem
744 1731 805 1795 sibi
828 1729 1010 1793 inauditam
1032 1730 1199 1794 aoriemtem
1222 1731 1301 1794 coire
1323 1753 1386 1797 non
1409 1737 1626 1817 concoquerst.

435 1838 463 1902 bl
487 1834 640 1903 Cicerone
662 1841 768 1901 tamen
793 1843 901 1901 notam
927 1856 999 1899 eam
1022 1836 1137 1900 habere
1161 1844 1295 1921 poterat.

482 1946 522 2008 Α.
546 1941 619 2019 Xll,
645 1940 697 2006 51.
722 1941 943 2018 Radamistus,
968 1944 1023 2027 qui
1047 1942 1235 2007 Armeniam
1259 1946 1426 2028 occupavit
1445 1941 1628 2027 crudelique

434 2055 535 2117 vexat
557 2051 710 2134 imperio,
734 2049 772 2112 ab
795 2050 887 2113 iratis
911 2049 1035 2113 civibus
1054 2051 1086 2112 in
1107 2069 1164 2113 sua
1183 2051 1272 2135 regia
1291 2050 1552 2124 circumvenitur,
1573 2048 1627 2114 ssd

432 2158 626 2243 pernicitate
650 2157 723 2240 equi
747 2176 780 2219 ss
799 2154 1018 2219 obsidentibus
1037 2155 1209 2219 subtrahit.
1234 2155 1313 2220 Post
1331 2158 1499 2240 variosque
1519 2174 1626 2220 casus:

484 2263 645 2340 „Hiberos
668 2261 706 2326 ad
730 2264 872 2347 patrium
897 2283 1034 2348 regnum
1057 2262 1234 2348 pervadit.’'

483 2370 530 2435 Ut
559 2375 723 2434 sanaretur
747 2367 868 2433 soloeca
892 2368 1062 2432 verborum
1085 2374 1265 2445 structura,
1290 2368 1460 2433 Heinsius:
1487 2368 1547 2445 ,ad
1569 2367 1627 2433 Hi-

435 2479 531 2543 beros
561 2477 698 2560 patriam
721 2477 754 2538 in
778 2496 916 2560 regnum
938 2474 1106 2559 pervadit'’
1130 2477 1298 2561 proposuit
1305 2495 1313 2551 ;
1338 2474 1626 2561 &asenbergerum

438 2581 502 2661 „ad
522 2581 659 2645 Hiberos
678 2582 821 2665 patrium
842 2601 981 2667 regnum
1000 2581 1065 2666 p.’'.
1086 2579 1149 2645 sed
1169 2588 1286 2666 quanto
1300 2581 1627 2667 efficaciorlsniorqus

434 2688 557 2754 Ritteri
581 2689 662 2751 ratio
687 2692 790 2751 totum
816 2683 898 2750 illud
922 2686 1051 2750 Hiberos
1070 2685 1215 2752 delentis.
1239 2685 1332 2751 Esset
1350 2708 1407 2752 cur
1424 2691 1626 2765 miraremur,

434 2799 465 2860 si
497 2793 537 2859 ad
568 2792 670 2858 Taciti
702 2793 800 2857 verba
830 2795 872 2856 od
895 2792 1032 2875 putrium
1056 2816 1177 2876 requam
1203 2814 1364 2878 nunquam
1390 2794 1477 2859 istud
1500 2794 1628 2859 Hiberos

434 2900 638 2985 adscriptum
662 2899 785 2963 fuisset.

485 3011 525 3072 A.
555 3005 628 3083 ΧΠ,
654 3005 705 3070 54.
737 3005 828 3070 Felix
853 3005 1084 3070 Samaritarum
1108 3013 1141 3071 et
1164 3005 1332 3070 Ventidius
1355 3005 1519 3073 Cumanus
1542 3006 1629 3073 Gali·
1682 2996 1686 3000 ⁴

433 3115 584 3181 laeorum
613 3113 791 3199 praefectus
822 3115 906 3178 iuter
938 3134 971 3177 se
1002 3115 1158 3178 immissis
1190 3113 1367 3178 latronibus
1390 3122 1517 3200 raptant
1539 3138 1628 3203 prae·

434 3222 558 3307 dasque
581 3219 620 3283 ad
643 3225 862 3305 procuratores
886 3220 1044 3285 referunt:

486 3328 604 3413 „hique
623 3330 728 3412 primo
746 3325 874 3403 lastari;
897 3347 972 3391 mox
991 3324 1148 3412 gliscente
1165 3329 1303 3411 pernicie
1314 3347 1388 3391 curn
1401 3348 1488 3392 arma
1500 3329 1628 3393 militum

435 3435 690 3510 interiecissent,
715 3434 797 3497 caesi
818 3432 961 3496 milites.’'

484 3541 657 3605 Diutiusns
687 3539 862 3604 absurdum
892 3541 993 3604 istum
1018 3544 1050 3603 et
1074 3541 1142 3623 ipso
1166 3538 1396 3604 vocabulorum
1420 3561 1495 3605 sono
1519 3539 1630 3606 intole

436 3645 575 3713 rabilem
607 3666 785 3711 sermonem
818 3646 973 3721 feramus,
1000 3666 1039 3709 an
1064 3645 1192 3708 militum
1217 3643 1403 3710 eliciamus?
1426 3645 1519 3713 Certe
1543 3647 1628 3712 nudo

436 3751 599 3819 vocabulo
630 3776 713 3815 ama
745 3751 782 3815 ad
807 3753 1067 3837 perspicuitatem
1099 3750 1181 3815 nihil
1205 3752 1310 3817 deest:
1334 3751 1472 3818 latrones
1494 3756 1549 3817 isti
1572 3754 1631 3819 for-

435 3870 590 3926 tasse-
617 3879 812 3943 quamquam
842 3878 881 3922 ne
904 3858 962 3922 hoc
987 3857 1114 3942 quidem
1138 3860 1351 3923 necessarium
1379 3896 1419 3908 -
1444 3881 1552 3925 secum
1577 3860 1630 3924 ha·

436 3969 580 4033 buerunt
611 3963 750 4049 aliquid,
782 3984 844 4049 quo
875 3962 1007 4027 vulnera
1037 3963 1139 4029 facere
1168 3971 1295 4049 possent
1303 3986 1311 4043 ;
1344 3967 1428 4030 iusta
1461 3989 1545 4029 orma
1567 3987 1630 4030 non

434 4072 631 4138 habuerunt.

487 4179 527 4241 A.
551 4174 625 4252 ΧΠ,
652 4171 704 4239 64.
728 4174 953 4261 Prodigiorum
977 4195 1070 4240 omne
1092 4195 1196 4262 genus
1219 4177 1341 4239 civium
1365 4184 1488 4241 mentes
1508 4183 1631 4262 pertur-

436 4283 555 4348 babat:

486 4387 570 4465 „Sed
598 4391 631 4452 in
662 4389 833 4473 praecipuo
863 4407 980 4471 pavore
1005 4383 1204 4473 Agrippina,
1230 4409 1340 4451 vocem
1365 4385 1509 4463 Claudii,
1534 4409 1630 4471 quam

434 4494 638 4562 temulentus
661 4496 794 4572 iecerat,
819 4491 916 4570 fatale
937 4492 1015 4568 sibi,
1036 4497 1074 4556 ut
1093 4496 1267 4579 coniugum
1289 4493 1413 4579 flagitia
1431 4493 1536 4570 ferret,
1557 4493 1630 4558 dein

435 4603 588 4689 puniret,
613 4607 776 4676 metuens,
800 4620 895 4685 agere
919 4605 952 4662 et
975 4596 1110 4662 celerare
1135 4599 1282 4664 statuit.''

488 4706 533 4771 Ut
569 4707 685 4772 horum
720 4704 948 4771 vocabulorum
985 4704 1091 4789 aliqua
1126 4714 1232 4771 tamen
1268 4714 1391 4771 constet
1425 4709 1523 4781 ratio,
1560 4713 1631 4790 post

444 4815 621 4900 Aprippina
641 4814 805 4878 distinctio
824 4812 967 4897 ponenda
985 4820 1032 4877 est
1050 4815 1160 4889 maior,
1181 4815 1226 4877 ita
1246 4823 1377 4890 uteret,
1400 4813 1449 4879 vel
1461 4814 1632 4878 coematur

1452 4935 1484 4983 db
