4525 5950
627 689 693 754 tes
1147 707 1299 754 murts.

622 871 709 937 stilus
740 893 881 935 maerere
913 890 945 935 et
977 871 1119 934 lacrim'ss
1150 869 1258 933 latare
1285 869 1418 934 tabellas
1441 888 1615 956 antequam
1638 870 1818 935 ostenderet

626 997 720 1041 serto
736 977 770 1054 ¹„

668 1082 753 1146 Cum
772 1098 883 1144 autem
903 1102 951 1143 vs.
972 1078 1108 1143 51-60
1126 1080 1321 1144 damnandos
1340 1103 1408 1145 erse
1427 1082 1581 1157 dicerem,
1598 1083 1659 1146 hoc
1671 1080 1818 1144 volebam

621 1207 675 1250 eos
693 1207 896 1269 corrumpere
916 1184 1042 1248 fabulae
1060 1189 1279 1249 oeconomiam
1294 1204 1391 1270 atque
1406 1187 1477 1250 ideo
1488 1188 1606 1250 afuisee
1617 1188 1658 1250 ab
1670 1183 1819 1269 exemplo

620 1313 793 1376 graeco,
832 1312 909 1355 cum
946 1291 1127 1354 ennoean:
1165 1291 1348 1365 Menandri,
1381 1291 1581 1356 Philemonis
1614 1291 1818 1374 aliorumque

620 1400 827 1482 ingeniorum
857 1416 1045 1481 graecorum
1076 1396 1263 1459 huiusmodi
1296 1399 1385 1459 titii:
1410 1400 1551 1461 earnis&
1572 1394 1756 1481 probabile,
1781 1416 1820 1459 ne

622 1501 726 1564 dicam
761 1518 886 1565 certum
921 1505 973 1564 sit.
1008 1500 1101 1579 Quod
1130 1501 1287 1564 edicimus
1318 1523 1358 1565 ex
1389 1506 1430 1565 iis
1462 1501 1580 1566 fabulis
1603 1500 1766 1565 Plautinis
1789 1510 1820 1565 et

622 1606 840 1681 Terentinum,
875 1627 956 1689 quae
991 1610 1193 1669 oeconomiae
1228 1609 1337 1671 viti'm.
1368 1610 1431 1670 nisi
1461 1606 1654 1683 lemeimis,
1689 1609 1821 1671 omnino

622 1732 729 1776 carent
762 1726 793 1775 et
823 1714 988 1775 communi
1013 1711 1181 1774 doctorum
1204 1733 1361 1775 consensu
1383 1733 1574 1797 graecorum
1596 1710 1820 1796 exemplorum

623 1823 794 1882 sanitatem
817 1834 849 1882 et
869 1821 1116 1882 concinnitatem
1137 1821 1259 1902 optime
1281 1818 1398 1882 referre
1416 1818 1577 1882 ridentur.
1600 1818 1822 1902 Itaquequae·

621 1927 706 1987 ritor
735 1945 754 1987 a
783 1944 924 2008 quonam
954 1938 986 1986 et
1019 1944 1078 1986 cur
1100 1924 1160 1986 hae
1184 1926 1379 1987 mutationes
1402 1927 1435 1986 in
1457 1923 1598 1987 latinum
1622 1922 1821 1987 Pseudolum

623 2031 744 2094 inlatae
767 2033 842 2093 siut.

669 2133 841 2201 Continent
860 2135 894 2197 hi
914 2155 1026 2198 tersus
1045 2132 1129 2196 nihil
1147 2133 1233 2217 quod
1253 2155 1317 2196 non
1336 2155 1375 2198 ex
1396 2133 1661 2199 aliiseomoediae
1674 2136 1821 2199 versibus

624 2239 813 2324 interpolari
833 2243 991 2323 potuerit:
1005 2237 1197 2314 344-346,
1210 2237 1288 2313 373,
1303 2239 1493 2314 ott-649,
1508 2239 1573 2305 753
1585 2261 1645 2324 sq„
1661 2239 1747 2304 1001
1763 2262 1821 2324 sq„

624 2347 678 2410 sed
703 2361 863 2430 postrema
884 2345 979 2408 verba
999 2347 1187 2428 proxima
1214 2344 1437 2430 Dionysia,
1457 2367 1519 2410 non
1538 2344 1821 2430 interpolatorem,

627 2472 741 2515 verum
768 2449 914 2513 Plauti
936 2471 1069 2513 manum
1090 2451 1172 2513 milti
1193 2449 1324 2534 prodere
1342 2451 1504 2526 videntur,
1524 2472 1621 2535 quem
1641 2462 1721 2535 puto
1740 2451 1822 2514 hano

626 2570 751 2641 partem
782 2554 935 2640 epistolae
966 2577 1004 2619 ex
1034 2554 1101 2618 illis
1129 2555 1209 2618 locis
1239 2556 1429 2620 continuisse
1460 2570 1557 2640 atque
1589 2555 1820 2641 Dionysiorum

625 2665 842 2735 mentionem,
873 2681 970 2745 qnam
1003 2661 1185 2744 frequenter
1216 2662 1329 2735 habet,
1362 2661 1515 2725 adiecisse
1545 2682 1604 2745 pro
1634 2659 1767 2724 flosculo
1791 2667 1822 2723 et

624 2782 793 2852 tamquam
822 2787 956 2850 graecae
985 2769 1121 2850 originis
1146 2765 1303 2851 symbolo.
1329 2766 1416 2830 Pecit
1441 2767 1500 2830 hoe
1524 2784 1663 2841 temere,
1687 2787 1765 2829 eum
1789 2766 1822 2827 in

627 2872 749 2956 reliqua
781 2871 888 2936 fabola
920 2874 978 2935 hoc
1009 2875 1164 2956 temporis
1187 2871 1344 2935 indicium
1368 2894 1431 2936 non
1455 2871 1550 2935 modo
1574 2892 1705 2955 prorsus
1727 2872 1822 2934 omit-

625 2993 723 3055 tatur,
755 2980 809 3043 sed
841 2983 939 3043 etiam
970 3000 1000 3042 v.
1027 2977 1102 3054 123,
1136 3000 1226 3053 „cras
1256 2999 1352 3064 agam
1385 3001 1461 3043 eum
1490 2978 1652 3054 civibus”,
1677 2976 1822 3043 ostendat

624 3086 712 3148 diem
744 3088 928 3169 proximum
954 3105 1015 3147 non
1038 3085 1191 3147 feriatum
1215 3083 1313 3149 fuisse
1335 3084 1389 3149 sed
1415 3086 1553 3161 t'astum,
1577 3105 1635 3148 nec
1658 3091 1822 3168 praeterea

625 3189 775 3255 credibile
806 3194 866 3265 sit,
898 3189 1086 3253 huiusmodi
1111 3193 1279 3274 negotium
1304 3194 1440 3275 transigi
1464 3191 1606 3275 potuisse
1628 3192 1663 3253 iu
1688 3186 1822 3255 Graecia

625 3300 705 3381 ipsis
732 3296 896 3381 Dionysiis
919 3296 972 3372 (ct.
998 3317 1045 3358 vs.
1072 3294 1141 3372 823».

671 3401 738 3467 Cur
768 3415 878 3465 antem
910 3402 968 3465 hos
991 3422 1103 3464 versus
1126 3397 1318 3463 substituit?
1351 3400 1515 3464 Nimirum
1541 3415 1576 3463 ut
1601 3399 1750 3464 doloret
1774 3400 1823 3463 de·

625 3511 766 3591 speratio
791 3505 931 3571 Calidori
955 3509 1064 3569 statim
1088 3507 1127 3569 ab
1147 3508 1240 3569 initio
1258 3506 1419 3569 auditores
1440 3507 1663 3570 vehementius
1682 3527 1822 3570 commo

626 3623 714 3675 vetet
735 3628 864 3695 propter
885 3610 1064 3694 pericnlum
1086 3613 1232 3694 proxime
1251 3614 1442 3684 imminens,
1462 3632 1537 3674 oum
1555 3614 1642 3675 enim
1662 3614 1696 3674 in
1709 3630 1823 3696 graeca

626 3716 733 3781 sabula
763 3718 918 3799 temporis
949 3715 1105 3779 indicium
1138 3716 1279 3790 deesset,
1311 3723 1503 3799 spectatores
1533 3718 1683 3800 aequiore
1715 3719 1822 3780 animo

625 3820 777 3885 Pseudoli
807 3820 1014 3885 consiliorum
1038 3836 1191 3885 eventum
1215 3822 1451 3905 exspectabant.
1481 3820 1573 3900 Quod
1596 3833 1707 3885 autem
1731 3824 1822 3907 parti

664 4066 686 4120 1)
711 4062 820 4110 Tabellas
841 4061 931 4109 multos
953 4060 1003 4108 dies
1025 4058 1069 4107 siti
1092 4063 1199 4107 serratas
1221 4075 1235 4105 a
1258 4059 1371 4107 Calidoro
1394 4060 1442 4108 iana
1460 4061 1645 4124 reprehenderat
1664 4062 1784 4110 Lorena
1800 4063 1825 4109 ia

627 4148 703 4210 prael.
720 4145 774 4192 adn.
793 4144 834 4191 25.
853 4143 978 4191 Bierma
996 4159 1018 4205 p.
1036 4143 1070 4189 48
1087 4142 1166 4190 minus
1184 4141 1286 4188 feliciter
1303 4142 1366 4189 ltnse
1383 4141 1461 4190 loeuns
1478 4143 1604 4191 tractarit:
1630 4142 1753 4206 flagitabat
1770 4158 1825 4191 sane

625 4227 761 4289 argumenti
779 4226 841 4273 ratio
860 4233 885 4272 ut
905 4224 1021 4272 Pseudolo
1039 4224 1102 4270 inter
1119 4223 1231 4285 exignum
1249 4224 1363 4286 temporis
1378 4225 1483 4287 epatium
1497 4224 1615 4273 auxilinm
1629 4231 1691 4272 esset
1706 4225 1827 4273 invenien-

625 4310 699 4366 dum,
716 4323 798 4355 verum
817 4307 872 4355 huic
890 4307 924 4353 rei
943 4306 1091 4353 sstislaetnnt
1109 4309 1169 4351 esset
1186 4305 1288 4367 seraptis
1306 4304 1401 4353 tabellis
1417 4306 1495 4368 pridie
1512 4305 1549 4353 rel
1567 4305 1612 4353 hoe
1627 4306 1680 4367 ipso
1694 4306 1734 4354 die
1748 4322 1825 4354 mane.

662 4391 691 4438 ln
710 4390 740 4437 iis
757 4395 839 4437 sutem
855 4404 916 4451 quae
933 4388 1098 4449 Longanos
1114 4385 1206 4432 addidit
1222 4402 1244 4448 p.
1262 4386 1323 4432 tta:
1341 4387 1431 4433 ·Sollte
1445 4385 1501 4434 aber
1517 4387 1542 4434 in
1556 4388 1600 4435 der
1613 4386 1676 4434 thet
1690 4386 1730 4434 Pe.
1746 4387 1827 4435 niehts

626 4485 674 4520 von
691 4473 733 4521 det
752 4469 921 4531 Verlegenheit
938 4471 979 4516 des
996 4467 1047 4515 Cal.
1065 4467 1167 4514 nissen?
1181 4468 1247 4514 Simo
1261 4467 1403 4528 wenigstens
1418 4468 1492 4516 kennt
1506 4467 1609 4516 dieeelbe
1623 4470 1671 4517 und
1686 4468 1826 4534 behsuptet‚

626 4553 665 4601 die
688 4568 761 4615 panae
784 4552 854 4600 Stadt
876 4551 975 4615 spreehe
996 4550 1083 4607 daron,
1099 4547 1209 4606 slav,
1233 4550 1340 4612 agnostis
1357 4565 1464 4597 errorem
1482 4565 1555 4614 snpra
1572 4564 1587 4597 s
1604 4565 1642 4598 me
1659 4555 1782 4607 notatum,
1801 4554 1827 4598 nt

626 4650 674 4683 non
698 4633 855 4695 distingueret
878 4632 983 4696 inopiam
1001 4629 1108 4678 Calidori
1125 4634 1151 4677 et
1167 4630 1280 4693 pecumm
1296 4630 1495 4693 conquisitione·
1513 4631 1619 4695 priora·
1635 4631 1674 4690 (de
1692 4647 1741 4695 qua
1759 4632 1825 4681 Simo

626 4716 745 4779 loquitur)
773 4731 800 4762 ex
823 4730 865 4762 sua
887 4713 1044 4777 stipulatione
1065 4728 1120 4760 eum
1144 4712 1240 4768 lenone,
1263 4727 1277 4757 a
1301 4712 1431 4774 posteriore
1452 4711 1661 4788 qeseuotie‘eatns
1682 4729 1710 4761 ex
1736 4714 1823 4763 militis

626 4798 789 4862 stipulatione.
