4525 5950
635 656 702 722 200
974 675 1016 722 nr
1039 675 1184 723 morice
1209 675 1292 721 aruo
1314 673 1481 721 noussen.

637 840 826 917 419-430,
851 839 1054 917 477-4912,
1075 838 1280 918 auat-507,
1296 839 1474 906 sss-660
1490 838 1529 915 ¹);
1545 845 1615 904 tum
1629 835 1823 912 oui-aaa

638 948 870 1024 elsa-139,
903 946 1091 1025 esa-542,
1126 947 1239 1013 2192
1259 968 1336 1033 sqq„
1370 945 1607 1022 riso-483,
1634 943 1825 1027 484489,

637 1056 753 1140 quibus
772 1054 886 1120 addere
905 1053 982 1119 licet
1001 1058 1128 1120 etiamsi
1145 1076 1207 1120 non
1219 1057 1416 1119 certissimus
1428 1062 1477 1118 est
1489 1051 1594 1118 locum
1609 1061 1630 1114 P
1645 1049 1827 1116 346-349

635 1162 723 1239 (vide
746 1182 842 1247 supra
864 1183 894 1246 p.
922 1160 986 1225 166
998 1168 1070 1246 sp).

682 1267 848 1332 Postremo
871 1268 934 1331 huc
958 1267 1112 1332 referendi
1136 1272 1211 1331 sunt
1234 1266 1393 1353 Odysseae
1418 1272 1521 1331 totum
1541 1285 1670 1330 carmen
1694 1288 1729 1339 a,
1747 1263 1830 1349 quod

638 1373 740 1437 dividi
763 1394 854 1458 posse
877 1394 970 1437 nemo
993 1380 1117 1449 censet,
1142 1394 1204 1458 quo
1226 1375 1259 1436 in
1283 1376 1422 1437 carmine
1445 1393 1491 1435 vs.
1516 1370 1581 1434 255
1598 1392 1646 1455 sq.
1672 1371 1741 1434 huc
1765 1391 1831 1455 per·

636 1483 716 1545 tinet
735 1479 823 1558 (vids
842 1501 939 1565 supra
958 1501 988 1564 p.
1007 1479 1093 1558 181),
1118 1479 1231 1544 deinde
1250 1476 1471 1554 teat-510,
1492 1485 1620 1562 propter
1643 1475 1830 1542 479-482

636 1592 669 1651 et
694 1585 757 1650 489
781 1585 869 1665 (vide
892 1606 986 1670 supra
1008 1606 1039 1671 p.
1063 1584 1156 1666 181);
1189 1609 1207 1646 τ
1232 1584 1351 1661 1-59,
1377 1590 1505 1669 propter
1528 1605 1575 1648 vs.
1598 1583 1642 1647 32
1663 1604 1713 1668 sq.
1743 1582 1831 1661 (vide

636 1713 732 1777 supra
762 1715 793 1778 p.
822 1690 899 1772 181)
909 1713 916 1769 ;
957 1701 1116 1777 postremo
1148 1691 1385 1771 xlae-204,
1416 1698 1544 1776 propter
1574 1711 1621 1755 vs.
1651 1688 1720 1754 184
1745 1690 1833 1768 (vide

638 1819 733 1882 supra
757 1820 788 1883 p.
815 1796 903 1877 182).
1455 1827 1459 1834 ·

682 1902 854 1995 Yideamus
885 1910 993 1968 autem
1023 1925 1123 1980 nuuc,
1156 1904 1233 1988 quid
1264 1926 1302 1967 ex
1335 1907 1380 1968 eis
1404 1923 1485 1988 quae
1507 1902 1744 1989 indagavimus
1769 1924 1836 1988 pro

638 2000 755 2077 veniat.
793 2012 898 2095 Atque
929 2009 1038 2076 Iliadis
1069 2011 1216 2095 quidem,
1249 2011 1287 2075 de
1318 2010 1459 2097 Odyssea
1489 2013 1575 2074 enim
1606 2030 1683 2074 mox
1721 2030 1835 2097 agam,

637 2124 768 2204 apparet
795 2116 958 2202 aliquanto
989 2117 1161 2182 crebriores
1184 2138 1251 2182 esse
1273 2116 1359 2182 locos
1383 2120 1438 2181 ubi
1461 2121 1628 2202 ignoretur
1653 2115 1710 2181 vel
1737 2115 1837 2203 negli-

638 2232 735 2311 gatur
754 2224 867 2288 thorax
886 2229 1019 2300 abneus,
1038 2244 1134 2308 quam
1152 2224 1207 2288 ubi
1227 2225 1356 2309 prodeat
1370 2227 1438 2288 eius
1451 2244 1537 2299 usus,
1550 2244 1624 2287 cum
1638 2227 1836 2307 praesertim

639 2333 858 2408 Τειχομαχὶαι,
879 2332 1084 2407 nacoliam,
1096 2327 1241 2408 Ἕκτορος
1262 2333 1413 2408 ἀναίρεσις
1426 2333 1600 2395 vetustiora
1614 2330 1726 2395 forma
1740 2351 1838 2415 quam

640 2434 769 2522 qualem
793 2457 904 2501 earum
927 2457 1010 2500 nuuc
1033 2437 1189 2501 habemus
1219 2439 1252 2501 in
1281 2436 1411 2501 illorum
1444 2458 1614 2501 numerum
1647 2436 1839 2502 referendae

638 2545 713 2607 siat.
732 2541 878 2606 Iamvero
899 2542 984 2607 haud
1004 2543 1176 2607 obscurum
1193 2552 1259 2620 est,
1280 2543 1422 2608 locorum
1444 2543 1549 2628 quiad
1563 2551 1722 2607 neutrum
1736 2564 1840 2630 genus

638 2651 817 2734 pertineant
836 2650 990 2713 maiorem
1009 2669 1105 2733 quam
1126 2658 1303 2714 ceterorum
1324 2670 1390 2715 esse
1410 2651 1578 2714 ambitum.
1605 2648 1677 2728 Quo
1705 2654 1841 2715 maioris

641 2757 795 2820 momenti
826 2763 875 2820 est
905 2756 1160 2822 animadvertere
1185 2778 1236 2822 eas
1261 2755 1370 2821 Iliadis
1393 2764 1502 2842 partes¹
1521 2759 1553 2820 in
1577 2757 1699 2839 quibus
1724 2764 1842 2844 regnet

641 2863 752 2927 thorax
778 2866 893 2927 aeneus
916 2865 1152 2927 recentissimae
1175 2884 1242 2928 esse
1267 2866 1411 2949 originis.
1436 2862 1526 2942 Quod
1549 2862 1587 2926 de
1605 2864 1648 2925 iis
1668 2861 1759 2928 locis
1778 2885 1841 2948 quo

639 2970 794 3054 posterior
826 2968 956 3034 demum
989 2991 1101 3035 manus
1133 2992 1208 3035 eum
1240 2974 1364 3035 invexit
1395 2972 1463 3036 sine
1493 2970 1597 3035 verbis
1621 2975 1840 3056 perspicuum

639 3083 695 3141 eet.
728 3074 789 3140 Sed
816 3078 969 3152 Βοιωτίαν,
991 3079 1077 3141 κόλον
1102 3082 1224 3157 μάχην,
1248 3078 1440 3142 Phoenicem
1465 3076 1635 3162 legationis
1659 3077 1703 3140 ad
1731 3078 1840 3143 Achil-

638 3181 702 3246 lem
734 3184 874 3258 socium,
912 3185 1061 3247 carminis
1092 3195 1121 3247 A
1155 3187 1341 3259 introitum,
1373 3183 1534 3248 Idomenei
1564 3184 1596 3246 in
1627 3188 1780 3250 carmine
1813 3193 1838 3250 Ν

639 3309 712 3353 cum
745 3288 892 3373 Neptuno
924 3311 1062 3375 cumque
1089 3290 1234 3355 Merione
1258 3290 1431 3376 colloquia,
1455 3290 1661 3373 eiusdemque
1688 3293 1842 3367 γενεαλό-

640 3419 729 3471 mx
756 3404 783 3459 N
806 3394 871 3459 449
885 3418 962 3481 sqq,
988 3406 1059 3461 tum
1083 3401 1262 3462 carminum
1296 3406 1322 3462 N
1355 3405 1387 3462 et
1422 3407 1448 3460 Ο
1481 3395 1566 3461 locos
1597 3397 1654 3460 ubi
1690 3397 1842 3464 Stichius

639 3499 704 3564 dux
725 3501 984 3580 Atheniensium,
1007 3502 1161 3568 Schedius
1179 3504 1354 3568 Perimadis
1371 3502 1456 3567 filius
1468 3505 1501 3566 in
1515 3522 1641 3566 scenam
1656 3506 1842 3588 prodeunt,

640 3613 800 3691 postremo
819 3602 925 3671 *Aias
949 3609 998 3671 ἐπὶ
1024 3613 1190 3688 Πατρόκλῳ
1215 3649 1256 3658 -
1283 3610 1459 3674 omittenda
1482 3611 1567 3673 enim
1593 3616 1644 3672 est
1666 3614 1842 3684 Δολώνειι,

639 3714 731 3777 cuius
758 3718 868 3777 auctor
891 3735 954 3778 uno
979 3721 1105 3779 tantum
1129 3714 1198 3780 loco
1222 3717 1330 3800 ibique
1355 3717 1415 3779 sibi
1439 3735 1619 3800 repugnans
1643 3713 1843 3783 Diomedem

642 3819 842 3883 thoracatum
885 3819 961 3883 facit
980 3818 1007 3898 ⁸)
1044 3858 1083 3867 -
1119 3819 1191 3885 illos
1230 3821 1315 3885 locos
1350 3824 1421 3906 quis
1455 3823 1555 3885 nescit
1596 3820 1636 3883 ab
1682 3826 1845 3890 omnibus

642 3927 721 3989 viris
754 3924 870 4000 doctis,
903 3927 958 4009 qui
990 3925 1120 4010 quidem
1151 3927 1351 4013 distinguant
1374 3926 1483 3991 Iliadis
1507 3933 1611 4010 partes
1638 3934 1845 3997 vetustiores

642 4036 673 4096 et
709 4034 913 4107 recentiores,
949 4034 1014 4095 iam
1050 4032 1172 4097 dudum
1207 4033 1363 4098 iudicatos
1398 4054 1464 4097 esse
1494 4035 1764 4102 recentissimos?
1796 4040 1844 4104 Ab

644 4186 836 4195 ——-.-—o

679 4294 703 4357 l)
728 4292 772 4342 Vix
797 4309 856 4358 opus
881 4298 917 4343 ert
941 4295 1082 4351 memorari,
1106 4300 1159 4359 post
1182 4311 1210 4343 ea
1231 4311 1291 4359 qnae
1314 4296 1362 4344 iam
1384 4296 1477 4359 saepius
1495 4294 1589 4352 monui,
1607 4311 1687 4359 neque
1709 4300 1770 4351 ulii.
1790 4304 1847 4353 1005.

641 4391 743 4440 quorum
765 4378 822 4424 dues
845 4381 869 4424 et
892 4375 1007 4425 ambitum
1031 4377 1156 4442 descripsi,
1182 4394 1256 4442 neque
1274 4378 1317 4426 hoc
1335 4377 1386 4425 loco
1405 4377 1454 4425 ullo
1473 4377 1541 4425 modo
1559 4377 1651 4426 infitias
1670 4396 1712 4429 me
1733 4383 1773 4432 ire
1795 4388 1847 4435 lieri

616 4473 707 4523 aporos
731 4463 756 4506 ut
777 4458 826 4506 aive
849 4473 908 4522 quae
930 4459 1085 4518 antecedunt,
1108 4459 1156 4507 sive
1179 4476 1239 4523 qnae
1261 4464 1390 4524 sequantur
1412 4459 1489 4507 locum
1514 4474 1528 4506 a
1550 4473 1587 4506 rne
1604 4458 1780 4527 descriptum,
1797 4468 1846 4516 nin

640 4556 700 4603 quae
722 4540 881 4597 intercedant,
906 4539 934 4588 ab
952 4541 1033 4589 eodem
1052 4547 1120 4605 posta
1138 4542 1239 4590 oriunda
1255 4542 1317 4599 sint,
1334 4542 1374 4589 sed
1392 4545 1485 4590 tantum
1503 4541 1547 4589 hoc
1562 4541 1702 4604 aigntdcare
1724 4563 1765 4596 ms
1785 4551 1848 4599 velle

641 4638 668 4670 sa
690 4622 774 4671 saltem
795 4638 855 4685 quac
873 4623 948 4673 sidem
966 4623 1057 4672 auctori
1074 4623 1178 4673 tribuam
1196 4640 1209 4670 a
1228 4624 1294 4672 nullo
1314 4624 1394 4688 negari
1413 4638 1479 4688 posse
1496 4622 1572 4671 eidem
1590 4622 1688 4684 deberi,
1707 4628 1741 4677 de
1759 4632 1849 4681 ceteris

641 4704 745 4752 dubitari
764 4719 836 4767 posse.

675 4788 703 4849 2)
721 4788 798 4850 Supra
815 4803 836 4850 p.
858 4788 911 4836 488.
