4525 5950
673 705 739 772 422
1141 724 1382 774 uuuosnnauue.

670 886 835 968 ἀφείλοντο
855 887 954 951 αὐτῶν
973 886 1015 951 σίν
1034 889 1205 968 χρήματα,
1225 895 1263 954 ut
1281 887 1423 976 legimus
1441 891 1475 953 in
1495 888 1621 955 Libanii
1641 892 1852 978 Argumenta

668 994 705 1061 In
734 994 819 1059 hunc
847 996 951 1081 igritur
980 991 1171 1061 Glaucetam
1201 1000 1306 1061 orator
1335 995 1439 1080 §128
1471 1020 1501 1083 p.
1527 994 1593 1063 740
1622 998 1687 1064 hoc
1718 1000 1852 1064 maxims

669 1101 763 1168 modo
792 1102 974 1167 invehitur:
1007 1104 1066 1183 οὐχ
1091 1097 1177 1175 οὗτός
1201 1103 1262 1171 ε’ςιν
1287 1104 1301 1168 ὅ
1326 1108 1440 1183 πρῶτον
1464 1105 1521 1180 μὲν
1544 1106 1577 1169 εί
1586 1129 1600 1175 ο
1626 1107 1852 1171 Δεκέλειαν

670 1209 961 1284 αὐτομολήσας
982 1209 1119 1274 κοίκεῒίεν
1140 1209 1307 1290 ὁρμώμενος
1328 1208 1485 1274 καπαίίνιν
1503 1209 1554 1274 καί
1575 1211 1676 1291 Φὲραν
1697 1213 1755 1277 καὶ
1776 1211 1853 1290 ἄγειν

670 1313 769 1394 ὑμαςς
794 1315 882 1379 οίλλδ
905 1317 1020 1385 πάντες
1044 1314 1091 1383 iss
1113 1318 1236 1391 ταῦτα,
1256 1313 1367 1381 deinde
1388 1317 1495 1402 pergit
1511 1314 1574 1380 alia
1592 1318 1735 1382 crimina
1753 1339 1854 1384 cumn

667 1421 751 1502 lare,
786 1443 843 1487 nec
873 1422 1001 1487 videtur
1034 1428 1199 1506 reputasse
1230 1421 1307 1486 haec
1338 1424 1366 1486 si
1396 1442 1472 1487 vera
1507 1422 1627 1500 forent,
1665 1419 1854 1490 Glaucetau

667 1534 769 1594 astato
799 1534 909 1594 exacta
941 1534 974 1592 ot
1004 1535 1146 1593 extrema
1176 1534 1337 1593 senectute
1369 1549 1408 1593 ex
1439 1526 1546 1614 legato
1577 1535 1711 1613 repente
1739 1529 1854 1596 factum

666 1636 764 1700 fuisse
795 1634 1001 1721 praedonem,
1034 1633 1118 1720 quod
1149 1637 1304 1698 sentimus
1335 1654 1432 1719 quam
1460 1654 1574 1720 parum
1597 1635 1786 1702 verisimile
1809 1638 1853 1701 sit

665 1740 811 1807 Fortasse
829 1740 1059 1807 Demosthenes
1078 1740 1264 1825 imprudens
1284 1741 1345 1805 sibi
1364 1746 1564 1826 persuaserat
1582 1743 1761 1808 retinuisse
1772 1740 1853 1827 Spar

665 1853 756 1913 tanos
790 1846 957 1913 Deceleam
993 1867 1093 1932 usque
1128 1845 1168 1911 ad
1202 1867 1346 1933 pugnam
1377 1846 1462 1932 apud
1494 1844 1652 1924 Cnidum,
1686 1846 1748 1912 sed
1779 1844 1853 1912 nihil

665 1953 792 2038 prodest
824 1948 893 2027 ἧλον
926 1950 987 2032 ίίλῳ
1019 1951 1165 2030 ἐκκρούειν
1196 1958 1228 2017 et
1258 1955 1416 2018 incuriam
1445 1955 1578 2017 incuria.
1611 1951 1729 2018 Veluti
1762 1974 1851 2041 quan

664 2059 866 2146 negligenter
899 2060 1026 2143 scripsit
1058 2055 1213 2123 Aristocr.
1244 2057 1347 2143 §199
1378 2079 1409 2144 p.
1442 2057 1506 2123 687
1538 2058 1576 2125 de
1610 2058 1771 2127 Perdicca
1804 2062 1852 2147 qui

665 2165 787 2232 seilicet
808 2165 877 2238 τοὺς
902 2165 1138 2245 ἀναχωροῦντας
1164 2166 1196 2228 tx
1221 2168 1387 2229 Πλαταιῶν
1411 2166 1469 2228 τῶν
1488 2164 1657 2243 βαρβοίραν
1676 2165 1849 2246 διαφθεῖραι

664 2271 791 2349 dicitur,
822 2293 884 2358 quo
908 2277 1050 2357 tempore
1074 2273 1130 2337 vix
1153 2273 1260 2356 potuit
1282 2274 1316 2336 in
1339 2273 1430 2337 cunis
1454 2273 1575 2357 vagire.
1597 2269 1731 2338 hierius
1755 2277 1851 2359 potest

664 2385 701 2443 ut
730 2376 957 2444 Demosthenes
987 2380 1056 2464 ipss
1085 2377 1212 2455 feeerit,
1248 2377 1332 2462 quod
1367 2378 1462 2442 certis
1495 2376 1622 2442 indiciis
1658 2379 1849 2445 Aeschinem

662 2485 772 2550 fecisse
805 2486 974 2562 novimus,
1010 2489 1043 2549 et
1073 2505 1113 2549 ex
1143 2488 1251 2549 vetere
1280 2486 1421 2549 oratione
1450 2486 1571 2570 uiginti
1600 2483 1743 2550 fortasse
1763 2488 1849 2551 annis

662 2597 736 2657 ente
769 2590 896 2669 habita,
932 2590 1088 2676 quaedam
1122 2592 1157 2654 in
1190 2610 1283 2655 suam
1315 2592 1491 2656 orationem
1526 2589 1751 2657 derivaverit?
1794 2589 1848 2658 Sed

662 2705 833 2784 autequam
868 2697 927 2762 hoc
960 2697 1090 2783 probes,
1121 2695 1276 2762 validiora
1310 2702 1502 2784 argumenta
1531 2695 1683 2762 accedant
1717 2703 1845 2785 oportet

662 2801 812 2870 (letarum
846 2802 886 2867 ad
919 2801 1051 2868 eandem
1080 2805 1297 2888 quaestionem
1328 2802 1463 2868 redituri
1493 2822 1605 2868 sumus
1637 2802 1677 2868 ad
1712 2802 1844 2871 Timaea

661 2913 679 2997 ι
700 2909 765 2976 134
789 2930 821 2996 p.
847 2906 922 2976 742.

702 3127 804 3215 §147
828 3151 859 3215 p.
885 3127 960 3194 562.
992 3128 1204 3194 Recensentur
1227 3126 1402 3193 Alcibiadis
1427 3130 1576 3204 erimina,
1601 3130 1687 3196 inter
1711 3153 1795 3218 queo
1815 3138 1841 3198 et

656 3236 739 3302 illud
770 3236 922 3301 refertur:
959 3229 1032 3313 είρξ’
1064 3235 1264 3314 ’Λγοίίαρχον
1296 3235 1347 3297 πδν
1379 3234 1524 3315 γραφέα·
1557 3235 1608 3299 καί
1642 3238 1708 3314 γὰρ
1739 3244 1839 3304 ταῦτα

659 3345 817 3420 λέγουσιν·
842 3341 950 3417 λαβών
974 3341 1012 3419 μί
1035 3365 1065 3405 σι
1089 3342 1320 3418 πλημμελοῦνθ’
1344 3337 1382 3412 ίίς
1406 3349 1515 3420 φασιν,
1540 3337 1558 3405 ί
1563 3365 1632 3421 περ
1656 3343 1736 3408 οὐδ’
1760 3345 1841 3409 διει-

658 3447 722 3529 δίζ
727 3472 783 3512 ειν
806 3445 927 3524 ἄξιον.
952 3446 1010 3511 Dst
1032 3447 1109 3512 haec
1131 3448 1166 3510 in
1185 3450 1295 3532 paucis
1314 3445 1437 3512 insulsa
1457 3445 1569 3526 lectio;
1590 3447 1646 3512 sed
1665 3450 1840 3517 emendatio

656 3553 815 3641 persenilis
846 3558 904 3620 est.
936 3552 1118 3619 Alcibiades
1141 3553 1384 3639 Agatharchum
1408 3555 1564 3639 pictorem
1588 3552 1676 3619 domi
1702 3578 1782 3623 suae
1802 3559 1840 3622 in

656 3664 763 3726 vitum
798 3663 989 3737 retinuerat,
1023 3659 1133 3736 credo,
1168 3663 1205 3723 ut
1239 3662 1375 3744 parietes
1410 3661 1573 3746 pingeret:
1609 3680 1680 3726 rem
1706 3669 1839 3729 excusat

657 3772 779 3833 orator:
815 3765 922 3843 λαβών
954 3765 994 3843 γέ
1027 3789 1056 3828 τι
1089 3766 1322 3841 πλημμελοῦνθ’
1353 3761 1389 3836 ὥς
1420 3772 1528 3844 Φασιν.
1563 3763 1686 3831 Deinde
1720 3770 1837 3856 pergit:

655 3871 755 3952 Ὀπερ
779 3868 843 3937 οὖν
866 3869 1013 3951 ὀνειδίζειν
1037 3868 1130 3951 ἄξιον,
1151 3866 1184 3952 (ί
1189 3877 1240 3952 τι)
1259 3870 1329 3942 τοὺς
1349 3874 1466 3950 Ἑρμᾶς
1485 3871 1693 3951 περιέκοπτεν,
1716 3871 1837 3938 ίίπανσα

657 3982 714 4057 μὲν
737 3976 821 4054 οίμαι
845 3978 1060 4055 σοίσεβιίμασα
1084 3988 1139 4052 πῆς
1165 3980 1260 4052 αὐτῆς
1286 3977 1509 4057 taricheatas
1530 3974 1649 4053 ἀξιοῦν·
1671 3978 1708 4043 σδ
1730 3979 1836 4050 tiam

656 4084 817 4166 αΦανίζειν
848 4085 899 4166 ίίρ·
931 4083 991 4149 ἔσθ’
1022 4082 1040 4148 ί
1068 4108 1097 4149 σι
1129 4088 1183 4148 τοῦ
1212 4082 1335 4148 νοίππειν
1358 4082 1512 4163 διαφέρου
1541 4082 1611 4149 Hoc
1635 4089 1725 4152 certe
1749 4084 1833 4153 frah

653 4190 820 4258 intellectu
842 4197 900 4257 est.

701 4396 719 4479 ᾗ
742 4391 804 4460 157
825 4417 855 4480 p.
878 4391 961 4458 565:
987 4392 1109 4470 ἡγεμὼν
1133 4390 1304 4471 συμμορίας
1330 4391 1402 4469 ὑμίν
1423 4389 1571 4469 tractans
1590 4392 1652 4469 ἐγὼ
1673 4390 1729 4469 ἔτερ
1752 4395 1835 4472 δίαν,

657 4499 719 4565 ίσον
743 4498 887 4580 Φορμίωνι
912 4498 963 4563 καί
988 4496 1149 4578 Λασιίείδρ
1174 4496 1226 4561 καί
1252 4501 1464 4579 Καλλαίσχρῳ
1489 4498 1541 4561 καί
1565 4505 1627 4569 σοῖς
1651 4514 1836 4567 πλουσια-

657 4604 808 4678 σοίποις.
831 4604 868 4671 lu
891 4603 953 4669 fine
976 4603 1149 4690 supplebo:
1174 4601 1312 4676 οίιιοις.

701 4820 801 4907 §161
833 4842 864 4907 p.
896 4819 980 4887 566:
1015 4820 1152 4900 ίνίνονπο
1185 4821 1229 4894 είς
1263 4821 1398 4899 Εὔβοιαν
1433 4822 1579 4895 ίπιδίσεις
1615 4826 1705 4904 παρ’
1741 4827 1830 4904 ὑμίν
