4525 5950
538 694 579 759 16
1008 705 1249 756 nnuosmmuas.

535 898 602 942 ron.
634 872 737 959 §199
769 895 800 959 p.
824 871 908 938 295:
941 872 1003 938 οὐδ’
1037 870 1129 943 οὕτως
1164 872 1337 941 ἀποςατέον
1367 881 1406 952 τῇ
1431 870 1521 937 πόλει
1544 870 1659 937 τούτων
1683 868 1725 947 ἦν.

535 981 617 1047 Pais.
649 981 727 1066 Inep.
760 978 864 1064 §128
894 1000 926 1064 p.
952 977 1035 1044 380:
1068 980 1222 1052 σίποςηναι
1255 985 1310 1052 τῆς
1335 978 1464 1057 πατρίου
1487 978 1620 1057 θεωρίας.
1645 977 1726 1044 lbid.

535 1087 637 1172 §143
670 1108 701 1171 p.
726 1084 810 1151 385:
843 1083 1037 1164 ιέφεςηκέναι
1069 1083 1217 1148 οὶποίντων
1241 1083 1292 1147 καί
1317 1090 1375 1148 τῶν
1399 1082 1567 1163 κτημοίτων
1590 1085 1644 1148 καί
1670 1085 1727 1149 τῶν

535 1192 725 1274 συμμάχων.
756 1191 887 1256 Zenoih.
920 1189 1001 1274 §18
1031 1213 1062 1276 p.
1087 1188 1172 1256 887:
1202 1194 1254 1253 τοῦ
1288 1191 1372 1256 σίτου
1405 1186 1610 1270 ἁφιςοίμεία,
1643 1190 1727 1275 quod

534 1320 609 1365 sene
633 1299 697 1363 dici
721 1319 784 1362 non
803 1298 910 1381 potuit
929 1296 1126 1374 ιἰπεχδμεία.
1151 1293 1318 1360 Dubitatio
1338 1297 1441 1360 oritur
1460 1297 1542 1361 circa
1560 1294 1727 1382 Symmor.

536 1402 615 1489 §24
647 1425 678 1488 p.
706 1400 788 1467 184:
819 1397 895 1465 οὕτω
927 1400 1008 1464 πολὺ
1032 1404 1084 1464 τοῦ
1109 1399 1230 1479 πορίσαι
1255 1405 1305 1463 νῦν
1328 1401 1645 1479 ἀποσχήσομεν,
1671 1400 1728 1465 ubi

536 1530 637 1596 quum
666 1511 701 1572 in
731 1506 848 1571 Aldina
877 1503 1009 1593 Taylori
1032 1504 1161 1591 legatur
1184 1502 1446 1587 ἑποχρησίμεία,
1471 1506 1622 1573 Reiskins
1645 1526 1729 1570 ccm-

535 1614 701 1680 mendavit
731 1611 978 1691 ἁποοχηοόμεία
1010 1610 1063 1677 το]
1094 1609 1406 1687 ιὶποςησίμεία·
1431 1614 1589 1696 posterius
1613 1613 1729 1695 utique

534 1725 683 1806 praestat.
715 1714 867 1783 Ceterum
898 1716 1032 1783 conferri
1065 1719 1173 1803 potuit
1205 1715 1348 1781 Blassius
1378 1719 1412 1782 in
1435 1715 1550 1782 Museo
1573 1716 1727 1782 Rhenano

535 1823 655 1890 xnvu
679 1845 708 1909 p.
733 1822 810 1889 asc.

581 2014 598 2097 ᾗ
620 2009 662 2077 37
687 2033 718 2096 p.
740 2009 798 2078 74:
823 2008 927 2076 οὐδένα
948 2010 1011 2088 γὰρ
1032 2009 1201 2086 βουλοίμην
1223 2008 1261 2073 δν
1281 2008 1385 2087 ἐχωχε
1404 2009 1465 2074 οὐδ’
1485 2010 1510 2073 εί
1530 2009 1729 2090 (δεκάκις)

535 2117 650 2188 δίκαιός
675 2118 720 2185 ἐπ’
745 2118 949 2192 ἀπολωλέναι,
974 2116 1059 2192 μετίι
1083 2120 1136 2179 τοῦ
1162 2114 1285 2179 πάντων
1309 2114 1441 2180 κινδύνου
1462 2115 1513 2179 καί
1535 2122 1590 2188 τῆς
1611 2113 1729 2195 ζημίας

535 2223 619 2297 δίκην
643 2223 801 2299 ὑποσχεῖν.
826 2222 966 2305 Apparet
986 2220 1063 2305 quid
1082 2219 1285 2286 inserendum
1304 2241 1371 2286 esse
1391 2240 1546 2285 censeam.
1572 2217 1621 2285 Of.
1641 2219 1728 2285 Fals.

535 2328 613 2414 Lag.
645 2326 725 2412 §53
757 2349 787 2412 p.
820 2325 903 2391 358:
935 2325 995 2391 οὐδ’
1027 2328 1052 2390 εί
1085 2325 1207 2397 δικαίαις
1241 2328 1392 2396 Φίλιππος
1426 2327 1538 2397 αὐτοὺς
1570 2322 1727 2401 ἐξηπάτα.

534 2432 677 2519 Philipp.
701 2430 852 2516 111565
877 2453 908 2516 p.
935 2430 1015 2495 128:
1048 2430 1189 2495 τεθνάναι
1219 2431 1282 2510 γὰρ
1312 2429 1453 2509 μυριάκις
1478 2439 1613 2510 κρεῖττον
1637 2431 1655 2504 ἢ
1682 2455 1728 2495 κο-

535 2540 648 2622 λακεία
670 2562 700 2602 τι
724 2545 849 2612 ποιῆσαι
874 2538 1029 2617 Φιλίππῳ.

984 2657 1281 2738 (θοιιίίκιιοόυνιίιιν).

850 2943 893 2989 ιι)
917 2940 1052 2990 seucum
1075 2939 1241 2990 summan.
1266 2941 1334 2990 uis.
1360 2923 1412 2990 62.

580 3063 628 3126 Ne
651 3062 886 3124 Acharneneium
909 3062 1026 3146 quidem
1047 3099 1089 3109 —
1109 3062 1289 3147 Lysistraia
1312 3064 1358 3126 ait
1379 3099 1421 3111 —
1441 3064 1551 3127 adeam
1574 3064 1724 3144 mulieres,

534 3175 607 3238 quac
630 3153 757 3216 omnium
773 3152 891 3233 μαίνοιτ
912 3154 970 3214 hcc
983 3152 1194 3237 festinatum
1211 3154 1364 3234 putabam.

579 3242 629 3307 Ad
652 3244 728 3309 haec
751 3245 865 3308 comici
889 3244 987 3307 verba
1008 3246 1042 3307 in
1066 3241 1198 3308 scholiis
1221 3243 1380 3328 adscripta
1403 3242 1574 3328 leguntur:

580 3334 719 3411 εἰκότως,
740 3334 805 3397 ἐπεί
826 3334 986 3410 πολεμικοί
1010 3334 1084 3409 <οί>
1105 3336 1282 3412 ’Λχαρνεῖς.
1297 3370 1339 3382 -
1352 3334 1484 3409 εἰκότως,
1506 3334 1571 3398 ἐπεί
1594 3335 1607 3398 δ
1628 3336 1723 3411 δῆμος

534 3431 592 3488 τῶν
611 3423 786 3503 Ἀχαρνέων
807 3424 982 3500 ἐτετίμητο,
1003 3424 1053 3487 διὰ
1074 3429 1164 3487 τοῦτο
1184 3425 1242 3493 τοὶς
1264 3425 1374 3489 ἐκεῖθεν
1393 3426 1544 3508 προσδοκᾷ
1556 3434 1722 3501 γυναῖκας.

578 3514 670 3579 Prior
689 3520 798 3579 autem
817 3515 995 3579 observatio
1016 3515 1120 3578 cuivis
1141 3517 1325 3599 perspicua,
1346 3514 1446 3580 sedin
1458 3518 1632 3600 posteriore
1644 3517 1724 3601 quid

532 3605 593 3669 eibi
617 3603 690 3670 vult
712 3604 1060 3690 plusquamperfectum
1086 3602 1270 3677 ἐτετίμητοί
1293 3604 1393 3680 Nihil,
1419 3608 1540 3691 opinor.
1566 3605 1724 3673 Rescribi-

531 3716 644 3759 musne
667 3696 771 3779 igitur
793 3692 943 3769 ἐτιμᾶτοί
963 3693 1014 3759 Sic
1033 3695 1222 3759 habebimus
1242 3694 1275 3758 id
1295 3696 1378 3779 qued
1396 3699 1494 3761 vertit
1512 3703 1588 3775 (nen
1606 3696 1721 3777 edidit)

531 3785 742 3850 Rutherford:
775 3786 850 3861 „the
881 3794 1000 3850 esteem
1031 3788 1064 3847 in
1089 3785 1193 3850 which
1220 3785 1273 3849 the
1297 3786 1388 3851 deme
1413 3788 1450 3851 of
1469 3787 1632 3851 Acharnae
1657 3809 1722 3853 was

531 3874 606 3939 held
635 3875 766 3939 induces
790 3875 991 3961 Lysistrata''
1015 3880 1074 3938 etc.
1105 3873 1167 3939 Sed
1191 3895 1292 3961 neque
1316 3877 1394 3940 satis
1417 3882 1489 3961 apte
1514 3877 1637 3942 dictum
1661 3881 1723 3943 erit

531 3966 656 4030 nudum
677 3963 762 4029 illud
784 3969 952 4042 τιμᾶσθαι,
977 3986 1078 4049 neque
1100 3986 1215 4031 verum
1233 3967 1311 4043 erit3
1332 3987 1407 4030 nam
1426 3966 1496 4032 loco
1515 3966 1724 4054 Thucydideo

533 4058 589 4140 qui
619 4055 682 4119 huc
713 4054 789 4120 facit
810 4064 953 4121 οοιοιιιιιι
975 4058 1081 4141 petius
1105 4058 1300 4121 rusticorum
1323 4059 1426 4121 animi
1448 4060 1533 4122 iusto
1557 4057 1721 4124 elatiores:

533 4148 559 4210 ci
583 4147 740 4225 Ἀχαρνης
766 4147 822 4211 οίί
830 4171 942 4220 μενοι
968 4146 1052 4225 παρὰ
1078 4148 1185 4225 σφίσιν
1210 4147 1315 4217 αὐτοῖς
1339 4149 1391 4212 οὐκ
1416 4148 1589 4227 ἐλαχίστην
1612 4159 1722 4226 μοῖραν

533 4233 610 4301 ε1ναι
642 4234 818 4313 Ἀθηναίων,
846 4238 885 4308 ὥς
909 4238 1009 4300 αὐτῶν
1035 4239 1050 4309 η
1076 4243 1118 4311 γη
1145 4236 1306 4313 ἐτέμνετο,
1333 4238 1437 4313 ἐνηχον
1462 4241 1516 4309 την
1540 4237 1638 4313 ἐξοδον
1662 4240 1723 4316 μοί-

532 4342 637 4392 λιστα.
660 4325 772 4410 Neque
794 4325 888 4391 aliter
910 4330 978 4411 ipse
1001 4329 1142 4392 comicus
1162 4326 1200 4391 de
1217 4325 1285 4391 illis
1304 4328 1496 4393 carbonariis
1517 4336 1565 4394 est
1584 4329 1722 4396 locutus.

577 4415 660 4495 Quid
684 4415 806 4481 multa:
832 4417 1086 4482 emendationem
1108 4417 1260 4501 praebent
1281 4420 1352 4500 ipsa
1375 4439 1455 4502 quae
1478 4418 1574 4484 attuli
1594 4419 1724 4507 Thucy-

533 4505 616 4571 didis
646 4506 753 4571 verba.
786 4507 822 4571 In
846 4506 967 4572 scholio
990 4526 1053 4570 una
1077 4506 1169 4570 hasta
1193 4507 1351 4572 abundat:
1375 4530 1436 4573 non
1463 4518 1721 4575 ΕΤΕΤΙΜΗΤΟ

532 4597 734 4662 scribendum
747 4602 794 4661 est
806 4597 861 4662 sed
871 4605 1123 4661 eTeTMHTO.
1137 4597 1282 4678 Quoniam
1290 4600 1524 4662 Acharneneicm
1533 4601 1601 4680 apri
1611 4603 1725 4665 vastati

532 4695 628 4764 crant,
651 4688 753 4751 horum
776 4688 914 4752 ιοιιίίοοοι
935 4687 1064 4752 omnium
1085 4687 1199 4768 primae
1222 4689 1333 4773 adfore
1356 4690 1490 4774 putabat
1509 4691 1699 4777 Lysistrata.

1560 4800 1590 4845 ν.
1616 4782 1652 4847 In
