4525 5950
970 684 1107 733 ormrus.
1572 668 1636 739 377

484 853 607 934 Quibus
632 852 746 917 addere
769 872 831 915 non
856 850 968 915 dubito
993 849 1013 914 9
1038 849 1150 914 hosce:

484 960 525 1036 ΙΙ,
552 957 617 1023 423
655 958 745 1035 „Hoc
768 962 852 1022 certe
876 956 1002 1020 lurtum
1026 959 1165 1021 coniunx
1189 960 1424 1023 1101101ιοί01υ
1450 963 1566 1046 inquit.

469 1066 525 1142 ΙΙΙ,
574 1064 617 1129 68
653 1066 720 1129 Aut
742 1063 829 1129 ultor
853 1069 977 1128 vestrae
1001 1061 1157 1127 fidissima
1180 1069 1308 1149 pectora
1332 1069 1457 1131 mortis.

472 1211 512 1224 -
552 1170 617 1237 517
653 1170 757 1251 Quam
781 1169 858 1236 felix
883 1190 984 1246 esses,
1009 1171 1095 1233 situ
1120 1190 1246 1254 quoque
1269 1169 1403 1236 luminis
1427 1171 1535 1239 buius.

469 1278 523 1356 IV,
551 1277 616 1343 158
652 1279 695 1342 At
718 1284 755 1341 tu
779 1297 860 1362 quac
883 1279 982 1341 ramis
1006 1277 1099 1341 arbor
1121 1276 1302 1342 miserabile
1326 1299 1452 1364 corpus.

473 1421 516 1434 -
553 1383 618 1448 416
654 1383 739 1447 Tum
763 1404 840 1448 vcro
863 1385 940 1447 totis
964 1382 1079 1446 Bacchi
1102 1382 1312 1448 memorabile
1336 1405 1462 1450 nomen.

488 1491 525 1568 V,
550 1488 615 1556 617
651 1488 794 1556 Grinales
817 1492 917 1554 vittas
942 1487 1068 1554 afflabat
1091 1488 1252 1554 anhelitus
1275 1493 1348 1555 oris.

468 1597 521 1673 VI,
547 1596 613 1660 254
648 1597 691 1661 At
713 1617 777 1660 non
800 1598 965 1660 intonsum
990 1595 1126 1680 supplex
1148 1594 1421 1662 Damasichthona
1444 1597 1566 1664 vultus.

471 1691 514 1750 -’-
551 1698 615 1767 547
653 1699 797 1786 Implebo
821 1699 920 1765 silvas
944 1706 976 1765 01
1000 1704 1124 1765 conscia
1147 1722 1224 1767 sexa
1247 1704 1396 1768 movebo.

456 1809 526 1886 VII,
573 1807 618 1872 50
653 1807 817 1873 Serratrir
841 1807 936 1871 urbes
959 1813 1102 1871 matrum
1125 1806 1322 1873 celebrabere
1347 1809 1452 1874 turbu.

485 1916 531 1979 Ex
562 1915 621 1980 hoc
643 1935 721 2000 ergo
744 1934 861 2000 genere
887 1912 929 1977 52
954 1920 1029 1977 sunt
1053 1934 1182 1992 versus,
1208 1935 1287 1999 quoe
1313 1915 1528 1992 „rhetoricos”
1552 1916 1635 1980 mihi

434 2022 541 2087 dicere
566 2042 658 2106 posse
681 2020 800 2086 videor.

484 2236 555 2320 Age
573 2236 640 2299 iam
659 2253 769 2298 eorum
790 2251 871 2317 quae
891 2231 1056 2315 hucusque
1076 2234 1339 2297 enumeravimus
1359 2254 1521 2298 summam
1541 2235 1634 2299 faeia-

436 2363 522 2406 mus.
548 2340 750 2425 Quamquam
771 2341 857 2402 enlm
876 2336 945 2402 fieri
964 2338 1071 2422 potuit
1091 2342 1128 2400 ut
1148 2359 1249 2401 unum
1274 2337 1475 2423 alterumque
1499 2360 1630 2404 versum

437 2451 642 2523 omitterem,
675 2452 784 2511 tamen
816 2465 852 2509 ca
883 2466 956 2509 sum
979 2447 1012 2509 in
1037 2450 1104 2509 toto
1127 2444 1187 2510 hoo
1210 2449 1339 2531 negotio
1362 2467 1439 2511 usus
1462 2446 1633 2533 diligentia

434 2563 475 2620 ut
495 2553 613 2619 tabulis
633 2556 713 2618 meis
733 2559 900 2636 tamquam
920 2550 1128 2616 fundament-0
1148 2550 1452 2617 demonstrationem
1473 2554 1632 2639 quandam

435 2664 601 2745 imponere
625 2682 687 2725 non
710 2680 829 2725 verear.
855 2657 938 2722 Nam
962 2660 990 2721 si
1013 2660 1085 2742 quis
1104 2657 1186 2721 forte
1206 2656 1347 2742 aliquem
1367 2680 1515 2736 versum,
1535 2680 1631 2744 quem

437 2788 500 2853 ego
531 2766 569 2831 ad
601 2764 854 2850 „descriptivos”
879 2763 991 2840 retuli,
1018 2763 1320 2848 „contemplativis”
1346 2763 1398 2829 vel
1424 2765 1631 2842 „rhetoricis”

437 2872 511 2936 vult
535 2872 761 2948 adnumerare,
786 2877 842 2935 aut
868 2869 1076 2946 „rhetoricis”
1100 2875 1287 2956 exemptum
1311 2873 1396 2935 inter
1419 2870 1633 2956 „contempla-

434 2980 544 3045 tivos”
569 3000 701 3064 ponere,
727 2982 782 3042 aut
803 2997 992 3062 quocunque
1012 2975 1141 3041 tandem
1160 2976 1255 3042 modo
1276 2999 1387 3043 versus
1407 3000 1425 3043 a
1445 2999 1496 3043 me
1516 2981 1630 3043 citatos

436 3095 658 3171 transponere,
687 3086 822 3148 minime
845 3102 973 3147 recuso:
999 3084 1061 3146 tria
1084 3085 1170 3147 enim
1194 3105 1312 3170 genera
1333 3084 1408 3163 illa,
1433 3106 1630 3170 quamquam

431 3196 518 3257 inter
549 3213 581 3256 se
612 3191 809 3275 discrepant,
842 3194 949 3253 tamen
981 3188 1079 3252 simul
1104 3197 1179 3254 sunt
1203 3196 1348 3275 cognata.
1373 3191 1433 3268 Et,
1454 3191 1540 3277 quod
1561 3212 1632 3277 gra-

433 3300 625 3374 viseImum,
657 3295 697 3360 ad
728 3301 872 3359 nostram
902 3296 1060 3359 rationem
1090 3293 1174 3359 nihil
1203 3298 1336 3361 interest
1367 3298 1420 3361 cui
1442 3300 1553 3382 generi
1576 3298 1628 3362 hic

432 3404 490 3469 iIle
513 3424 625 3469 versus
649 3402 889 3466 adnumeretur.

481 3509 648 3573 Habemus
681 3506 722 3572 77
743 3506 905 3588 -1-24-1-
928 3506 970 3570 52
994 3508 1015 3571 i.
1034 3527 1060 3572 e.
1088 3506 1152 3571 153
1177 3527 1288 3572 versus
1312 3506 1545 3593 „ponderosos”
1570 3511 1627 3593 qui

432 3638 490 3680 cur
514 3618 559 3679 sio
583 3620 718 3700 aposta
742 3615 807 3677 sint
830 3611 1019 3677 conformati
1044 3611 1167 3697 IIquido
1191 3620 1331 3698 apparet.

480 3828 680 3912 OpponImus
720 3826 771 3891 hie
809 3847 846 3891 cx
885 3831 952 3891 toto
981 3826 1283 3911 Metamorphoseon
1314 3847 1408 3912 opere
1441 3825 1483 3891 29
1515 3849 1628 3894 versus

433 3932 671 4020 „ponderosos”
707 3936 763 4017 qui
798 3932 996 4016 imprudenti
1031 3937 1144 4017 poetae
1178 3932 1332 3998 excidisse
1363 3933 1522 4009 ridentur,
1553 3938 1630 4020 quia

428 4061 541 4106 sensus
562 4061 674 4105 corum
694 4037 775 4103 nihil
795 4038 892 4104 hebet
912 4037 997 4123 quod
1016 4040 1172 4124 gravitati
1191 4037 1242 4102 illi
1261 4038 1459 4123 respoudeat.
1479 4038 1563 4104 Sunt
1578 4041 1628 4105 hi:

477 4145 518 4223 II,
545 4143 610 4211 742
645 4146 688 4211 ut
711 4165 840 4211 oausam
864 4145 1038 4221 adventus,
1064 4146 1116 4209 cui
1141 4146 1186 4208 sic
1208 4145 1372 4229 respondit
1395 4145 1545 4210 Atlantis.

461 4253 519 4330 III,
547 4252 611 4316 145
646 4252 690 4317 111
714 4251 761 4317 001
784 4273 823 4316 ex
846 4272 947 4337 aequo
971 4256 1058 4316 mete
1081 4249 1220 4314 distabat
1242 4256 1387 4335 utraque.

466 4396 509 4407 -
547 4357 611 4422 313
645 4357 772 4422 Furtim
796 4356 892 4421 illum
916 4359 1029 4442 primis
1053 4356 1109 4422 Ino
1132 4362 1305 4421 matertera
1328 4359 1428 4421 cunis.

446 4463 518 4541 VII,
543 4462 609 4528 233
643 4463 797 4528 Nondum
822 4469 948 4527 mutato
971 4461 1145 4549 vulgatum
1168 4483 1297 4548 corpore
1322 4460 1446 4527 Glauci.

428 4569 515 4648 VIII,
542 4569 606 4635 305
642 4570 685 4634 111
709 4569 803 4634 velox
826 4569 899 4634 Idas
923 4577 954 4633 01
976 4572 1042 4634 iam
1066 4590 1127 4634 non
1152 4568 1271 4633 femina
1295 4566 1447 4635 Caeneus.

457 4676 518 4751 IX,
546 4675 610 4741 115
646 4676 732 4741 Nam
755 4675 880 4742 claram
905 4683 937 4740 et
961 4697 1076 4741 curros
1100 4682 1188 4740 trane
1211 4677 1314 4760 ripam
1339 4678 1471 4740 miserat
1495 4696 1596 4742 arcus.

463 4821 507 4833 —
545 4781 610 4847 43ss
646 4782 712 4847 Nec
736 4787 885 4847 nostrum
910 4784 970 4846 seri
994 4787 1164 4846 currarent
1188 4781 1312 4846 Aeacon
1336 4784 1420 4847 anni.
1686 4770 1688 4774 ¹
