4525 5950
1078 1275 1400 1364 ΤΑΟΙΤΕΑ.

1183 1510 1307 1551 SORlPSl'l'

1036 1694 1065 1758 J.
1097 1693 1125 1759 J.
1159 1694 1450 1761 HARTMAN.

978 1861 1215 1940 (Conticuactur
1245 1884 1281 1924 aa
1306 1885 1379 1944 pap.
1411 1862 1503 1942 210.)

1198 2423 1284 2489 XIV.

691 2635 854 2701 Hactenus
873 2637 1108 2701 ohservationes
1128 2655 1215 2699 meas
1235 2633 1379 2701 Taciteas
1399 2641 1444 2701 ita
1464 2637 1629 2722 disponere
1648 2646 1682 2704 et
1694 2642 1837 2707 ordinere

644 2745 734 2825 potui
764 2747 803 2805 ut
834 2739 974 2826 capitula
1004 2742 1082 2805 bene
1106 2741 1309 2805 cohaerentia
1332 2742 1370 2806 de
1394 2745 1490 2807 variis
1514 2753 1722 2810 nascerentur
1746 2769 1838 2833 argu·

644 2851 772 2911 mentis.
796 2847 902 2911 Maior
924 2868 1008 2910 nunc
1032 2852 1130 2911 restat
1153 2867 1242 2930 pars,
1268 2867 1348 2930 qnae
1373 2847 1463 2912 nullo
1487 2852 1571 2914 inter
1593 2871 1625 2914 se
1649 2852 1837 2917 cohaereant

642 2952 780 3019 vinculo.
806 2952 852 3019 Ne
877 2960 984 3018 tamen
1008 2951 1151 3038 legentes
1175 2955 1286 3017 statim
1309 2952 1500 3040 longissima
1524 2958 1687 3023 variarum
1710 2966 1837 3025 annota-

641 3063 768 3124 tionum
801 3060 962 3124 detineam
989 3061 1087 3135 serie,
1113 3062 1255 3143 primum
1280 3080 1332 3123 me
1355 3062 1440 3124 intra
1464 3082 1516 3126 eos
1539 3061 1715 3128 Annalium
1739 3067 1836 3129 conti·

641 3166 722 3230 nebo
757 3165 870 3241 libros,
907 3168 962 3250 qui
993 3168 1267 3249 praestantissimo
1298 3171 1467 3229 servantur
1496 3167 1602 3231 codice
1634 3168 1782 3234 Mediceo
1811 3167 1835 3232 l.

641 3271 703 3350 Qui
736 3293 809 3336 cum
837 3271 922 3336 lectu
947 3273 989 3334 sit
1013 3269 1204 3345 facillimus,
1230 3273 1468 3335 accuratissime
1491 3274 1630 3356 scriptus
1654 3282 1687 3337 et
1709 3295 1730 3337 a
1754 3295 1837 3339 sum·

642 3379 704 3441 mis
734 3375 907 3463 philologis
938 3376 1189 3461 diligentissime
1220 3397 1390 3452 excussus,
1422 3399 1484 3440 non
1507 3380 1553 3441 ita
1576 3377 1675 3442 multi
1697 3381 1769 3444 eius
1792 3402 1837 3445 re

641 3488 728 3547 stant
759 3482 836 3560 loci,
866 3483 921 3565 qui
951 3484 1092 3565 corrupti
1123 3487 1180 3545 ant
1204 3481 1396 3546 dubitationi
1422 3465 1551 3547 obnoxii
1575 3483 1678 3547 videri
1701 3487 1835 3568 possint.

644 3589 806 3653 Proferam
832 3596 938 3652 tamen
965 3608 1052 3650 meas
1075 3585 1310 3671 qualescunque
1334 3590 1545 3671 suspiciones,
1571 3609 1651 3672 quae
1678 3590 1739 3654 hoc
1767 3590 1835 3655 loco

644 3716 706 3758 nou
737 3693 829 3778 plane
860 3692 1011 3777 indignae
1042 3692 1124 3755 mihi
1156 3695 1243 3756 visae
1273 3695 1353 3769 sint,
1386 3695 1501 3777 quihus
1533 3696 1697 3759 exhaustis
1721 3702 1835 3781 sponte

644 3799 725 3862 mihi
748 3801 802 3862 via
825 3798 863 3862 ad
886 3817 1006 3861 novum
1032 3800 1093 3861 erit
1115 3799 1243 3860 mnnita
1266 3805 1514 3882 argumentum,
1538 3798 1621 3883 quod
1643 3799 1742 3883 paulo
1767 3800 1836 3865 dili·

642 3906 771 3989 gentius
795 3908 986 3988 pertractare
1010 3923 1072 3966 una
1095 3902 1258 3986 alteraque
1278 3904 1536 3968 observationum
1558 3925 1705 3969 mearum
1725 3906 1835 3971 iubere

643 4008 800 4073 videatur.

690 4112 831 4188 „Tiberii
862 4111 986 4197 Gaique
1017 4119 1049 4176 et
1079 4110 1206 4177 Claudii
1237 4133 1272 4176 ac
1296 4112 1430 4177 Neronis
1454 4134 1521 4190 res,
1546 4114 1735 4180 florentibus
1759 4119 1836 4201 ipsis

642 4218 682 4280 ob
710 4225 834 4282 metum
857 4216 968 4294 salsae,
992 4223 1160 4302 postquam
1182 4217 1362 4281 occiderant
1382 4219 1560 4284 recentibus
1579 4219 1660 4283 odiis
1680 4223 1835 4306 composi-

642 4328 693 4387 tae
717 4322 825 4386 snut.''

688 4427 786 4492 Haud
818 4428 913 4492 dubie
945 4428 1004 4492 hoc
1035 4427 1108 4492 vult
1138 4425 1284 4505 Tacitus,
1310 4449 1411 4511 nequo
1437 4430 1521 4492 vivis
1545 4429 1748 4513 principibus
1771 4430 1836 4496 illis

643 4554 743 4617 nsque
767 4536 905 4597 mortuis
929 4554 1039 4598 eornm
1064 4554 1113 4596 res
1137 4535 1183 4597 ita
1206 4538 1243 4597 ut
1266 4539 1411 4617 oporteat
1434 4534 1530 4597 scribi
1554 4536 1707 4618 potuisse.
1733 4536 1837 4616 Quam

641 4638 789 4723 equidem
821 4640 1012 4702 sententiam
1044 4659 1060 4701 e
1093 4638 1198 4701 verbis
1229 4640 1298 4702 eins
1329 4638 1492 4703 extrahere
1522 4660 1584 4703 non
1608 4643 1749 4723 possim,
1775 4645 1837 4706 nisi

641 4744 723 4807 mihi
757 4742 851 4807 liceat
885 4765 960 4807 cum
991 4763 1067 4806 voce
1099 4743 1275 4824 compositae
1306 4743 1435 4827 aliquod
1465 4744 1651 4809 adverbium
1684 4749 1836 4813 iunctum
