4525 5950
1082 689 1219 737 cuorus.
1658 671 1724 738 407

579 855 641 920 Sed
673 856 862 940 praesertim
894 853 1089 930 doctrinam,
1122 874 1185 938 qua
1216 875 1296 940 opus
1319 860 1404 932 erat,
1428 856 1490 920 sibi
1513 854 1648 920 Ovidius
1669 855 1732 921 col·

528 961 615 1047 legit
649 980 688 1024 ex
724 962 813 1024 omni
847 958 1098 1024 enchiridiorum
1134 979 1261 1044 genera.
1296 959 1448 1047 Syllogas
1481 962 1730 1048 geographicas,

531 1067 779 1142 astronomicas,
811 1063 1049 1151 mythologicas
1081 1067 1111 1129 ei
1143 1067 1294 1130 scribenti
1326 1087 1453 1151 semper
1484 1088 1559 1153 praa
1582 1067 1732 1132 manibus

531 1173 632 1237 fuisse
662 1192 720 1257 pro
751 1174 838 1236 certo
869 1176 1002 1235 constat.
1035 1171 1140 1256 Atque
1171 1192 1210 1236 ex
1232 1170 1300 1236 illis
1322 1193 1384 1238 non
1409 1172 1514 1238 solum
1540 1178 1732 1259 argumenta

530 1298 667 1344 suarum
689 1279 910 1342 narrationum
933 1276 1060 1352 hausit,
1084 1276 1141 1341 sed
1164 1280 1281 1354 etiam,
1307 1277 1340 1341 id
1363 1278 1449 1364 quod
1472 1279 1524 1342 hic
1545 1277 1613 1344 illic
1633 1281 1732 1344 etiam

529 1385 653 1448 nostris
684 1403 811 1447 eernere
840 1402 1012 1466 possumus
1043 1379 1162 1458 oculis,
1194 1384 1408 1459 narrationes,
1442 1389 1480 1446 ut
1510 1389 1602 1447 erant
1622 1383 1658 1447 in
1681 1403 1733 1447 eu-

531 1487 671 1554 chiridio
697 1489 842 1564 iunctae,
874 1489 921 1550 ita
943 1488 978 1550 in
1003 1487 1276 1571 metamorphoses
1299 1507 1373 1552 suaa
1397 1487 1574 1553 transtulit.
1597 1487 1733 1573 Semper

530 1601 567 1660 et
591 1594 710 1679 ubique
733 1595 778 1658 sic
801 1613 875 1657 cum
900 1595 1004 1678 agisse
1029 1613 1131 1677 neque
1155 1599 1278 1658 constat
1301 1614 1403 1678 nequa
1426 1593 1575 1659 credibile
1598 1605 1656 1659 est.

581 1700 694 1766 Restat
716 1721 793 1786 ergo
817 1706 855 1763 ut
877 1699 1036 1784 quomodo
1060 1699 1203 1764 fontibus
1224 1699 1292 1764 illis
1316 1721 1393 1765 usus
1416 1703 1460 1765 sit
1483 1700 1619 1765 Ovidius
1639 1721 1734 1786 quae-

532 1827 655 1872 ramus.
687 1804 747 1871 Est
777 1811 885 1871 autem
917 1825 954 1870 ea
985 1807 1129 1889 quaestio
1153 1826 1192 1870 ex
1215 1805 1347 1870 illarum
1370 1827 1505 1872 numero
1529 1826 1607 1891 quas
1631 1806 1734 1871 obiter

534 1919 673 1979 tractare
691 1933 755 1978 non
775 1911 924 1978 videatur
942 1911 1040 1976 nefas.
1062 1909 1157 1976 Sarte
1177 1913 1365 1996 priusquam
1378 1933 1441 1997 qua
1453 1913 1576 1977 ratione
1589 1917 1734 1976 auctores

534 2041 612 2085 suos
642 2021 675 2082 in
706 2039 803 2083 suum
832 2039 929 2083 usum
954 2019 1147 2083 converterit
1170 2016 1306 2082 Ovidius
1329 2017 1503 2104 diligenter
1526 2023 1734 2102 accurateque

534 2127 790 2210 investigemus,
821 2122 902 2189 utile
934 2130 983 2188 est
1008 2143 1048 2200 „a
1070 2125 1169 2208 priori
1194 2123 1409 2201 ratiocinari'',
1434 2131 1472 2188 ut
1493 2123 1733 2190 dialecticorum

535 2230 600 2296 filii
629 2230 816 2315 loquuntur.
848 2230 938 2310 Quod
969 2233 1022 2314 qui
1048 2232 1083 2294 in
1107 2236 1251 2315 tempore
1275 2230 1377 2296 facere
1400 2230 1546 2317 neglexit
1569 2230 1733 2295 interdum

535 2339 640 2402 nimio
672 2335 845 2422 colligendi
876 2335 983 2400 studio
1014 2341 1047 2401 et
1076 2339 1180 2402 nimio
1204 2337 1390 2421 disputandi
1412 2339 1561 2402 acumine
1583 2337 1734 2421 abreptus

537 2442 579 2507 ad
604 2464 674 2507 eam
697 2463 766 2507 rem
790 2441 979 2507 credendam
1004 2441 1186 2518 adducitur,
1210 2463 1307 2526 quam
1330 2463 1441 2508 veram
1464 2463 1532 2507 esse
1556 2463 1619 2506 non
1642 2461 1732 2526 posse

538 2546 645 2612 multo
668 2552 741 2612 ante
764 2567 822 2632 pro
845 2552 931 2612 certo
954 2548 1033 2611 scire
1057 2549 1209 2631 potuerit.
1232 2546 1322 2613 Dabo
1345 2548 1443 2612 huius
1463 2550 1509 2612 rei
1528 2545 1732 2612 luculentum

538 2652 737 2737 exemplum.
770 2651 841 2717 Non
871 2655 918 2717 ita
942 2652 1040 2717 multi
1061 2655 1137 2717 anni
1161 2658 1238 2717 sunt
1260 2674 1335 2717 oum
1357 2655 1391 2717 in
1415 2655 1518 2738 patria
1540 2658 1648 2717 nostra
1671 2672 1734 2716 cer-

538 2761 635 2824 tatim
667 2761 732 2824 viri
762 2758 846 2824 docti
878 2758 1026 2823 nonnulli
1056 2758 1134 2845 quid
1163 2758 1275 2823 literae
1304 2763 1430 2823 nostrae
1453 2756 1588 2823 Senecae
1611 2759 1734 2843 tragico

537 2864 690 2929 deberent
708 2864 913 2950 quaerebant.
933 2863 1076 2929 'Pandam
1097 2862 1269 2949 aliquando
1285 2863 1477 2929 Vondelium
1498 2866 1619 2928 mirum
1638 2883 1735 2948 quan·

538 2978 612 3036 tum
643 2991 662 3036 a
685 2969 804 3036 Seneca
826 2971 1002 3055 sumpsisse
1025 2976 1162 3056 utroque
1182 2978 1275 3055 poeta
1297 2992 1372 3036 cum
1396 2969 1579 3058 pulvisculo
1602 2991 1734 3035 excusso

537 3079 788 3164 pronuntiarunt
807 3098 926 3142 omnes.
951 3076 1014 3142 Sed
1032 3098 1096 3142 non
1115 3077 1257 3142 fecerunt
1276 3077 1309 3141 id
1328 3078 1413 3163 quod
1432 3083 1506 3144 ante
1526 3079 1633 3143 omnia
1652 3082 1736 3141 esset

537 3184 738 3261 faciendum,
759 3190 797 3248 ut
815 3186 886 3269 ipsa
905 3186 1075 3267 utriusque
1095 3190 1207 3268 poetae
1223 3204 1304 3268 quae
1316 3189 1400 3250 esset
1411 3182 1535 3249 indoles
1547 3188 1734 3248 statuerant.

537 3290 630 3371 Quod
660 3292 689 3354 si
720 3290 883 3366 fecissent,
908 3287 991 3352 nihil
1014 3309 1082 3353 esse
1107 3287 1263 3354 vidissent
1287 3290 1372 3374 quod
1395 3294 1558 3374 tantopere
1582 3288 1735 3353 Senecam

536 3399 711 3483 insigniret
733 3402 766 3460 et
788 3416 807 3461 a
829 3400 933 3461 cetero
956 3401 1124 3480 poetarum
1148 3394 1268 3479 populo
1292 3397 1475 3482 seiungeret
1496 3414 1593 3480 quam
1612 3396 1734 3458 mirum

537 3502 623 3568 illud
641 3499 905 3567 sententiolarum
923 3502 1071 3566 brevium
1088 3506 1255 3566 acutarum
1267 3500 1535 3565 subobscurorum
1548 3499 1733 3576 artificium,

540 3610 660 3694 quibus
689 3614 721 3673 et
750 3607 831 3673 aliae
861 3606 982 3672 multae
1013 3627 1063 3671 res
1092 3613 1124 3671 et
1149 3606 1319 3672 hominum
1342 3609 1488 3671 miseriae
1511 3612 1606 3690 atqua
1629 3605 1733 3670 fatum

540 3714 692 3781 acerbum
721 3716 767 3778 ita
797 3714 1047 3799 depingerentur
1077 3717 1115 3777 ut
1146 3733 1207 3777 non
1239 3718 1367 3797 possent
1390 3711 1535 3798 legentes
1557 3733 1620 3776 non
1643 3711 1736 3776 rebe

539 3827 666 3885 menter
695 3822 764 3885 eius
795 3822 936 3884 oratione
967 3820 1179 3895 commoveri3
1221 3817 1383 3903 simulque
1411 3816 1646 3882 intellexissent
1676 3817 1737 3881 boc

538 3926 712 3992 artificium
747 3926 871 3990 imitari
906 3944 997 4009 posse
1028 3926 1192 3989 neminem
1222 3927 1278 4009 qui
1309 3946 1373 3989 non
1404 3926 1483 3989 satis
1513 3924 1592 3989 bene
1623 3923 1737 3988 Latine

538 4035 653 4109 soiret;
686 4029 880 4096 Vondelium
906 4036 1016 4095 autem
1040 4032 1073 4093 in
1096 4050 1243 4095 sermone
1266 4029 1384 4095 Latino
1407 4030 1485 4095 adeo
1509 4029 1609 4094 fuisse
1632 4029 1738 4113 hospi·

538 4144 608 4203 tem
635 4142 687 4213 ut,
713 4157 776 4222 quo
799 4135 877 4221 quid
899 4135 1094 4222 praeclarius
1116 4156 1136 4199 a
1159 4133 1277 4200 Seneca
1300 4135 1423 4200 dictum
1447 4141 1540 4213 esset,
1569 4156 1606 4200 eo
1629 4135 1738 4200 absur-

539 4244 613 4307 dius
642 4241 725 4307 illud
754 4244 1016 4327 interpretatione
1047 4261 1105 4306 sua
1132 4247 1350 4326 corrumperet
1380 4247 1475 4327 atqua
1499 4240 1736 4328 pessumdaret,

538 4370 618 4435 ergo
642 4350 792 4434 quamvis
814 4346 919 4411 multa
941 4346 1095 4413 Vondelio
1114 4368 1189 4412 oum
1208 4346 1326 4413 Seneca
1346 4349 1411 4411 sint
1430 4348 1631 4422 communia,
1652 4344 1736 4431 quod

538 4455 579 4520 ad
611 4474 664 4519 eas
693 4475 744 4518 ree
775 4456 944 4540 pertineat,
975 4453 1093 4538 quibus
1124 4473 1201 4518 vara
1231 4451 1369 4518 alicuius
1399 4458 1511 4538 poetae
1535 4453 1735 4517 contineatur

538 4567 671 4638 natura,
695 4558 819 4625 nullam
841 4562 927 4625 inter
950 4560 1044 4625 hosce
1067 4565 1179 4646 poetas
1200 4559 1395 4625 intercedere
1419 4562 1575 4625 rationem
1591 4557 1625 4638 ¹).

579 4796 606 4860 i)
631 4795 691 4843 Vide
708 4794 813 4844 diarium
830 4792 984 4843 vernaculum
1001 4809 1022 4841 c.
1040 4795 1058 4842 t.
1077 4794 1122 4841 Iar
1137 4808 1167 4841 aa
1188 4791 1248 4841 Vaut
1266 4792 1365 4841 Nieurra
1382 4791 1459 4852 Seria,
1476 4793 1504 4841 le
1522 4791 1644 4854 Jurgang
1664 4790 1736 4838 18⁹4.
