<?xml version="1.0" encoding="UTF-8"?>
<!DOCTYPE html PUBLIC "-//W3C//DTD XHTML 1.0 Transitional//EN"
    "http://www.w3.org/TR/xhtml1/DTD/xhtml1-transitional.dtd">
<html xmlns="http://www.w3.org/1999/xhtml" xml:lang="en" lang="en">
 <head>
  <title>
</title>
<meta http-equiv="Content-Type" content="text/html;charset=utf-8" />
  <meta name='ocr-system' content='tesseract 3.04.00' />
  <meta name='ocr-capabilities' content='ocr_page ocr_carea ocr_par ocr_line ocrx_word'/>
</head>
<body>
  <div class='ocr_page' id='page_1' title='image "./mnemosyne07verdgoog_0074.png"; bbox 0 0 4525 5950; ppageno 0'>
   <div class='ocr_carea' id='block_1_1' title="bbox 951 675 1631 742">
    <p class='ocr_par' dir='ltr' id='par_1_1' title="bbox 951 675 1631 742">
     <span class='ocr_line' id='line_1_1' title="bbox 951 675 1631 742; baseline 0.003 -2"><span class='ocrx_word' id='word_1_1' title='bbox 951 694 1119 742; x_wconf 79' lang='lat' dir='ltr'><strong>uuoreuue.</strong></span> <span class='ocrx_word' id='word_1_2' title='bbox 1588 675 1631 742; x_wconf 86' lang='grc'><strong>59</strong></span> 
     </span>
    </p>
   </div>
   <div class='ocr_carea' id='block_1_2' title="bbox 433 859 1637 1475">
    <p class='ocr_par' dir='ltr' id='par_1_2' title="bbox 433 859 1637 1475">
     <span class='ocr_line' id='line_1_2' title="bbox 433 859 1637 946; baseline 0.001 -23"><span class='ocrx_word' id='word_1_3' title='bbox 433 862 583 942; x_wconf 71' lang='lat' dir='ltr'><strong>bipartirc</strong></span> <span class='ocrx_word' id='word_1_4' title='bbox 606 860 734 937; x_wconf 87' lang='lat' dir='ltr'><strong>dicitur,</strong></span> <span class='ocrx_word' id='word_1_5' title='bbox 759 881 833 925; x_wconf 84' lang='lat' dir='ltr'><strong>nem</strong></span> <span class='ocrx_word' id='word_1_6' title='bbox 857 881 914 925; x_wconf 87' lang='lat' dir='ltr'><strong>nec</strong></span> <span class='ocrx_word' id='word_1_7' title='bbox 938 880 1014 924; x_wconf 77' lang='lat' dir='ltr'><strong>sere</strong></span> <span class='ocrx_word' id='word_1_8' title='bbox 1037 859 1213 946; x_wconf 81' lang='lat' dir='ltr'><strong>quidquam</strong></span> <span class='ocrx_word' id='word_1_9' title='bbox 1236 881 1298 945; x_wconf 92' lang='lat' dir='ltr'><strong>quo</strong></span> <span class='ocrx_word' id='word_1_10' title='bbox 1318 862 1418 943; x_wconf 80' lang='lat' dir='ltr'>pisces</span> <span class='ocrx_word' id='word_1_11' title='bbox 1439 859 1637 925; x_wconf 74' lang='lat' dir='ltr'><strong>delectentur</strong></span> 
     </span>
     <span class='ocr_line' id='line_1_3' title="bbox 434 964 1635 1050; baseline -0.002 -19"><span class='ocrx_word' id='word_1_12' title='bbox 434 970 602 1031; x_wconf 75' lang='lat' dir='ltr'><strong>continent</strong></span> <span class='ocrx_word' id='word_1_13' title='bbox 625 988 682 1031; x_wconf 92' lang='lat' dir='ltr'><strong>nec</strong></span> <span class='ocrx_word' id='word_1_14' title='bbox 706 969 733 1030; x_wconf 88' lang='lat' dir='ltr'><strong>ei</strong></span> <span class='ocrx_word' id='word_1_15' title='bbox 755 986 853 1050; x_wconf 88' lang='lat' dir='ltr'><strong>quem</strong></span> <span class='ocrx_word' id='word_1_16' title='bbox 873 968 1014 1029; x_wconf 82' lang='lat' dir='ltr'><strong>maxime</strong></span> <span class='ocrx_word' id='word_1_17' title='bbox 1033 968 1250 1043; x_wconf 79' lang='lat' dir='ltr'><strong>continerent,</strong></span> <span class='ocrx_word' id='word_1_18' title='bbox 1272 968 1368 1050; x_wconf 82' lang='lat' dir='ltr'><strong>piscis</strong></span> <span class='ocrx_word' id='word_1_19' title='bbox 1388 964 1444 1029; x_wconf 91' lang='lat' dir='ltr'><strong>ille</strong></span> <span class='ocrx_word' id='word_1_20' title='bbox 1465 965 1635 1030; x_wconf 83' lang='lat' dir='ltr'><strong>formidine</strong></span> 
     </span>
     <span class='ocr_line' id='line_1_4' title="bbox 435 1069 1635 1157; baseline -0.001 -21"><span class='ocrx_word' id='word_1_21' title='bbox 435 1073 600 1157; x_wconf 81' lang='lat' dir='ltr'><strong>trepidans</strong></span> <span class='ocrx_word' id='word_1_22' title='bbox 624 1081 656 1136; x_wconf 91' lang='lat' dir='ltr'><strong>et</strong></span> <span class='ocrx_word' id='word_1_23' title='bbox 680 1074 774 1136; x_wconf 80' lang='lat' dir='ltr'><strong>anxie</strong></span> <span class='ocrx_word' id='word_1_24' title='bbox 796 1069 935 1135; x_wconf 83' lang='lat' dir='ltr'><strong>latebrae</strong></span> <span class='ocrx_word' id='word_1_25' title='bbox 959 1092 1113 1155; x_wconf 83' lang='lat' dir='ltr'><strong>quaereus</strong></span> <span class='ocrx_word' id='word_1_26' title='bbox 1138 1092 1221 1134; x_wconf 91' lang='lat' dir='ltr'><strong>nunc</strong></span> <span class='ocrx_word' id='word_1_27' title='bbox 1245 1072 1308 1135; x_wconf 90' lang='lat' dir='ltr'><strong>cibi</strong></span> <span class='ocrx_word' id='word_1_28' title='bbox 1332 1079 1484 1156; x_wconf 81' lang='lat' dir='ltr'><strong>appetens</strong></span> <span class='ocrx_word' id='word_1_29' title='bbox 1508 1077 1555 1135; x_wconf 87' lang='lat' dir='ltr'><strong>eet</strong></span> <span class='ocrx_word' id='word_1_30' title='bbox 1578 1078 1635 1135; x_wconf 85' lang='lat' dir='ltr'><strong>eut</strong></span> 
     </span>
     <span class='ocr_line' id='line_1_5' title="bbox 434 1174 1633 1263; baseline -0.001 -22"><span class='ocrx_word' id='word_1_31' title='bbox 434 1178 684 1263; x_wconf 82' lang='lat' dir='ltr'><strong>cuppediarum,</strong></span> <span class='ocrx_word' id='word_1_32' title='bbox 714 1176 768 1241; x_wconf 81' lang='lat' dir='ltr'><strong>sed</strong></span> <span class='ocrx_word' id='word_1_33' title='bbox 792 1177 921 1261; x_wconf 82' lang='lat' dir='ltr'><strong>refugii.</strong></span> <span class='ocrx_word' id='word_1_34' title='bbox 947 1176 1017 1240; x_wconf 87' lang='lat' dir='ltr'><strong>Une</strong></span> <span class='ocrx_word' id='word_1_35' title='bbox 1039 1174 1185 1240; x_wconf 83' lang='lat' dir='ltr'><strong>litterula</strong></span> <span class='ocrx_word' id='word_1_36' title='bbox 1208 1179 1305 1240; x_wconf 80' lang='lat' dir='ltr'><strong>recise</strong></span> <span class='ocrx_word' id='word_1_37' title='bbox 1331 1177 1503 1253; x_wconf 77' lang='grc' dir='ltr'><strong><em>ἰχνεύων</em></strong></span> <span class='ocrx_word' id='word_1_38' title='bbox 1525 1176 1633 1262; x_wconf 81' lang='lat' dir='ltr'><strong>legen-</strong></span> 
     </span>
     <span class='ocr_line' id='line_1_6' title="bbox 435 1282 1632 1366; baseline -0.003 -18"><span class='ocrx_word' id='word_1_39' title='bbox 435 1284 515 1349; x_wconf 92' lang='lat' dir='ltr'><strong>dum</strong></span> <span class='ocrx_word' id='word_1_40' title='bbox 547 1285 701 1348; x_wconf 84' lang='lat' dir='ltr'><strong>arbitror:</strong></span> <span class='ocrx_word' id='word_1_41' title='bbox 726 1285 895 1365; x_wconf 62' lang='lat' dir='ltr'><strong>recrepant,</strong></span> <span class='ocrx_word' id='word_1_42' title='bbox 920 1284 1085 1362; x_wconf 77' lang='grc' dir='ltr'><strong><em>νἰιιίορονιν,</em></strong></span> <span class='ocrx_word' id='word_1_43' title='bbox 1110 1305 1186 1344; x_wconf 77' lang='lat' dir='ltr'><strong>caco</strong></span> <span class='ocrx_word' id='word_1_44' title='bbox 1210 1283 1341 1366; x_wconf 79' lang='lat' dir='ltr'><strong>undique</strong></span> <span class='ocrx_word' id='word_1_45' title='bbox 1364 1282 1459 1346; x_wconf 72' lang='lat' dir='ltr'><strong>oculte</strong></span> <span class='ocrx_word' id='word_1_46' title='bbox 1482 1283 1632 1361; x_wconf 74' lang='grc' dir='ltr'><strong><em>ίιινύτοαα,</em></strong></span> 
     </span>
     <span class='ocr_line' id='line_1_7' title="bbox 436 1390 1039 1475; baseline -0.002 -21"><span class='ocrx_word' id='word_1_47' title='bbox 436 1413 518 1454; x_wconf 91' lang='lat' dir='ltr'><strong>num</strong></span> <span class='ocrx_word' id='word_1_48' title='bbox 542 1390 622 1454; x_wconf 83' lang='lat' dir='ltr'><strong>forte</strong></span> <span class='ocrx_word' id='word_1_49' title='bbox 647 1391 790 1475; x_wconf 90' lang='lat' dir='ltr'><strong>receptui</strong></span> <span class='ocrx_word' id='word_1_50' title='bbox 814 1409 882 1453; x_wconf 83' lang='lat' dir='ltr'><strong>esee</strong></span> <span class='ocrx_word' id='word_1_51' title='bbox 907 1390 1039 1473; x_wconf 82' lang='lat' dir='ltr'><strong>possint.</strong></span> 
     </span>
    </p>
   </div>
   <div class='ocr_carea' id='block_1_3' title="bbox 433 1605 1635 2432">
    <p class='ocr_par' dir='ltr' id='par_1_3' title="bbox 433 1605 1635 2432">
     <span class='ocr_line' id='line_1_8' title="bbox 481 1605 1633 1693; baseline -0.003 -20"><span class='ocrx_word' id='word_1_52' title='bbox 481 1606 607 1693; x_wconf 83' lang='lat' dir='ltr'><strong>Oetepl.</strong></span> <span class='ocrx_word' id='word_1_53' title='bbox 638 1606 674 1674; x_wconf 83' lang='lat' dir='ltr'><strong>O.</strong></span> <span class='ocrx_word' id='word_1_54' title='bbox 709 1607 738 1671; x_wconf 93' lang='lat' dir='ltr'><strong>l.</strong></span> <span class='ocrx_word' id='word_1_55' title='bbox 771 1607 788 1680; x_wconf 77' lang='grc' dir='ltr'><strong><em>η</em></strong></span> <span class='ocrx_word' id='word_1_56' title='bbox 821 1605 913 1685; x_wconf 74' lang='grc' dir='ltr'><strong><em>τύχα</em></strong></span> <span class='ocrx_word' id='word_1_57' title='bbox 946 1629 1002 1669; x_wconf 87' lang='grc' dir='ltr'><strong>τον</strong></span> <span class='ocrx_word' id='word_1_58' title='bbox 1035 1610 1186 1672; x_wconf 78' lang='grc' dir='ltr'><strong>κλωπεύει</strong></span> <span class='ocrx_word' id='word_1_59' title='bbox 1220 1609 1234 1671; x_wconf 82' lang='lat' dir='ltr'><strong>d</strong></span> <span class='ocrx_word' id='word_1_60' title='bbox 1267 1607 1420 1684; x_wconf 73' lang='grc' dir='ltr'><strong><em>γεννάδας</em></strong></span> <span class='ocrx_word' id='word_1_61' title='bbox 1453 1607 1633 1684; x_wconf 80' lang='grc' dir='ltr'><strong>ταριλύύν.</strong></span> 
     </span>
     <span class='ocr_line' id='line_1_9' title="bbox 433 1711 1635 1797; baseline -0.002 -18"><span class='ocrx_word' id='word_1_62' title='bbox 433 1716 584 1779; x_wconf 81' lang='grc' dir='ltr'><strong><em>Εττοιοιιι</em></strong></span> <span class='ocrx_word' id='word_1_63' title='bbox 616 1713 790 1789; x_wconf 76' lang='lat' dir='ltr'><strong>indicavit,</strong></span> <span class='ocrx_word' id='word_1_64' title='bbox 825 1733 888 1777; x_wconf 90' lang='lat' dir='ltr'><strong>non</strong></span> <span class='ocrx_word' id='word_1_65' title='bbox 920 1713 1053 1776; x_wconf 81' lang='lat' dir='ltr'><strong>sustulit·</strong></span> <span class='ocrx_word' id='word_1_66' title='bbox 1085 1711 1225 1779; x_wconf 85' lang='lat' dir='ltr'><strong>Oobetus</strong></span> <span class='ocrx_word' id='word_1_67' title='bbox 1257 1713 1445 1792; x_wconf 81' lang='grc' dir='ltr'><strong>τεριελύύν</strong></span> <span class='ocrx_word' id='word_1_68' title='bbox 1470 1733 1635 1797; x_wconf 76' lang='lat' dir='ltr'><strong>reponens.</strong></span> 
     </span>
     <span class='ocr_line' id='line_1_10' title="bbox 435 1818 1635 1904; baseline -0.003 -18"><span class='ocrx_word' id='word_1_69' title='bbox 435 1821 602 1886; x_wconf 79' lang='lat' dir='ltr'><strong>Scribetur</strong></span> <span class='ocrx_word' id='word_1_70' title='bbox 633 1819 717 1904; x_wconf 95' lang='lat' dir='ltr'><strong>quod</strong></span> <span class='ocrx_word' id='word_1_71' title='bbox 748 1819 787 1883; x_wconf 92' lang='lat' dir='ltr'><strong>de</strong></span> <span class='ocrx_word' id='word_1_72' title='bbox 818 1819 943 1882; x_wconf 86' lang='lat' dir='ltr'><strong>furibus</strong></span> <span class='ocrx_word' id='word_1_73' title='bbox 975 1818 1089 1883; x_wconf 82' lang='lat' dir='ltr'><strong>aliisve</strong></span> <span class='ocrx_word' id='word_1_74' title='bbox 1121 1822 1177 1903; x_wconf 91' lang='lat' dir='ltr'><strong>qni</strong></span> <span class='ocrx_word' id='word_1_75' title='bbox 1207 1818 1291 1883; x_wconf 86' lang='lat' dir='ltr'><strong>clem</strong></span> <span class='ocrx_word' id='word_1_76' title='bbox 1315 1822 1478 1884; x_wconf 90' lang='lat' dir='ltr'><strong>introeunt</strong></span> <span class='ocrx_word' id='word_1_77' title='bbox 1501 1819 1635 1882; x_wconf 88' lang='lat' dir='ltr'><strong>verbum</strong></span> 
     </span>
     <span class='ocr_line' id='line_1_11' title="bbox 435 1923 1635 2011; baseline -0.006 -19"><span class='ocrx_word' id='word_1_78' title='bbox 435 1937 483 1992; x_wconf 84' lang='lat' dir='ltr'><strong>eet</strong></span> <span class='ocrx_word' id='word_1_79' title='bbox 512 1929 680 2011; x_wconf 91' lang='lat' dir='ltr'><strong>proprium</strong></span> <span class='ocrx_word' id='word_1_80' title='bbox 705 1930 737 1990; x_wconf 91' lang='lat' dir='ltr'><strong>et</strong></span> <span class='ocrx_word' id='word_1_81' title='bbox 760 1927 937 1989; x_wconf 76' lang='lat' dir='ltr'><strong>usitatum:</strong></span> <span class='ocrx_word' id='word_1_82' title='bbox 963 1926 1197 2000; x_wconf 77' lang='grc' dir='ltr'><strong>ταρισελύύν.</strong></span> <span class='ocrx_word' id='word_1_83' title='bbox 1230 1923 1278 1992; x_wconf 82' lang='lat' dir='ltr'><strong>cf.</strong></span> <span class='ocrx_word' id='word_1_84' title='bbox 1305 1923 1391 1990; x_wconf 80' lang='lat' dir='ltr'><strong>Gall.</strong></span> <span class='ocrx_word' id='word_1_85' title='bbox 1416 1923 1451 1991; x_wconf 84' lang='lat' dir='ltr'><strong>O.</strong></span> <span class='ocrx_word' id='word_1_86' title='bbox 1477 1923 1537 1988; x_wconf 81' lang='lat'><strong>28:</strong></span> <span class='ocrx_word' id='word_1_87' title='bbox 1560 1947 1635 1999; x_wconf 80' lang='grc' dir='ltr'><strong><em>μετ-</em></strong></span> 
     </span>
     <span class='ocr_line' id='line_1_12' title="bbox 433 2029 1633 2109; baseline -0.003 -12"><span class='ocrx_word' id='word_1_88' title='bbox 433 2036 504 2098; x_wconf 85' lang='grc' dir='ltr'><strong><em>οίσω</em></strong></span> <span class='ocrx_word' id='word_1_89' title='bbox 537 2035 601 2109; x_wconf 76' lang='grc' dir='ltr'><strong>γαρ</strong></span> <span class='ocrx_word' id='word_1_90' title='bbox 633 2033 718 2096; x_wconf 78' lang='grc' dir='ltr'><strong><em>αὐτοὶ</em></strong></span> <span class='ocrx_word' id='word_1_91' title='bbox 750 2032 989 2108; x_wconf 56' lang='lat' dir='ltr'><strong>namnetim</strong></span> <span class='ocrx_word' id='word_1_92' title='bbox 1023 2030 1107 2095; x_wconf 84' lang='lat' dir='ltr'><strong>Dial.</strong></span> <span class='ocrx_word' id='word_1_93' title='bbox 1138 2031 1269 2097; x_wconf 88' lang='lat' dir='ltr'><strong>Meretr.</strong></span> <span class='ocrx_word' id='word_1_94' title='bbox 1297 2029 1402 2095; x_wconf 81' lang='grc'><strong>12.3;</strong></span> <span class='ocrx_word' id='word_1_95' title='bbox 1435 2031 1633 2107; x_wconf 75' lang='grc' dir='ltr'><strong><em>παραγαγὼν</em></strong></span> 
     </span>
     <span class='ocr_line' id='line_1_13' title="bbox 433 2134 1631 2220; baseline -0.003 -18"><span class='ocrx_word' id='word_1_96' title='bbox 433 2140 485 2202; x_wconf 86' lang='grc' dir='ltr'><strong>τὶν</strong></span> <span class='ocrx_word' id='word_1_97' title='bbox 518 2137 657 2217; x_wconf 72' lang='grc' dir='ltr'><strong><em>στροφέα</em></strong></span> <span class='ocrx_word' id='word_1_98' title='bbox 690 2140 944 2214; x_wconf 76' lang='grc' dir='ltr'><strong><em>ιταρεσιῑλύον</em></strong></span> <span class='ocrx_word' id='word_1_99' title='bbox 978 2136 1134 2213; x_wconf 65' lang='grc' dir='ltr'><strong>ἀψοφητί.</strong></span> <span class='ocrx_word' id='word_1_100' title='bbox 1168 2136 1204 2200; x_wconf 90' lang='lat' dir='ltr'><strong>Iu</strong></span> <span class='ocrx_word' id='word_1_101' title='bbox 1235 2134 1271 2203; x_wconf 80' lang='lat' dir='ltr'><strong>G.</strong></span> <span class='ocrx_word' id='word_1_102' title='bbox 1296 2135 1317 2200; x_wconf 88' lang='grc'>8</span> <span class='ocrx_word' id='word_1_103' title='bbox 1341 2136 1485 2202; x_wconf 79' lang='lat' dir='ltr'><strong>deleatur</strong></span> <span class='ocrx_word' id='word_1_104' title='bbox 1508 2134 1631 2220; x_wconf 80' lang='lat' dir='ltr'><strong>puerile</strong></span> 
     </span>
     <span class='ocr_line' id='line_1_14' title="bbox 433 2237 1632 2328; baseline -0.004 -20"><span class='ocrx_word' id='word_1_105' title='bbox 433 2248 780 2328; x_wconf 74' lang='lat' dir='ltr'><strong>interpretamentum:</strong></span> <span class='ocrx_word' id='word_1_106' title='bbox 805 2237 874 2305; x_wconf 76' lang='grc' dir='ltr'><strong><em>είτοὶ</em></strong></span> <span class='ocrx_word' id='word_1_107' title='bbox 900 2265 944 2306; x_wconf 91' lang='grc' dir='ltr'><strong>σοι</strong></span> <span class='ocrx_word' id='word_1_108' title='bbox 970 2241 1206 2316; x_wconf 78' lang='grc' dir='ltr'><strong><em>αὐτόματος</em></strong></span> <span class='ocrx_word' id='word_1_109' title='bbox 1227 2240 1285 2317; x_wconf 61' lang='lat' dir='ltr'><strong>’lie</strong></span> <span class='ocrx_word' id='word_1_110' title='bbox 1307 2245 1545 2323; x_wconf 77' lang='grc' dir='ltr'><strong><em>[καλοῦντος</em></strong></span> <span class='ocrx_word' id='word_1_111' title='bbox 1567 2265 1632 2314; x_wconf 88' lang='grc' dir='ltr'><strong>μη·</strong></span> 
     </span>
     <span class='ocr_line' id='line_1_15' title="bbox 438 2351 576 2432; baseline -0.014 -17"><span class='ocrx_word' id='word_1_112' title='bbox 438 2351 576 2432; x_wconf 66' lang='lat' dir='ltr'><strong>deute}</strong></span> 
     </span>
    </p>
   </div>
   <div class='ocr_carea' id='block_1_4' title="bbox 432 2549 1631 2849">
    <p class='ocr_par' dir='ltr' id='par_1_4' title="bbox 432 2549 1631 2849">
     <span class='ocr_line' id='line_1_16' title="bbox 479 2549 1631 2630; baseline -0.004 -13"><span class='ocrx_word' id='word_1_113' title='bbox 479 2551 561 2617; x_wconf 91' lang='lat' dir='ltr'><strong>Ibid.</strong></span> <span class='ocrx_word' id='word_1_114' title='bbox 593 2550 629 2618; x_wconf 84' lang='lat' dir='ltr'><strong>C.</strong></span> <span class='ocrx_word' id='word_1_115' title='bbox 655 2549 708 2616; x_wconf 82' lang='grc'><strong>22.</strong></span> <span class='ocrx_word' id='word_1_116' title='bbox 746 2550 763 2626; x_wconf 74' lang='grc' dir='ltr'><em>ἢ</em></span> <span class='ocrx_word' id='word_1_117' title='bbox 795 2553 837 2630; x_wconf 79' lang='grc' dir='ltr'><strong>τῷ</strong></span> <span class='ocrx_word' id='word_1_118' title='bbox 868 2551 980 2630; x_wconf 78' lang='grc' dir='ltr'><strong><em>διαγνῷ</em></strong></span> <span class='ocrx_word' id='word_1_119' title='bbox 1013 2573 1058 2620; x_wconf 80' lang='grc' dir='ltr'><strong>τις</strong></span> <span class='ocrx_word' id='word_1_120' title='bbox 1092 2551 1223 2614; x_wconf 67' lang='grc' dir='ltr'><strong><em>ἐνταῦθα</em></strong></span> <span class='ocrx_word' id='word_1_121' title='bbox 1255 2551 1281 2614; x_wconf 81' lang='grc' dir='ltr'><strong>εί</strong></span> <span class='ocrx_word' id='word_1_122' title='bbox 1313 2551 1449 2612; x_wconf 84' lang='grc' dir='ltr'><strong><em>καλλίων</em></strong></span> <span class='ocrx_word' id='word_1_123' title='bbox 1482 2552 1631 2626; x_wconf 75' lang='grc' dir='ltr'><strong><em>Φρύνης</em></strong></span> 
     </span>
     <span class='ocr_line' id='line_1_17' title="bbox 436 2654 1631 2742; baseline -0.003 -19"><span class='ocrx_word' id='word_1_124' title='bbox 436 2669 515 2729; x_wconf 84' lang='grc' dir='ltr'><strong>Σιμ</strong></span> <span class='ocrx_word' id='word_1_125' title='bbox 526 2661 573 2731; x_wconf 84' lang='grc' dir='ltr'><strong>μί</strong></span> <span class='ocrx_word' id='word_1_126' title='bbox 583 2682 646 2736; x_wconf 84' lang='grc' dir='ltr'><strong>χη.</strong></span> <span class='ocrx_word' id='word_1_127' title='bbox 671 2656 873 2721; x_wconf 86' lang='lat' dir='ltr'><strong>Perebeurde</strong></span> <span class='ocrx_word' id='word_1_128' title='bbox 895 2657 954 2722; x_wconf 92' lang='lat' dir='ltr'><strong>boc</strong></span> <span class='ocrx_word' id='word_1_129' title='bbox 973 2657 1101 2733; x_wconf 90' lang='lat' dir='ltr'><strong>dicitur,</strong></span> <span class='ocrx_word' id='word_1_130' title='bbox 1123 2664 1155 2720; x_wconf 91' lang='lat' dir='ltr'><strong>et</strong></span> <span class='ocrx_word' id='word_1_131' title='bbox 1175 2662 1307 2742; x_wconf 79' lang='lat' dir='ltr'><strong>apparet</strong></span> <span class='ocrx_word' id='word_1_132' title='bbox 1325 2654 1418 2741; x_wconf 87' lang='lat' dir='ltr'><strong>plene</strong></span> <span class='ocrx_word' id='word_1_133' title='bbox 1437 2659 1631 2721; x_wconf 83' lang='lat' dir='ltr'><strong>contrarium</strong></span> 
     </span>
     <span class='ocr_line' id='line_1_18' title="bbox 432 2761 1339 2849; baseline -0.001 -21"><span class='ocrx_word' id='word_1_134' title='bbox 432 2767 556 2849; x_wconf 89' lang='lat' dir='ltr'><strong>requiri</strong></span> <span class='ocrx_word' id='word_1_135' title='bbox 566 2784 574 2841; x_wconf 88' lang='lat'>;</span> <span class='ocrx_word' id='word_1_136' title='bbox 601 2762 743 2827; x_wconf 82' lang='lat' dir='ltr'><strong>sufficere</strong></span> <span class='ocrx_word' id='word_1_137' title='bbox 767 2762 914 2827; x_wconf 85' lang='lat' dir='ltr'><strong>videtur:</strong></span> <span class='ocrx_word' id='word_1_138' title='bbox 940 2766 1066 2841; x_wconf 82' lang='grc' dir='ltr'><strong><em>Φρύνη</em></strong></span> <span class='ocrx_word' id='word_1_139' title='bbox 1092 2761 1107 2836; x_wconf 72' lang='grc' dir='ltr'><strong><em>ἢ</em></strong></span> <span class='ocrx_word' id='word_1_140' title='bbox 1136 2767 1339 2840; x_wconf 80' lang='grc' dir='ltr'><strong>Σιμμίχη.</strong></span> 
     </span>
    </p>
   </div>
   <div class='ocr_carea' id='block_1_5' title="bbox 431 2980 1633 3594">
    <p class='ocr_par' dir='ltr' id='par_1_5' title="bbox 431 2980 1633 3594">
     <span class='ocr_line' id='line_1_19' title="bbox 479 2980 1633 3059; baseline -0.003 -13"><span class='ocrx_word' id='word_1_141' title='bbox 479 2982 560 3048; x_wconf 90' lang='lat' dir='ltr'><strong>lbid.</strong></span> <span class='ocrx_word' id='word_1_142' title='bbox 587 2980 623 3048; x_wconf 83' lang='lat' dir='ltr'><strong>O.</strong></span> <span class='ocrx_word' id='word_1_143' title='bbox 648 2981 702 3045; x_wconf 78' lang='grc'><strong>24.</strong></span> <span class='ocrx_word' id='word_1_144' title='bbox 735 2980 862 3044; x_wconf 74' lang='lat' dir='ltr'><strong>trica</strong></span> <span class='ocrx_word' id='word_1_145' title='bbox 895 2980 933 3044; x_wconf 76' lang='grc' dir='ltr'><strong>ἄν</strong></span> <span class='ocrx_word' id='word_1_146' title='bbox 957 3004 1003 3049; x_wconf 76' lang='grc' dir='ltr'><strong>τις</strong></span> <span class='ocrx_word' id='word_1_147' title='bbox 1029 2980 1109 3054; x_wconf 78' lang='grc' dir='ltr'><strong><em>ὑμῶν</em></strong></span> <span class='ocrx_word' id='word_1_148' title='bbox 1136 2981 1249 3059; x_wconf 77' lang='grc' dir='ltr'><strong>πονηροὶ</strong></span> <span class='ocrx_word' id='word_1_149' title='bbox 1275 2982 1445 3058; x_wconf 73' lang='grc' dir='ltr'><strong><em>ἐργάσηται</em></strong></span> <span class='ocrx_word' id='word_1_150' title='bbox 1471 2981 1556 3058; x_wconf 75' lang='grc' dir='ltr'><strong><em>παρὰ</em></strong></span> <span class='ocrx_word' id='word_1_151' title='bbox 1581 2980 1633 3044; x_wconf 73' lang='grc' dir='ltr'><strong>τὸν</strong></span> 
     </span>
     <span class='ocr_line' id='line_1_20' title="bbox 434 3084 1630 3168; baseline 0 -17"><span class='ocrx_word' id='word_1_152' title='bbox 434 3089 516 3164; x_wconf 77' lang='grc' dir='ltr'><strong><em>βίον,</em></strong></span> <span class='ocrx_word' id='word_1_153' title='bbox 552 3090 636 3151; x_wconf 73' lang='grc' dir='ltr'><strong><em>καθ’</em></strong></span> <span class='ocrx_word' id='word_1_154' title='bbox 667 3084 841 3150; x_wconf 80' lang='grc' dir='ltr'><strong><em>ἕκαστον</em></strong></span> <span class='ocrx_word' id='word_1_155' title='bbox 873 3089 973 3150; x_wconf 81' lang='grc' dir='ltr'><strong><em>αύτῶν</em></strong></span> <span class='ocrx_word' id='word_1_156' title='bbox 1006 3091 1115 3164; x_wconf 69' lang='grc' dir='ltr'><strong><em>ἀφανῆ</em></strong></span> <span class='ocrx_word' id='word_1_157' title='bbox 1148 3089 1319 3163; x_wconf 86' lang='grc' dir='ltr'><strong><em>στίγματα</em></strong></span> <span class='ocrx_word' id='word_1_158' title='bbox 1353 3089 1400 3151; x_wconf 80' lang='grc' dir='ltr'><strong><em>ἐντί</em></strong></span> <span class='ocrx_word' id='word_1_159' title='bbox 1434 3095 1487 3162; x_wconf 73' lang='grc' dir='ltr'><strong>τῆς</strong></span> <span class='ocrx_word' id='word_1_160' title='bbox 1521 3093 1630 3168; x_wconf 74' lang='grc' dir='ltr'><em>ψυχῆς</em></span> 
     </span>
     <span class='ocr_line' id='line_1_21' title="bbox 433 3191 1632 3277; baseline -0.001 -21"><span class='ocrx_word' id='word_1_161' title='bbox 433 3194 602 3269; x_wconf 76' lang='grc' dir='ltr'><strong>περιφέρει.</strong></span> <span class='ocrx_word' id='word_1_162' title='bbox 636 3191 722 3255; x_wconf 88' lang='lat' dir='ltr'><strong>Hinc</strong></span> <span class='ocrx_word' id='word_1_163' title='bbox 753 3194 906 3257; x_wconf 90' lang='lat' dir='ltr'><strong>correctio</strong></span> <span class='ocrx_word' id='word_1_164' title='bbox 936 3198 1066 3277; x_wconf 87' lang='lat' dir='ltr'><strong>petetur</strong></span> <span class='ocrx_word' id='word_1_165' title='bbox 1096 3191 1165 3257; x_wconf 88' lang='lat' dir='ltr'><strong>loco</strong></span> <span class='ocrx_word' id='word_1_166' title='bbox 1197 3191 1349 3257; x_wconf 84' lang='lat' dir='ltr'><strong>similiter</strong></span> <span class='ocrx_word' id='word_1_167' title='bbox 1379 3193 1574 3258; x_wconf 84' lang='lat' dir='ltr'><strong>conformato</strong></span> <span class='ocrx_word' id='word_1_168' title='bbox 1598 3195 1632 3255; x_wconf 93' lang='lat' dir='ltr'><strong>in</strong></span> 
     </span>
     <span class='ocr_line' id='line_1_22' title="bbox 431 3296 1632 3383; baseline -0.003 -19"><span class='ocrx_word' id='word_1_169' title='bbox 431 3298 544 3364; x_wconf 88' lang='lat' dir='ltr'><strong>libello</strong></span> <span class='ocrx_word' id='word_1_170' title='bbox 567 3299 605 3363; x_wconf 92' lang='lat' dir='ltr'><strong>de</strong></span> <span class='ocrx_word' id='word_1_171' title='bbox 630 3298 767 3383; x_wconf 79' lang='lat' dir='ltr'><strong>imagin.</strong></span> <span class='ocrx_word' id='word_1_172' title='bbox 789 3296 824 3364; x_wconf 83' lang='grc'><strong>0.</strong></span> <span class='ocrx_word' id='word_1_173' title='bbox 847 3297 906 3361; x_wconf 82' lang='grc'><strong>15;</strong></span> <span class='ocrx_word' id='word_1_174' title='bbox 932 3300 1007 3360; x_wconf 67' lang='grc' dir='ltr'><strong><em>ἀλλ’</em></strong></span> <span class='ocrx_word' id='word_1_175' title='bbox 1028 3298 1176 3361; x_wconf 82' lang='grc' dir='ltr'><strong><em>ύτύσαι</em></strong></span> <span class='ocrx_word' id='word_1_176' title='bbox 1200 3306 1254 3372; x_wconf 73' lang='grc' dir='ltr'><strong>τῆς</strong></span> <span class='ocrx_word' id='word_1_177' title='bbox 1277 3303 1386 3378; x_wconf 76' lang='grc' dir='ltr'><strong><em>ψυχῆς</em></strong></span> <span class='ocrx_word' id='word_1_178' title='bbox 1404 3302 1525 3376; x_wconf 72' lang='grc' dir='ltr'><strong><em>ἀρεταί,</em></strong></span> <span class='ocrx_word' id='word_1_179' title='bbox 1551 3300 1632 3361; x_wconf 71' lang='grc' dir='ltr'><strong><em>καί·</em></strong></span> 
     </span>
     <span class='ocr_line' id='line_1_23' title="bbox 431 3404 1631 3488; baseline -0.002 -19"><span class='ocrx_word' id='word_1_180' title='bbox 431 3407 570 3476; x_wconf 74' lang='grc' dir='ltr'><strong><em>ἑκάστην</em></strong></span> <span class='ocrx_word' id='word_1_181' title='bbox 607 3404 692 3467; x_wconf 64' lang='lat' dir='ltr'><strong>staec</strong></span> <span class='ocrx_word' id='word_1_182' title='bbox 727 3405 788 3479; x_wconf 88' lang='grc' dir='ltr'><strong><em>μία</em></strong></span> <span class='ocrx_word' id='word_1_183' title='bbox 820 3404 1039 3481; x_wconf 72' lang='grc' dir='ltr'><strong><em>γεγράψεται,</em></strong></span> <span class='ocrx_word' id='word_1_184' title='bbox 1072 3404 1128 3467; x_wconf 87' lang='lat' dir='ltr'><strong>ubi</strong></span> <span class='ocrx_word' id='word_1_185' title='bbox 1159 3425 1216 3488; x_wconf 87' lang='lat' dir='ltr'><strong>pro</strong></span> <span class='ocrx_word' id='word_1_186' title='bbox 1249 3405 1396 3469; x_wconf 73' lang='grc' dir='ltr'><strong><em>ὁπόσαι</em></strong></span> <span class='ocrx_word' id='word_1_187' title='bbox 1429 3404 1631 3470; x_wconf 79' lang='lat' dir='ltr'><strong>librariorum</strong></span> 
     </span>
     <span class='ocr_line' id='line_1_24' title="bbox 432 3510 1173 3594; baseline -0.003 -19"><span class='ocrx_word' id='word_1_188' title='bbox 432 3510 581 3575; x_wconf 77' lang='lat' dir='ltr'><strong>socordio</strong></span> <span class='ocrx_word' id='word_1_189' title='bbox 603 3510 643 3573; x_wconf 86' lang='grc' dir='ltr'><strong><em>αἱ</em></strong></span> <span class='ocrx_word' id='word_1_190' title='bbox 669 3514 800 3574; x_wconf 74' lang='grc' dir='ltr'><strong><em>πᾶσαν</em></strong></span> <span class='ocrx_word' id='word_1_191' title='bbox 824 3512 859 3573; x_wconf 93' lang='lat' dir='ltr'><strong>in</strong></span> <span class='ocrx_word' id='word_1_192' title='bbox 883 3515 1010 3574; x_wconf 85' lang='lat' dir='ltr'><strong>textum</strong></span> <span class='ocrx_word' id='word_1_193' title='bbox 1033 3511 1173 3594; x_wconf 85' lang='lat' dir='ltr'><strong>irrepsit.</strong></span> 
     </span>
    </p>
   </div>
   <div class='ocr_carea' id='block_1_6' title="bbox 429 3709 1633 4852">
    <p class='ocr_par' dir='ltr' id='par_1_6' title="bbox 429 3709 1633 4852">
     <span class='ocr_line' id='line_1_25' title="bbox 480 3709 1631 3791; baseline 0.001 -14"><span class='ocrx_word' id='word_1_194' title='bbox 480 3711 529 3777; x_wconf 91' lang='lat' dir='ltr'><strong>De</strong></span> <span class='ocrx_word' id='word_1_195' title='bbox 561 3710 709 3777; x_wconf 84' lang='lat' dir='ltr'><strong>Mercede</strong></span> <span class='ocrx_word' id='word_1_196' title='bbox 739 3709 893 3778; x_wconf 73' lang='lat' dir='ltr'><strong>Conduct.</strong></span> <span class='ocrx_word' id='word_1_197' title='bbox 928 3709 963 3777; x_wconf 83' lang='lat' dir='ltr'><strong>C.</strong></span> <span class='ocrx_word' id='word_1_198' title='bbox 990 3710 1020 3775; x_wconf 87' lang='grc'><strong>3.</strong></span> <span class='ocrx_word' id='word_1_199' title='bbox 1054 3712 1104 3774; x_wconf 85' lang='grc' dir='ltr'><strong><em>καί</em></strong></span> <span class='ocrx_word' id='word_1_200' title='bbox 1139 3711 1293 3788; x_wconf 78' lang='grc' dir='ltr'><strong><em>πρῶτίν</em></strong></span> <span class='ocrx_word' id='word_1_201' title='bbox 1326 3737 1384 3788; x_wconf 84' lang='grc' dir='ltr'><strong>γε,</strong></span> <span class='ocrx_word' id='word_1_202' title='bbox 1410 3711 1539 3784; x_wconf 71' lang='grc' dir='ltr'><strong><em>ὁπηνίκα</em></strong></span> <span class='ocrx_word' id='word_1_203' title='bbox 1564 3715 1631 3791; x_wconf 81' lang='grc' dir='ltr'><strong>περί</strong></span> 
     </span>
     <span class='ocr_line' id='line_1_26' title="bbox 433 3815 1633 3896; baseline 0 -14"><span class='ocrx_word' id='word_1_204' title='bbox 433 3825 494 3882; x_wconf 85' lang='grc' dir='ltr'><strong>τῶν</strong></span> <span class='ocrx_word' id='word_1_205' title='bbox 528 3820 666 3881; x_wconf 84' lang='grc' dir='ltr'><strong><em>τοιούτων</em></strong></span> <span class='ocrx_word' id='word_1_206' title='bbox 699 3818 712 3880; x_wconf 80' lang='grc' dir='ltr'>ὅ</span> <span class='ocrx_word' id='word_1_207' title='bbox 744 3816 943 3896; x_wconf 83' lang='lat' dir='ltr'><strong>(delendum)</strong></span> <span class='ocrx_word' id='word_1_208' title='bbox 968 3816 1061 3892; x_wconf 85' lang='grc' dir='ltr'><strong><em>λύγος</em></strong></span> <span class='ocrx_word' id='word_1_209' title='bbox 1086 3816 1226 3880; x_wconf 80' lang='grc' dir='ltr'><strong><em>ἐνέπεσεν</em></strong></span> <span class='ocrx_word' id='word_1_210' title='bbox 1352 3818 1443 3894; x_wconf 80' lang='grc' dir='ltr'><strong><em>ἑώρων</em></strong></span> <span class='ocrx_word' id='word_1_211' title='bbox 1468 3815 1545 3888; x_wconf 75' lang='grc' dir='ltr'><strong>ὅπως</strong></span> <span class='ocrx_word' id='word_1_212' title='bbox 1572 3820 1633 3882; x_wconf 78' lang='grc' dir='ltr'><strong>ἰκε-</strong></span> 
     </span>
     <span class='ocr_line' id='line_1_27' title="bbox 431 3922 1630 4008; baseline 0.003 -23"><span class='ocrx_word' id='word_1_213' title='bbox 431 3926 541 4003; x_wconf 75' lang='grc' dir='ltr'><strong><em>χύνεκ</em></strong></span> <span class='ocrx_word' id='word_1_214' title='bbox 567 3923 637 4000; x_wconf 75' lang='grc' dir='ltr'><strong>πρὸς</strong></span> <span class='ocrx_word' id='word_1_215' title='bbox 662 3923 756 3986; x_wconf 74' lang='lat' dir='ltr'><strong>atrei.</strong></span> <span class='ocrx_word' id='word_1_216' title='bbox 780 3922 815 3987; x_wconf 84' lang='lat' dir='ltr'><strong>Si</strong></span> <span class='ocrx_word' id='word_1_217' title='bbox 841 3928 989 4000; x_wconf 80' lang='grc' dir='ltr'><strong><em>πρῶτον</em></strong></span> <span class='ocrx_word' id='word_1_218' title='bbox 1011 3928 1095 3986; x_wconf 92' lang='lat' dir='ltr'><strong>recte</strong></span> <span class='ocrx_word' id='word_1_219' title='bbox 1115 3922 1261 3999; x_wconf 85' lang='lat' dir='ltr'><strong>heberet,</strong></span> <span class='ocrx_word' id='word_1_220' title='bbox 1283 3924 1359 4008; x_wconf 89' lang='lat' dir='ltr'><strong>quid</strong></span> <span class='ocrx_word' id='word_1_221' title='bbox 1382 3924 1491 3987; x_wconf 81' lang='lat' dir='ltr'><strong>deinde</strong></span> <span class='ocrx_word' id='word_1_222' title='bbox 1510 3925 1630 3989; x_wconf 87' lang='lat' dir='ltr'><strong>fectum</strong></span> 
     </span>
     <span class='ocr_line' id='line_1_28' title="bbox 429 4027 1628 4115; baseline 0 -20"><span class='ocrx_word' id='word_1_223' title='bbox 429 4034 491 4105; x_wconf 87' lang='lat' dir='ltr'><strong>eit,</strong></span> <span class='ocrx_word' id='word_1_224' title='bbox 525 4034 738 4094; x_wconf 83' lang='lat' dir='ltr'><strong>memoratum</strong></span> <span class='ocrx_word' id='word_1_225' title='bbox 771 4028 945 4113; x_wconf 80' lang='lat' dir='ltr'><strong>oportebat.</strong></span> <span class='ocrx_word' id='word_1_226' title='bbox 979 4027 1041 4092; x_wconf 82' lang='lat' dir='ltr'><strong>Sed</strong></span> <span class='ocrx_word' id='word_1_227' title='bbox 1072 4027 1154 4091; x_wconf 91' lang='lat' dir='ltr'><strong>nihil</strong></span> <span class='ocrx_word' id='word_1_228' title='bbox 1186 4029 1342 4094; x_wconf 81' lang='lat' dir='ltr'><strong>eiusmodi</strong></span> <span class='ocrx_word' id='word_1_229' title='bbox 1365 4031 1628 4115; x_wconf 82' lang='lat' dir='ltr'><strong>insequentibus</strong></span> 
     </span>
     <span class='ocr_line' id='line_1_29' title="bbox 429 4133 1627 4221; baseline 0 -20"><span class='ocrx_word' id='word_1_230' title='bbox 429 4138 573 4221; x_wconf 84' lang='lat' dir='ltr'><strong>reperire</strong></span> <span class='ocrx_word' id='word_1_231' title='bbox 597 4154 708 4219; x_wconf 79' lang='lat' dir='ltr'><strong>queae3</strong></span> <span class='ocrx_word' id='word_1_232' title='bbox 735 4142 766 4198; x_wconf 90' lang='lat' dir='ltr'><strong>et</strong></span> <span class='ocrx_word' id='word_1_233' title='bbox 790 4133 935 4209; x_wconf 86' lang='lat' dir='ltr'><strong>dederet,</strong></span> <span class='ocrx_word' id='word_1_234' title='bbox 961 4136 1083 4218; x_wconf 83' lang='lat' dir='ltr'><strong>opinor,</strong></span> <span class='ocrx_word' id='word_1_235' title='bbox 1108 4134 1193 4219; x_wconf 93' lang='lat' dir='ltr'><strong>quod</strong></span> <span class='ocrx_word' id='word_1_236' title='bbox 1212 4133 1281 4199; x_wconf 91' lang='lat' dir='ltr'><strong>loco</strong></span> <span class='ocrx_word' id='word_1_237' title='bbox 1301 4139 1445 4221; x_wconf 83' lang='lat' dir='ltr'><strong>apprime</strong></span> <span class='ocrx_word' id='word_1_238' title='bbox 1465 4139 1627 4201; x_wconf 83' lang='lat' dir='ltr'><strong>convenit:</strong></span> 
     </span>
     <span class='ocr_line' id='line_1_30' title="bbox 431 4237 1629 4325; baseline 0 -20"><span class='ocrx_word' id='word_1_239' title='bbox 431 4243 504 4305; x_wconf 76' lang='grc' dir='ltr'><strong><em>καί</em></strong></span> <span class='ocrx_word' id='word_1_240' title='bbox 529 4239 655 4320; x_wconf 76' lang='grc' dir='ltr'><strong><em>πρῴην</em></strong></span> <span class='ocrx_word' id='word_1_241' title='bbox 679 4264 728 4317; x_wconf 85' lang='grc' dir='ltr'><strong>γε.</strong></span> <span class='ocrx_word' id='word_1_242' title='bbox 753 4239 841 4304; x_wconf 83' lang='lat' dir='ltr'><strong>Infra</strong></span> <span class='ocrx_word' id='word_1_243' title='bbox 864 4261 989 4325; x_wconf 89' lang='lat' dir='ltr'><strong>quoque</strong></span> <span class='ocrx_word' id='word_1_244' title='bbox 1013 4242 1047 4303; x_wconf 92' lang='lat' dir='ltr'><strong>in</strong></span> <span class='ocrx_word' id='word_1_245' title='bbox 1073 4237 1107 4305; x_wconf 79' lang='lat' dir='ltr'><strong>O.</strong></span> <span class='ocrx_word' id='word_1_246' title='bbox 1134 4239 1177 4304; x_wconf 80' lang='lat'><strong>20</strong></span> <span class='ocrx_word' id='word_1_247' title='bbox 1201 4243 1289 4304; x_wconf 92' lang='lat' dir='ltr'><strong>omni</strong></span> <span class='ocrx_word' id='word_1_248' title='bbox 1313 4262 1407 4305; x_wconf 82' lang='lat' dir='ltr'><strong>senen</strong></span> <span class='ocrx_word' id='word_1_249' title='bbox 1430 4247 1516 4306; x_wconf 86' lang='lat' dir='ltr'><strong>caret</strong></span> <span class='ocrx_word' id='word_1_250' title='bbox 1540 4248 1629 4319; x_wconf 81' lang='grc' dir='ltr'><strong>τρῶ-</strong></span> 
     </span>
     <span class='ocr_line' id='line_1_31' title="bbox 431 4342 1629 4427; baseline 0 -16"><span class='ocrx_word' id='word_1_251' title='bbox 431 4371 484 4411; x_wconf 90' lang='grc' dir='ltr'><strong>τον</strong></span> <span class='ocrx_word' id='word_1_252' title='bbox 516 4349 550 4411; x_wconf 90' lang='lat' dir='ltr'><strong>in</strong></span> <span class='ocrx_word' id='word_1_253' title='bbox 585 4346 703 4411; x_wconf 81' lang='lat' dir='ltr'><strong>verbis:</strong></span> <span class='ocrx_word' id='word_1_254' title='bbox 736 4347 772 4415; x_wconf 78' lang='grc' dir='ltr'><strong>τίς</strong></span> <span class='ocrx_word' id='word_1_255' title='bbox 806 4345 862 4419; x_wconf 80' lang='grc' dir='ltr'><strong>μὲν</strong></span> <span class='ocrx_word' id='word_1_256' title='bbox 894 4346 948 4408; x_wconf 83' lang='grc' dir='ltr'><strong>οὐκ</strong></span> <span class='ocrx_word' id='word_1_257' title='bbox 980 4345 1257 4420; x_wconf 76' lang='grc' dir='ltr'><strong><em>εὐδαιμονέστατος</em></strong></span> <span class='ocrx_word' id='word_1_258' title='bbox 1291 4342 1321 4410; x_wconf 83' lang='grc' dir='ltr'><strong>εί</strong></span> <span class='ocrx_word' id='word_1_259' title='bbox 1342 4352 1400 4409; x_wconf 83' lang='grc' dir='ltr'><strong>τῶν</strong></span> <span class='ocrx_word' id='word_1_260' title='bbox 1425 4348 1454 4409; x_wconf 79' lang='grc' dir='ltr'><strong>ἐν</strong></span> <span class='ocrx_word' id='word_1_261' title='bbox 1478 4357 1517 4427; x_wconf 71' lang='grc' dir='ltr'><strong>τῇ</strong></span> <span class='ocrx_word' id='word_1_262' title='bbox 1541 4347 1629 4411; x_wconf 81' lang='grc' dir='ltr'><strong><em>τίλει</em></strong></span> 
     </span>
     <span class='ocr_line' id='line_1_32' title="bbox 431 4445 1633 4532; baseline -0.002 -14"><span class='ocrx_word' id='word_1_263' title='bbox 431 4453 594 4529; x_wconf 73' lang='grc' dir='ltr'><strong><em>ἁπάντων,</em></strong></span> <span class='ocrx_word' id='word_1_264' title='bbox 626 4449 647 4515; x_wconf 81' lang='grc' dir='ltr'><strong><em>ὦ</em></strong></span> <span class='ocrx_word' id='word_1_265' title='bbox 680 4447 784 4528; x_wconf 77' lang='grc' dir='ltr'><strong><em>οὗτος,</em></strong></span> <span class='ocrx_word' id='word_1_266' title='bbox 810 4452 864 4514; x_wconf 86' lang='grc' dir='ltr'><strong>ούκ</strong></span> <span class='ocrx_word' id='word_1_267' title='bbox 889 4452 926 4516; x_wconf 77' lang='grc' dir='ltr'><strong>ἂν</strong></span> <span class='ocrx_word' id='word_1_268' title='bbox 950 4451 1063 4527; x_wconf 69' lang='grc' dir='ltr'><strong><em>σίτοις,</em></strong></span> <span class='ocrx_word' id='word_1_269' title='bbox 1088 4445 1108 4531; x_wconf 80' lang='grc' dir='ltr'><strong><em>ᾧ</em></strong></span> <span class='ocrx_word' id='word_1_270' title='bbox 1132 4476 1171 4527; x_wconf 84' lang='grc' dir='ltr'><strong>γε</strong></span> <span class='ocrx_word' id='word_1_271' title='bbox 1196 4457 1318 4516; x_wconf 84' lang='grc' dir='ltr'><strong><em>τοῦτο</em></strong></span> <span class='ocrx_word' id='word_1_272' title='bbox 1343 4459 1492 4528; x_wconf 80' lang='grc' dir='ltr'><strong><em>πρῶτον</em></strong></span> <span class='ocrx_word' id='word_1_273' title='bbox 1516 4452 1633 4532; x_wconf 78' lang='grc' dir='ltr'><strong><em>ὖτῆρ·</em></strong></span> 
     </span>
     <span class='ocr_line' id='line_1_33' title="bbox 431 4555 1629 4639; baseline -0.002 -16"><span class='ocrx_word' id='word_1_274' title='bbox 431 4583 524 4639; x_wconf 80' lang='grc' dir='ltr'><strong><em>χεν,</em></strong></span> <span class='ocrx_word' id='word_1_275' title='bbox 557 4555 570 4621; x_wconf 78' lang='grc' dir='ltr'><strong>ὃ</strong></span> <span class='ocrx_word' id='word_1_276' title='bbox 603 4567 730 4629; x_wconf 78' lang='grc' dir='ltr'><strong><em>πολλοῖς</em></strong></span> <span class='ocrx_word' id='word_1_277' title='bbox 760 4559 843 4620; x_wconf 74' lang='lat' dir='ltr'><strong>raico</strong></span> <span class='ocrx_word' id='word_1_278' title='bbox 876 4557 1077 4636; x_wconf 78' lang='grc' dir='ltr'><strong><em>γλιχομένοις</em></strong></span> <span class='ocrx_word' id='word_1_279' title='bbox 1107 4557 1199 4632; x_wconf 83' lang='grc' dir='ltr'><strong><em>μύλις</em></strong></span> <span class='ocrx_word' id='word_1_280' title='bbox 1224 4557 1261 4622; x_wconf 75' lang='grc' dir='ltr'><strong>ἂν</strong></span> <span class='ocrx_word' id='word_1_281' title='bbox 1287 4558 1403 4635; x_wconf 82' lang='grc' dir='ltr'><strong><em>γίνοιτο</em></strong></span> <span class='ocrx_word' id='word_1_282' title='bbox 1427 4560 1535 4636; x_wconf 82' lang='grc' dir='ltr'><strong><em>ταρύι</em></strong></span> <span class='ocrx_word' id='word_1_283' title='bbox 1560 4567 1629 4632; x_wconf 76' lang='grc' dir='ltr'><strong>τῆς</strong></span> 
     </span>
     <span class='ocr_line' id='line_1_34' title="bbox 432 4662 1629 4744; baseline -0.003 -14"><span class='ocrx_word' id='word_1_284' title='bbox 432 4665 596 4744; x_wconf 78' lang='grc' dir='ltr'><strong><em>Τύχης,</em></strong></span> <span class='ocrx_word' id='word_1_285' title='bbox 616 4665 698 4740; x_wconf 80' lang='grc' dir='ltr'><strong><em>λέγω</em></strong></span> <span class='ocrx_word' id='word_1_286' title='bbox 721 4664 770 4741; x_wconf 73' lang='grc' dir='ltr'><strong>δέ,</strong></span> <span class='ocrx_word' id='word_1_287' title='bbox 791 4663 916 4737; x_wconf 73' lang='grc' dir='ltr'><strong><em>ὁμιλίας</em></strong></span> <span class='ocrx_word' id='word_1_288' title='bbox 941 4662 1102 4736; x_wconf 74' lang='grc' dir='ltr'><strong><em>οίέιωύηναι</em></strong></span> <span class='ocrx_word' id='word_1_289' title='bbox 1125 4663 1176 4725; x_wconf 84' lang='grc' dir='ltr'><strong><em>καί</em></strong></span> <span class='ocrx_word' id='word_1_290' title='bbox 1197 4664 1303 4733; x_wconf 80' lang='grc' dir='ltr'><strong><em>ἑστίας</em></strong></span> <span class='ocrx_word' id='word_1_291' title='bbox 1326 4672 1500 4736; x_wconf 74' lang='grc' dir='ltr'><strong><em>κοινωνῆσαι</em></strong></span> <span class='ocrx_word' id='word_1_292' title='bbox 1523 4665 1574 4727; x_wconf 80' lang='grc' dir='ltr'><strong><em>καί</em></strong></span> <span class='ocrx_word' id='word_1_293' title='bbox 1601 4667 1629 4736; x_wconf 74' lang='grc' dir='ltr'><strong>ἐς</strong></span> 
     </span>
     <span class='ocr_line' id='line_1_35' title="bbox 433 4770 1631 4852; baseline 0 -15"><span class='ocrx_word' id='word_1_294' title='bbox 433 4777 490 4845; x_wconf 78' lang='grc' dir='ltr'><strong>την</strong></span> <span class='ocrx_word' id='word_1_295' title='bbox 513 4773 635 4849; x_wconf 79' lang='grc' dir='ltr'><strong><em>τρώτνιν</em></strong></span> <span class='ocrx_word' id='word_1_296' title='bbox 658 4772 755 4835; x_wconf 86' lang='grc' dir='ltr'><strong><em>οίκιάν</em></strong></span> <span class='ocrx_word' id='word_1_297' title='bbox 779 4776 836 4833; x_wconf 80' lang='grc' dir='ltr'><strong>τῶν</strong></span> <span class='ocrx_word' id='word_1_298' title='bbox 863 4771 892 4833; x_wconf 82' lang='grc' dir='ltr'><strong>ἐν</strong></span> <span class='ocrx_word' id='word_1_299' title='bbox 916 4779 953 4851; x_wconf 72' lang='grc' dir='ltr'><strong>τῇ</strong></span> <span class='ocrx_word' id='word_1_300' title='bbox 977 4770 1136 4845; x_wconf 81' lang='grc' dir='ltr'><strong><em>Ῥωμαίων</em></strong></span> <span class='ocrx_word' id='word_1_301' title='bbox 1158 4774 1241 4852; x_wconf 72' lang='grc' dir='ltr'><strong>ἀρχῇ</strong></span> <span class='ocrx_word' id='word_1_302' title='bbox 1265 4770 1508 4851; x_wconf 77' lang='grc' dir='ltr'><strong><em>καταδεχθῆναι.</em></strong></span> <span class='ocrx_word' id='word_1_303' title='bbox 1534 4771 1631 4836; x_wconf 84' lang='lat' dir='ltr'><strong>Aliud</strong></span> 
     </span>
    </p>
   </div>
   <div class='ocr_carea' id='block_1_7' title="bbox 0 0 2268 5942">
    <p class='ocr_par' dir='ltr' id='par_1_7' title="bbox 0 0 2268 5942">
     <span class='ocr_line' id='line_1_36' title="bbox 0 0 2268 5942; baseline 0 0"><span class='ocrx_word' id='word_1_304' title='bbox 0 0 2268 5942; x_wconf 95' lang='lat' dir='ltr'><strong> </strong></span> 
     </span>
    </p>
   </div>
  </div>
 </body>
</html>
