4525 5950
535 683 601 749 416
1006 699 1249 749 uaaosrusrrs.

534 865 638 930 ciebat
668 862 742 944 ᾤετο
773 863 903 945 ὑβρίζειν
933 863 987 929 vel
1016 863 1089 946 ᾤετο
1121 860 1207 929 εἶναι.
1241 864 1335 929 Nunc
1365 871 1450 931 certe
1481 868 1515 933 οδ
1539 866 1721 949 ζητούμενον

533 972 662 1048 ὑλυτίν,
687 992 761 1036 nam
781 970 899 1036 dixeris
917 973 950 1035 in
970 976 1037 1037 tota
1057 968 1239 1037 Graecitate
1257 992 1359 1036 unum
1380 979 1508 1038 tantum
1527 974 1722 1041 vocabulum

533 1080 681 1162 reperiri,
713 1078 798 1163 quod
829 1079 1004 1144 sententiae
1034 1078 1225 1154 satisfaciat,
1250 1100 1306 1143 nec
1329 1081 1426 1144 nimis
1450 1080 1577 1146 recedat
1599 1083 1641 1147 ab
1666 1090 1723 1148 tra·

534 1183 611 1249 ditis
635 1183 802 1249 literarum
828 1184 987 1250 ductibus.
1013 1184 1133 1250 Midias
1157 1194 1205 1250 est
1228 1187 1284 1270 qui
1302 1188 1446 1264 ἀσελγῶς
1470 1188 1722 1267 ὡμολογεῖτο

534 1289 673 1370 ὑβρίζειν.
711 1289 890 1357 Alcibiades
920 1290 1067 1371 βδελυρὸς
1099 1290 1151 1355 καί
1186 1290 1310 1370 ὑβριςίιι
1348 1293 1598 1369 ὡμολογεῖτο
1637 1290 1722 1359 εἶναι.

415 1444 418 1449 -
532 1396 686 1483 Sophilus
720 1397 855 1483 denique
889 1398 1083 1483 Euthynum
1114 1397 1245 1478 ὑβρίζειν
1277 1401 1545 1477 ὡμολογεῖτο.
1579 1399 1634 1467 Sic
1667 1409 1723 1465 tres

533 1507 671 1590 parietes
693 1503 732 1570 de
756 1504 868 1570 eadem
891 1503 997 1570 fidelia
1021 1503 1252 1570 dealbavimus.
1283 1502 1434 1572 Ceterum
1457 1505 1537 1572 nihil
1565 1508 1632 1572 huc
1660 1529 1724 1594 per

533 1615 615 1678 tinet
635 1612 768 1677 Androt.
790 1610 863 1696 025
883 1634 914 1697 p.
934 1610 1010 1690 601,
1031 1632 1127 1697 quem
1148 1610 1256 1677 locum
1273 1609 1413 1679 Gobetus
1425 1614 1722 1680 tractavitMiscelt.

532 1740 563 1805 p.
589 1717 665 1783 522.

576 1920 657 2007 085
682 1942 713 2007 p.
741 1919 815 1986 142.
840 1920 982 1985 Blassius
1006 1925 1091 1985 recte
1115 1919 1215 1986 edidit
1233 1922 1417 1987 Parisinum
1435 1922 1557 1988 librum
1576 1932 1722 1992 secutus:

532 2024 588 2099 οίοι
622 2025 654 2102 ἦν
685 2028 806 2105 πείθειν,
838 2048 912 2092 eum
945 2026 1022 2092 olim
1046 2025 1148 2115 vulgo
1171 2026 1334 2115 legeretur
1356 2023 1412 2099 οίίι
1438 2031 1467 2093 τ’
1491 2027 1537 2104 ir.
1565 2029 1620 2095 Sic
1645 2030 1724 2098 solet

531 2142 653 2213 orator3
689 2135 729 2200 cf.
761 2135 903 2221 Aristog.
935 2133 949 2198 I
979 2132 1036 2217 02
1066 2155 1098 2218 p.
1124 2132 1207 2200 77οε
1240 2130 1297 2205 elec
1329 2135 1400 2207 τοὺς
1433 2135 1575 2210 πονηροὺς
1607 2147 1722 2214 Φιλεῑν,

532 2245 673 2328 Aristog.
707 2241 722 2307 I
753 2240 834 2327 040
866 2262 897 2325 p.
921 2239 1003 2306 782:
1035 2235 1092 2311 οἷος
1124 2240 1235 2313 λὺκους
1266 2243 1310 2317 μὶν
1340 2241 1471 2320 δάκνειν,
1496 2242 1616 2308 [sooch.
1643 2245 1722 2330 019

532 2371 562 2437 p.
586 2348 689 2414 1086:
711 2343 768 2419 οίος
789 2345 823 2421 ἦν
843 2344 994 2423 ἐπεξιέναι
1014 2349 1055 2425 τῷ
1075 2349 1262 2428 Λεωκράτει.
1284 2348 1446 2415 Dobraeus
1464 2353 1530 2415 iam
1546 2358 1725 2417 correxerat

533 2458 683 2521 Aristocr.
708 2452 812 2541 0170
844 2478 875 2541 p.
901 2452 965 2520 677
989 2468 1022 2519 et
1045 2452 1160 2519 Leoch.
1184 2457 1202 2540 0
1223 2453 1266 2519 36
1290 2479 1321 2541 p.
1349 2455 1453 2535 1091;
1487 2457 1611 2522 secedit
1642 2480 1723 2524 nunc

533 2584 630 2648 quem
661 2561 769 2628 locum
799 2559 944 2626 Blassius
974 2562 1110 2625 correxit
1143 2559 1242 2646 Spud.
1276 2562 1358 2647 014
1381 2584 1413 2649 p.
1440 2562 1537 2628 1031.
1570 2563 1723 2651 Superest

533 2668 647 2755 Callip.
680 2669 762 2754 §10
793 2690 823 2753 p.
852 2666 957 2733 1239:
991 2660 1047 2736 olet
1080 2662 1127 2730 οὑν
1160 2668 1223 2742 εἶμί
1256 2668 1307 2732 καί
1333 2670 1393 2745 ίγὺ
1426 2672 1468 2733 τὰ
1493 2670 1598 2735 ε’νίάδε
1631 2673 1731 2744 αὑτὸς·

532 2774 671 2852 ἀξιοῦν
696 2774 886 2851 λαμβάνειν,
909 2774 965 2838 ubi
988 2772 1125 2838 libenter
1147 2773 1257 2839 delebo
1279 2775 1313 2839 id
1333 2774 1417 2859 quod
1440 2782 1489 2841 est
1508 2775 1627 2852 ἀξιοῦν.
1654 2777 1721 2844 Alis

533 2883 571 2949 de
595 2904 632 2948 ea
654 2881 817 2948 locutione
840 2883 985 2967 congessi
1007 2880 1119 2945 Μαοαο.
1148 2878 1234 2946 1893
1258 2903 1289 2966 p.
1316 2882 1367 2946 15.

577 3102 657 3189 088
688 3126 718 3189 p.
745 3102 828 3167 543:
860 3098 947 3182 ὦφλε
980 3102 1063 3175 δίκην
1096 3102 1251 3176 τοοαὺονρν
1274 3102 1327 3170 ὑπ’
1350 3105 1566 3185 ὑποςερεῑσὺαι
1589 3112 1651 3170 τῶν
1675 3107 1720 3172 ο’ν-

534 3235 615 3276 τιον.
641 3210 677 3275 In
700 3209 762 3275 fine
785 3208 916 3296 supple:
941 3209 1143 3274 ὑποίντιον.

577 3428 657 3515 096
681 3452 712 3514 p.
739 3427 814 3494 545.
846 3429 904 3494 ost
935 3428 1107 3517 diligenter
1130 3417 1450 3495 animadvertendum
1473 3429 1721 3500 Demosthenem

532 3540 566 3601 in
596 3535 741 3601 Midiana
772 3544 804 3602 et
833 3540 868 3601 in
899 3535 1113 3613 Timocrates,
1145 3557 1202 3601 nee
1231 3557 1305 3601 vero
1335 3539 1370 3601 in
1400 3536 1473 3602 aliis
1503 3542 1719 3617 orationibus,

532 3643 618 3729 plebi
652 3642 776 3708 adulari
808 3643 905 3729 idque
938 3643 1102 3708 interdum
1138 3651 1204 3709 tam
1237 3646 1373 3729 turpiter
1403 3652 1441 3708 ut
1471 3646 1632 3713 miraculo
1664 3651 1719 3723 sit,

532 3757 689 3836 quantum
713 3752 870 3834 comperi,
894 3752 980 3814 viros
1003 3749 1111 3815 doctos
1134 3749 1173 3814 ad
1197 3771 1267 3815 eam
1292 3772 1359 3816 rem
1383 3749 1523 3816 nondum
1549 3755 1720 3820 attendisse

530 3859 686 3922 animum.
710 3856 821 3941 Itaque
845 3856 1003 3922 exclamat
1022 3879 1058 3923 eo
1076 3857 1145 3922 loco
1165 3878 1261 3943 quem
1280 3878 1377 3942 supra
1397 3857 1595 3924 indicabam:
1614 3860 1719 3926 Strato

531 3967 635 4025 ταῦτα
668 3961 812 4026 πέπονθεν
845 3964 902 4028 ὑπὺ
934 3962 1058 4027 Μειδίου
1090 3964 1142 4027 καί
1176 3968 1230 4027 τοὺ
1262 3963 1387 4028 Μειδίου
1419 3970 1554 4029 πλούτου
1586 3969 1640 4031 καὶ
1666 3976 1717 4041 ric

533 4068 745 4148 ὑπερηφανίας
769 4070 855 4147 παρὺι
881 4071 935 4143 τὴν
959 4072 1065 4133 πενίαν
1091 4071 1143 4134 καί
1169 4072 1223 4143 οὑν
1247 4070 1445 4150 ipepotanus}
1470 4069 1511 4135 τὸ
1535 4078 1612 4136 τῶν
1636 4089 1719 4139 πολ-

532 4182 605 4239 λῶν
637 4171 694 4247 είς
727 4172 841 4240 εἶναι.
875 4214 916 4225 -
949 4174 1032 4261 098
1064 4198 1094 4261 p.
1127 4175 1211 4241 546:
1242 4176 1277 4239 τὸ
1311 4178 1373 4255 γαρ
1405 4164 1579 4257 χρημάτων
1602 4187 1719 4245 πολλῶν

532 4282 641 4357 ὑραοὺν
666 4282 717 4346 καί
741 4281 887 4360 βδελυρὸν
912 4284 962 4346 καί
988 4287 1119 4347 τοιοῦτον
1144 4283 1295 4361 trepens
1320 4286 1373 4347 εὀἶν
1397 4279 1474 4348 εἶναι
1500 4283 1607 4365 κὺριον,
1630 4289 1720 4367 deep

531 4393 592 4468 μήν
616 4392 677 4457 ε’ςιν
701 4391 753 4468 ἐφ’
779 4390 862 4465 ὑμεῖς
885 4389 997 4462 αὑτοὺς
1021 4391 1191 4455 δεδωκέναι.
1218 4428 1260 4438 -
1285 4390 1383 4475 0112
1404 4413 1434 4476 p.
1455 4389 1538 4456 551:
1560 4394 1594 4458 οὑ
1612 4396 1718 4471 μέτει-ι

531 4504 588 4559 τῶν
622 4495 691 4559 ἴσον
723 4495 788 4560 οὑδὲ
822 4499 879 4560 τῶν
911 4498 1018 4571 ὁμοίαν
1051 4498 1144 4575 πρὸς
1171 4499 1264 4567 τοὺς
1289 4499 1510 4570 πλουσίους
1535 4507 1625 4572 τοῖς
1651 4516 1720 4565 λοι·

532 4610 621 4672 τοῖς
657 4605 762 4678 ἡμῖν.
789 4641 830 4650 -
855 4602 959 4687 0123
983 4625 1014 4688 p.
1041 4602 1116 4668 555.
1143 4641 1182 4651 -
1207 4603 1312 4685 0124
1337 4625 1367 4688 p.
1393 4604 1469 4669 555.
1495 4640 1536 4653 -
1563 4607 1719 4693 01436Ι

534 4709 596 4773 561
624 4748 666 4757 -
691 4710 708 4791 0
732 4708 795 4774 159
819 4731 849 4793 p.
876 4708 951 4773 566.
977 4747 1019 4757 -
1043 4707 1146 4793 0183
1170 4732 1201 4795 p.
1227 4708 1303 4774 574.
1331 4747 1372 4758 -
1397 4709 1494 4795 0204
1518 4733 1549 4796 p.
1576 4712 1655 4779 580.
1681 4748 1718 4761 -

535 4814 638 4900 0209
669 4836 700 4899 p.
726 4813 809 4892 581;
842 4813 977 4904 longum
1009 4822 1058 4881 est
1089 4836 1199 4880 omnes
1229 4815 1315 4881 locos
1345 4815 1530 4897 describere,
1561 4818 1617 4886 sed
1650 4819 1718 4887 vide
