4525 5950
912 704 1154 753 nenosmnnss.
1561 684 1627 751 439

435 868 680 956 Thrasybulum
699 873 777 935 satis
796 871 876 937 bene
897 872 1107 957 cognovimus
1127 876 1160 935 et
1179 869 1313 935 conferri
1333 871 1451 955 poterit
1468 868 1629 934 Arnoldus

436 973 609 1040 Schiferus
630 979 664 1040 in
689 977 894 1041 Demosthenis
920 977 990 1040 Vita
1011 974 1026 1040 I
1045 997 1076 1061 p.
1100 974 1181 1054 145;
1203 978 1312 1061 itaquo
1332 995 1433 1060 quum
1453 976 1628 1040 necessario

436 1083 574 1166 triginta
603 1081 703 1147 ferme
737 1085 828 1147 annis
860 1088 933 1147 ante
963 1080 1159 1169 Thrasybuli
1181 1079 1258 1146 illae
1280 1101 1392 1146 causae
1415 1082 1449 1145 in
1471 1080 1629 1145 indicium

434 1189 602 1265 venerint,
634 1188 792 1274 quomodo
825 1211 920 1253 οοιιιοι
951 1188 1103 1252 recordari
1134 1184 1301 1273 poterunt?
1331 1186 1445 1252 Verius
1475 1193 1559 1252 certe
1590 1186 1629 1251 de

435 1290 595 1360 Chabriae
618 1296 713 1360 rebus
732 1297 834 1381 gestis
854 1295 979 1380 Leptin.
1000 1292 1073 1380 §77
1093 1315 1124 1380 pe
1145 1293 1230 1359 480:
1251 1295 1363 1358 τούτων
1382 1294 1505 1357 πάντων
1526 1295 1630 1368 ὑμῶν

436 1399 546 1470 τινὲς
580 1400 613 1464 ol
646 1401 930 1478 τρεοβύτοιτοι
954 1402 1104 1480 μάρτυρές
1130 1401 1188 1464 sios
1213 1423 1276 1474 μοι.
1307 1398 1369 1464 Sed
1394 1408 1572 1485 sequuntur
1594 1401 1629 1463 in

437 1505 640 1572 Timocrates
663 1509 820 1595 Agyrrhii
843 1506 972 1584 leudes,
996 1527 1091 1592 quem
1116 1513 1223 1572 orator
1245 1504 1339 1585 ἄνδρα
1357 1507 1472 1586 zeusis
1490 1504 1631 1591 appellat

438 1615 491 1678 καὶ
517 1615 677 1688 δημοτικὸν
700 1615 752 1678 aa}
777 1618 845 1691 τερὶ
867 1616 900 1678 τὸ
920 1617 1033 1686 πλῆθος
1054 1615 1088 1676 τὸ
1110 1614 1252 1690 ὑμέτερον
1270 1615 1374 1676 πολλοὶ
1396 1612 1628 1689 σπουδάσαντα,
1662 1629 1664 1633 ’

438 1740 497 1784 nec
520 1722 677 1807 cogitavit
700 1722 785 1787 hunc
809 1721 974 1786 hominem
996 1719 1104 1785 effusis
1127 1718 1353 1807 largitionibus
1372 1719 1478 1784 forum
1497 1726 1529 1784 et
1548 1739 1630 1783 oam-

439 1846 519 1911 pum
542 1829 730 1912 corrupisse.
755 1827 840 1893 Audi
864 1826 960 1893 modo
980 1825 1269 1912 Harpocrationem
1288 1847 1319 1891 ν.
1341 1826 1483 1903 θεωρικά·
1504 1825 1628 1903 θεωρικὰ

440 1927 474 2003 ἦν
505 1955 573 1995 τινοι
599 1935 629 1996 ἐν
653 1936 736 2013 κοινῷ
761 1934 915 2014 χρήματα
939 1933 1001 1996 sind
1026 1940 1083 1998 τῶν
1107 1938 1164 2005 τῆς
1187 1933 1304 2001 πόλεως
1329 1918 1478 2010 τροοδδων
1501 1931 1630 2008 savard

436 2061 529 2114 μενοι.
554 2043 658 2103 τοῦτον
683 2040 714 2104 tl
738 2040 877 2119 πρότερον
900 2039 957 2118 μὶν
982 2041 1023 2108 sic
1049 2038 1107 2109 τοὶς
1134 2044 1186 2103 τοῦ
1207 2039 1343 2114 πολέμου
1363 2039 1472 2118 χρεῖος
1493 2037 1630 2118 {motois-
1731 2066 1734 2071 ·

436 2167 509 2209 τετο
542 2144 593 2208 τοι)
627 2145 768 2211 toassin
799 2146 1005 2225 ςροιτιοιτιιιιί,
1038 2143 1139 2226 ὅτερον
1171 2144 1202 2210 δὲ
1235 2146 1412 2210 κατετίθετο
1443 2143 1485 2218 εἷς
1510 2169 1545 2210 τε
1568 2147 1626 2217 τοὶς

434 2252 586 2326 δημοσίοις
619 2254 818 2322 saracenae
850 2251 901 2316 ιιοὶ
934 2253 1100 2330 διανομὰς,
1129 2247 1167 2316 ὧν
1195 2258 1310 2332 πρῶτος
1336 2250 1447 2329 ἤρξατο
1470 2253 1627 2334 Ἀγύρριος

438 2358 454 2424 ὃ
487 2357 691 2434 δημαγωγός.
726 2358 814 2424 Haec
848 2358 977 2424 aliunde
1012 2357 1105 2424 facile
1140 2357 1322 2424 confirmari
1355 2365 1489 2445 possunt
1518 2362 1628 2445 itaque

439 2485 525 2530 nunc
548 2464 796 2532 Demosthenem
821 2466 983 2544 videmus,
1008 2468 1063 2552 qni
1087 2465 1274 2552 imprudens
1297 2466 1461 2532 hominem
1480 2465 1628 2532 leudibus

438 2571 544 2649 effert,
577 2572 660 2637 nihil
689 2579 841 2658 reputans
872 2575 957 2638 hunc
986 2571 1196 2658 principalem
1220 2578 1382 2639 auctorem
1406 2594 1473 2638 esse
1495 2572 1628 2639 illorum

439 2683 591 2755 θεωρικῶν,
623 2679 777 2744 adversus
807 2699 887 2766 quae
918 2679 1037 2744 frustra
1066 2678 1190 2744 bellum
1220 2686 1356 2766 gereret.
1395 2679 1492 2745 Brevi
1522 2678 1627 2764 §138

436 2806 468 2871 p.
499 2782 564 2849 743
596 2788 742 2871 sequitur
773 2785 812 2850 de
841 2785 986 2851 Eudamo
1016 2784 1123 2852 locus:
1156 2784 1298 2862 Εὔδημον
1327 2787 1377 2850 τὸν
1411 2787 1625 2864 Κυδιιθηνοιῖιι,

435 2891 526 2966 νόμον
551 2890 685 2969 δόξοντα
709 2895 803 2957 θεῖνοιι
826 2894 879 2957 οὐκ
901 2893 1077 2971 ἐπιτήδειον,
1101 2895 1141 2957 οὐ
1165 2897 1297 2957 τάλαι
1318 2894 1392 2957 ἀλλ’
1413 2893 1627 2971 testantes

436 2999 586 3077 ἄρχοντος
618 3002 834 3066 ἀπεκτείνατε.
867 3000 956 3066 Itane
978 3003 1011 3066 οὑ
1036 2999 1160 3065 adteri
1189 3002 1232 3066 At.
1255 3001 1403 3066 Evander
1425 3003 1542 3067 archon
1565 3003 1627 3067 suit

435 3108 599 3172 tricesimo
632 3127 715 3173 anno
750 3113 823 3173 ante
858 3128 955 3193 quam
991 3106 1166 3173 Timocrati
1196 3107 1264 3173 dies
1295 3108 1400 3173 dictus
1430 3110 1510 3186 fuit,
1544 3111 1626 3174 circa

433 3216 542 3299 ipsum
562 3213 788 3279 Demosthenis
808 3213 893 3279 diem
912 3212 1062 3279 natalem.
1081 3212 1143 3278 Sed
1163 3212 1226 3278 fuit
1245 3213 1332 3291 haec,
1353 3213 1460 3289 credo,
1481 3217 1626 3280 omnium

435 3321 569 3384 incuria.
594 3319 717 3385 Notum
742 3320 898 3406 estquod
922 3319 960 3385 de
983 3319 1113 3385 Socrate
1137 3319 1248 3384 scribit
1270 3320 1441 3385 Aeschines
1464 3318 1625 3387 Timarch.

434 3424 559 3510 §173:
593 3424 757 3502 Σωκράτην
789 3426 839 3491 τὸν
868 3427 999 3506 οοφιςὶιν
1030 3427 1256 3504 ιέτειιτείνοιτε,
1289 3422 1333 3491 ὅτι
1367 3426 1492 3503 Κριτίον
1524 3428 1625 3505 ἐφάνη

435 3530 648 3604 erraclensis
669 3540 702 3598 et
720 3539 796 3597 sunt
815 3531 872 3598 alii
892 3531 976 3618 apud
994 3533 1079 3598 huno
1098 3532 1330 3598 eiusdemmodi
1348 3532 1474 3598 mirifici
1495 3555 1624 3600 errores.

436 3638 546 3703 Oratio
577 3646 625 3703 est
648 3638 801 3704 adversus
825 3638 981 3704 Boeotum
1005 3640 1043 3704 de
1069 3639 1160 3716 dote,
1184 3638 1241 3703 nbi
1265 3645 1379 3716 orator,
1404 3641 1549 3725 quisquis
1570 3640 1626 3706 ille

436 3745 516 3820 fuit,
549 3743 631 3828 §25
664 3765 695 3830 p.
722 3743 820 3822 1016,
852 3745 890 3810 de
920 3742 1036 3811 Oleone
1069 3747 1116 3810 ita
1139 3745 1266 3809 scribit:
1291 3745 1392 3824 φασὶ
1417 3746 1543 3810 Κλέωνα
1567 3753 1625 3809 τῶν

436 3850 587 3930 ὑμετέροιν
619 3850 771 3927 τρογδνοιν
800 3855 1017 3929 ςροιτηγοῦντοι
1047 3851 1297 3927 Λακεδαιμονίων
1320 3852 1452 3924 πολλοὺς
1479 3853 1508 3915 ἒν
1533 3853 1625 3931 Πύλῳ
1672 3916 1678 3930 ,

435 3955 549 4036 ζῶντος
582 3956 726 4035 λαβόντα
756 3958 882 4033 udices
914 3958 1037 4022 τοὶντιον
1070 3958 1100 4021 ἐν
1130 3967 1169 4037 τῇ
1200 3941 1288 4022 orites
1319 3959 1530 4034 εὐδοκιμῆσαι.
1554 3959 1625 4026 Hoc

429 4063 589 4146 perhibent
619 4063 741 4129 scilicet
771 4064 934 4142 homines,
967 4066 1057 4149 quasi
1088 4063 1126 4129 de
1151 4063 1233 4129 bello
1255 4063 1391 4130 Troiano
1416 4087 1520 4131 sermo
1544 4066 1625 4132 foret

434 4182 466 4236 et
490 4170 529 4236 de
552 4192 585 4236 re
609 4170 725 4236 multis
747 4170 883 4237 saeculis
906 4179 978 4236 ante
1002 4176 1081 4237 acta.
1103 4210 1146 4219 —
1168 4169 1252 4236 lllnd
1272 4192 1414 4257 quoque:
1437 4194 1500 4238 non
1520 4176 1625 4260 magis

434 4298 532 4363 quam
563 4281 701 4364 patriam
733 4278 902 4344 historiam
933 4281 967 4342 in
991 4277 1157 4343 rhetorum
1181 4277 1298 4344 scholis
1321 4278 1551 4344 Demosthenes
1573 4283 1625 4344 ius

433 4383 529 4449 civile
554 4384 716 4450 didicerat.
742 4385 791 4449 Ad
812 4384 914 4461 latus,
936 4384 1046 4461 credo,
1066 4391 1221 4470 perpetuo
1242 4385 1462 4463 πραγματικὸν
1482 4385 1624 4469 aliquem

432 4490 585 4566 habebat,
607 4490 645 4556 de
665 4512 727 4576 quo
749 4491 918 4556 hominum
938 4511 1054 4577 genere
1073 4488 1183 4557 Oioero
1203 4492 1313 4556 scribit
1333 4490 1420 4556 Orat.
1441 4490 1456 4555 l
1474 4490 1527 4555 45.
1544 4490 1623 4555 198:

433 4595 553 4682 „Apud
584 4594 723 4663 Graecos
753 4597 858 4663 infimi
889 4597 1052 4673 homines,
1084 4596 1266 4669 mercedula
1289 4597 1437 4674 adducti,
1461 4599 1624 4662 ministros

432 4726 467 4769 se
493 4705 645 4789 praebent
668 4709 700 4769 in
725 4704 853 4770 iudiciis
878 4705 1073 4781 oratoribus,
1097 4706 1122 4768 ii
1145 4706 1201 4788 qui
1224 4704 1309 4790 apud
1333 4725 1385 4769 eos
1409 4704 1625 4782 τρογμοιτινοί

436 4809 625 4878 vocantur.'’
648 4810 720 4876 Hac
742 4810 810 4877 sola
833 4812 966 4876 fortasse
988 4812 1021 4874 in
1045 4830 1078 4875 re
1100 4813 1245 4896 superior
1267 4817 1335 4875 erat
1357 4811 1544 4889 Aeschines,
1569 4812 1625 4896 qui
