4525 5950
548 699 612 764 166
1083 716 1205 765 ursus.

543 904 618 948 eum
651 885 795 968 sequenti
826 885 991 947 enuntiato
1023 885 1237 969 coniungens,
1269 881 1322 947 sed
1354 903 1434 968 quae
1463 885 1634 968 proposuit
1657 884 1731 948 mibi

544 988 691 1073 quidem,
716 995 753 1053 ut
776 987 988 1064 Frauclrmio,
1014 1009 1115 1073 neque
1142 990 1352 1065 τειθανιὶγκνν
1373 989 1491 1053 habent
1509 1009 1614 1072 neque
1636 989 1731 1054 multo

542 1094 694 1159 videntur
723 1115 820 1179 quam
851 1092 991 1158 Palatini
1015 1093 1166 1159 lectiones
1190 1093 1389 1159 dilucidiora.
1413 1093 1553 1174 Quinam
1576 1098 1666 1160 enim
1688 1094 1732 1159 illi

541 1198 639 1278 οὖτοι,
672 1222 747 1265 cum
777 1222 794 1265 e
825 1200 1031 1285 sequentibus
1056 1203 1134 1265 satis
1158 1207 1309 1285 appareat
1334 1223 1424 1264 αιιιιιιι
1444 1201 1544 1266 fuisse
1569 1203 1627 1286 qui
1651 1201 1731 1267 soda-

540 1307 623 1372 lium
654 1309 891 1372 criminationes
921 1314 1030 1370 nostro
1062 1305 1253 1371 detulisset?
1276 1306 1476 1392 Quapropter
1499 1306 1731 1383 Franckenius,

542 1417 646 1499 priore
681 1415 856 1477 sententiae
889 1419 979 1496 parte
1014 1414 1189 1476 immutate
1224 1411 1335 1477 relicta
1374 1414 1449 1490 (nisi
1484 1413 1569 1496 quod
1605 1415 1731 1494 ἠνώχλει

541 1520 676 1597 scribit),
708 1517 866 1583 malebat:
899 1519 915 1593 ἢ
949 1519 974 1582 οἱ
998 1517 1090 1581 ἄλλοι
1114 1521 1188 1593 ἐμοῦ
1212 1526 1384 1595 κατειπεῖν,
1411 1525 1469 1595 „ut
1493 1521 1656 1584 sententia
1679 1521 1732 1583 sit:

539 1622 643 1710 pluris
677 1624 753 1688 fecit
788 1624 840 1688 hic
875 1629 912 1687 ut
947 1623 1111 1688 videretur
1141 1623 1221 1687 mihi
1253 1625 1332 1688 bene
1363 1623 1463 1701 velle,
1497 1644 1596 1708 quam
1622 1624 1733 1709 reliqui

541 1731 712 1811 (fecerunt)
747 1736 785 1794 ut
821 1750 872 1794 me
907 1728 1112 1794 accusarent”
1149 1728 1199 1808 (O.
1225 1728 1261 1794 L.
1294 1751 1324 1814 p.
1351 1728 1418 1810 63).
1451 1728 1531 1806 Sed,
1565 1751 1605 1795 ne
1635 1736 1733 1795 cetera

541 1842 692 1922 tangam,
723 1834 943 1911 καταγορεύειν
974 1838 1052 1904 τινὸς
1085 1833 1173 1900 aliud
1205 1841 1270 1911 eet,
1308 1834 1396 1899 aliud
1429 1843 1614 1914 κατηγορεῖν
1649 1858 1731 1906 τινος.

544 1940 654 2024 Neque
674 1939 897 2004 'I'halheimius
917 1940 1071 2005 satisfacit
1090 1940 1201 2004 edens:
1223 1941 1321 2004 καίτοι
1342 1937 1433 2010 οὕτως
1456 1944 1645 2024 ἦνονχλεΐτε,
1662 1939 1733 2004 ὥστε

545 2049 611 2123 τιρὶ
644 2047 778 2117 πλείονος
805 2046 970 2118 ε’τοιιὶτατό
993 2048 1104 2119 <τις>
1129 2048 1225 2111 δοκεῖν
1249 2049 1322 2121 ἐμοῦ
1348 2046 1509 2125 κήδεσθαι,
1536 2048 1587 2112 καὶ
1615 2053 1734 2122 μᾶλλον

544 2147 706 2226 <sitem
736 2153 801 2225 ἐμοὶ
827 2160 996 2216 κατειπεῖν.
1027 2152 1157 2217 Etenim
1181 2151 1398 2217 Franckenius
1420 2159 1522 2218 recte:
1550 2161 1650 2239 „post
1673 2154 1734 2230 περὶ

544 2259 680 2329 πλείονος
701 2259 864 2330 ε’τοιιὶτατο
886 2257 1023 2324 alterum
1043 2258 1128 2343 quod
1148 2258 1266 2322 dicitur
1285 2259 1468 2323 membrum
1489 2261 1737 2345 comparationis

546 2365 653 2429 abesse
676 2385 736 2429 non
757 2385 849 2448 posse
872 2364 1011 2439 videtur,
1036 2365 1187 2448 quoniam
1205 2401 1285 2410 --
1302 2363 1368 2440 περὶ
1396 2365 1531 2435 πλείονος
1555 2370 1648 2448 (non)
1668 2368 1737 2430 sim-

545 2469 671 2554 pliciter
706 2491 762 2554 pro
797 2470 863 2548 περὶ
899 2475 1015 2532 πολλοῦ
1050 2475 1156 2554 potest
1191 2469 1373 2556 usurpari.”
1410 2470 1565 2535 Omnium
1601 2492 1733 2556 quorum

544 2578 679 2661 cognovi
713 2578 912 2640 coniecturas
946 2579 1119 2640 sententiae
1156 2583 1297 2641 tenorem
1334 2579 1456 2660 optime
1491 2577 1574 2640 mihi
1610 2576 1736 2642 videtur

544 2683 740 2766 perspexisse
769 2680 991 2758 Foertscbius,
1023 2681 1176 2745 suadens:
1209 2681 1261 2744 acl
1292 2682 1324 2744 τί
1348 2679 1440 2751 οὕτως
1467 2682 1639 2761 ἐνοχλεῖτε,
1663 2680 1735 2745 ὥστε

545 2788 610 2863 περὶ
636 2788 771 2855 πλείονος
798 2787 960 2858 ἐποιήσατο
985 2787 998 2850 tl
1023 2787 1106 2850 δεῖνα
1130 2788 1205 2860 ἐμοῦ
1229 2786 1369 2859 κήδεσθαι
1395 2786 1412 2860 ἢ
1437 2789 1488 2849 καὶ
1513 2792 1639 2861 μᾶλλον
1665 2790 1736 2863 ἐμοῦ

546 2900 721 2970 surrentin
753 2891 899 2956 Multum
932 2899 1039 2956 tamen
1072 2893 1161 2956 abest
1191 2899 1228 2956 ut
1250 2892 1328 2956 baec
1352 2892 1510 2956 eiusmodi
1534 2895 1600 2956 sint
1624 2895 1737 2979 quibus

544 3000 741 3081 acquiescere
761 2999 931 3082 possimus.
953 2997 980 3061 Ε
1000 2999 1098 3062 variis
1118 3000 1303 3061 criticorum
1324 2998 1544 3062 conaminibus
1562 3001 1644 3063 satis
1655 3006 1738 3064 certa

544 3105 680 3169 arbitror
712 3101 819 3170 (lentii
852 3102 1039 3187 Kaisarique
1073 3108 1261 3183 ἠνωχλεῖτε,
1292 3106 1424 3168 insertio
1456 3106 1543 3169 vocis
1567 3128 1634 3183 τις,
1659 3125 1737 3189 quae

545 3208 747 3274 Thalheimio
780 3209 913 3274 debetur
935 3210 1002 3287 (cfr.
1028 3210 1065 3294 ἓξ
1085 3208 1116 3286 8,
1143 3207 1186 3286 9),
1213 3209 1300 3284 ἐμοὶ
1332 3217 1501 3286 κατειπεῖν,
1526 3209 1615 3295 quod
1639 3212 1738 3275 suasit

545 3336 620 3379 cum
654 3313 755 3379 Balrio
790 3315 969 3400 Emporias.
1005 3313 1145 3378 Adscitis
1181 3314 1231 3378 bis
1265 3315 1347 3379 hanc
1381 3314 1507 3379 credam
1539 3336 1608 3380 esse
1640 3319 1737 3381 totius

544 3423 704 3486 enuntiati
725 3423 934 3485 sententiam:
969 3420 1066 3496 „adeo
1090 3419 1220 3485 molesti
1240 3422 1335 3484 eratis
1355 3427 1484 3505 tamque
1504 3427 1636 3486 strenus
1655 3420 1738 3486 male

543 3527 696 3592 dicebatis
727 3527 825 3609 mihi,
858 3534 895 3590 ut
927 3528 1031 3590 nescio
1063 3528 1135 3610 quis
1158 3525 1420 3611 indignabundus
1443 3525 1635 3611 praetulerit
1658 3527 1737 3591 mibi

543 3634 648 3698 favere
681 3632 781 3696 videri
812 3635 936 3717 potius,
969 3634 1030 3696 etsi
1061 3632 1181 3697 sciebat
1214 3632 1274 3696 hoc
1297 3632 1431 3697 moleste
1452 3632 1576 3697 laturos
1599 3639 1736 3709 ceteros,

543 3759 639 3823 quam
658 3737 781 3802 diutius
801 3744 903 3802 tacere
921 3758 1035 3822 meque
1048 3737 1086 3801 de
1098 3737 1268 3802 calumniis
1280 3740 1313 3801 in
1327 3758 1378 3801 me
1391 3740 1483 3802 iactis
1494 3759 1557 3803 non
1569 3742 1737 3804 certiorem

542 3843 677 3909 facere.''
710 3843 779 3908 Hoc
802 3847 848 3908 sic
871 3850 1059 3928 conceptum
1079 3851 1176 3929 putu:
1202 3847 1300 3906 salros
1326 3842 1418 3914 οὕτως
1443 3848 1633 3925 ἦνονχλεῑτε,
1658 3842 1735 3909 ὥστε

543 3951 610 4029 περὶ
631 3950 779 4019 πλείονός
803 3966 927 4034 (τις)
950 3952 1120 4022 ἐποιήσατο
1142 3951 1246 4029 <τὸ>
1268 3950 1363 4013 δοκεῖν
1385 3951 1459 4024 ἐμοῦ
1476 3950 1619 4023 κήδεσθαι
1640 3955 1737 4026 μᾶλ-

543 4071 626 4133 λον,
663 4056 679 4130 ἢ
717 4056 804 4129 ἐμοὶ
837 4056 951 4127 <αἰι>
984 4064 1155 4132 κατειπεῖν,
1188 4077 1268 4140 quae
1300 4064 1376 4120 sunt
1399 4056 1438 4121 ad
1460 4055 1736 4143 intellegendum,

543 4166 663 4247 opinor,
688 4164 765 4226 satis
788 4168 907 4246 aperta.

591 4377 643 4441 Or.
668 4375 742 4440 Vlll
765 4375 856 4460 §111
890 4376 1031 4450 καίτοιγε
1055 4381 1141 4449 οΦῶν
1165 4399 1204 4452 γε
1229 4377 1329 4438 αὐτῶν
1354 4379 1551 4452 κατηγόρουν.
1577 4377 1603 4440 εἰ
1630 4371 1739 4455 γὰρᾶ

544 4483 629 4556 μετὰ
654 4481 766 4546 τούτων
791 4481 1003 4554 <ἔτραττον>
1029 4479 1212 4559 ἀδικουμένῳ
1237 4504 1287 4554 μοι
1313 4481 1408 4557 μηδὲν
1432 4477 1466 4554 ἦν
1489 4480 1606 4546 δίκαιον
1631 4484 1739 4562 εἰπεῖν,

544 4582 562 4660 ἦ
594 4611 650 4651 τοο
681 4593 783 4657 καλῶς
808 4586 1022 4661 συνέπραττον.
1059 4586 1108 4650 lta
1131 4587 1209 4650 haec
1233 4586 1392 4670 disposuit
1415 4585 1658 4667 Tbelheimius,
1686 4591 1741 4674 qui

544 4714 625 4777 quae
657 4693 777 4757 Bakius
801 4698 833 4755 et
856 4691 1071 4755 Franckenius
1095 4692 1133 4756 de
1158 4693 1215 4756 boc
1238 4713 1363 4776 quoque
1385 4692 1455 4757 loco
1481 4692 1643 4759 salebroso
1668 4717 1741 4780 pro·

541 4799 686 4863 tulerunt
714 4801 834 4862 iterum
865 4796 992 4861 silentio
1024 4801 1156 4881 pressit,
1190 4819 1251 4861 non
1285 4819 1412 4882 prorsus
1443 4800 1579 4875 iniuria,
1605 4823 1682 4866 cum
1707 4813 1740 4867 et
