4525 5950
903 701 937 747 nr
961 701 1043 748 raon
1065 700 1213 747 rnvnnro.
1586 679 1652 746 433

458 884 538 929 vero
569 883 747 948 repugnem
772 866 894 949 siquis
918 864 952 926 τὸ
975 864 1111 940 μέγαρον
1135 864 1170 926 τὸ
1195 865 1265 939 πρὸς
1292 865 1418 941 ἑσπέρην
1442 865 1653 942 τετραμμένον

455 968 630 1055 intellegat
662 967 786 1036 Oeilam
817 969 1045 1035 occidentalem
1070 991 1145 1035 cum
1168 968 1220 1034 vel
1244 973 1312 1035 sine
1336 970 1539 1036 conclavibus
1563 973 1649 1051 (oiad-

457 1079 563 1154 μασι),
600 1095 682 1158 qnae
717 1074 881 1140 conclavia
916 1073 998 1138 nihil
1033 1078 1094 1138 nisi
1126 1074 1313 1159 appendices
1344 1073 1452 1141 Cellae
1483 1079 1558 1143 sint.
1590 1076 1654 1141 Ubi

457 1187 570 1246 autem
601 1201 706 1245 sermo
739 1188 787 1245 est
818 1180 856 1245 de
887 1180 982 1244 rebus
1016 1179 1277 1244 administrandis
1301 1180 1353 1245 vei
1375 1181 1599 1246 conservandis
1623 1183 1653 1244 ἐν

457 1290 502 1366 τῷ
527 1287 576 1350 ἐπὶ
602 1287 687 1363 δεξιά
712 1292 746 1350 et
770 1288 799 1349 ἕν
823 1289 864 1365 τῷ
890 1288 937 1349 ἐπ’
964 1287 1107 1364 ἀριστερὰ
1134 1291 1186 1348 τοῦ
1212 1287 1434 1359 Ὀπισθοδόμου
1451 1287 1484 1367 ¹),
1505 1309 1567 1353 non
1587 1309 1656 1372 pos·

459 1414 534 1457 sum
559 1415 620 1458 non
645 1395 786 1478 cogitare
811 1393 848 1457 de
872 1391 1076 1457 conclavibus
1099 1391 1165 1457 illis
1184 1393 1341 1458 thesauris
1361 1393 1555 1477 peridoneis,
1575 1415 1655 1481 quae

458 1504 551 1562 erant
582 1500 616 1560 in
649 1496 890 1581 Hecatompedo
923 1497 994 1573 vel,
1027 1496 1110 1581 quod
1143 1497 1229 1561 idem
1261 1519 1328 1562 osse
1361 1504 1457 1581 puto,
1483 1500 1512 1561 ἐν
1537 1502 1580 1577 τῷ
1604 1501 1655 1578 ἆρ-

460 1604 547 1683 zado)
570 1600 634 1682 νεῴ.

507 1881 604 1946 Hisce
635 1883 819 1966 perscriptis
851 1883 987 1967 cognovi
1012 1884 1265 1947 recentissimam
1290 1882 1456 1968 Ddrpfeldi
1480 1883 1517 1947 de
1540 1883 1655 1948 Eroch-

457 1988 534 2052 theo
555 1987 813 2071 disquisitionem
827 1984 863 2066 ²).
888 1986 1094 2052 Demonstrat
1114 1991 1165 2052 vir
1184 1989 1295 2052 doetus
1315 1988 1549 2066 Erechtheum,
1571 1989 1654 2074 quod

458 2113 544 2157 nuno
579 2092 752 2168 habemus,
788 2097 916 2156 tantum
950 2113 1018 2157 esse
1050 2101 1174 2177 partem
1206 2092 1359 2170 aedificii,
1393 2093 1486 2179 quale
1516 2093 1654 2159 Pericles

458 2201 591 2282 eiusque
623 2197 759 2262 artifices
787 2197 951 2262 aedificare
975 2197 1146 2262 voluerant
1153 2220 1161 2278 ;
1186 2199 1245 2264 hac
1268 2202 1389 2264 ratione
1413 2198 1585 2264 anomaliae
1609 2221 1654 2264 ar-

458 2305 702 2380 chitectonicas,
735 2324 815 2388 quae
846 2307 932 2368 viros
963 2304 1079 2368 harum
1113 2326 1221 2369 rerum
1254 2307 1371 2389 peritos
1395 2304 1538 2369 muitum
1562 2326 1654 2370 vexa-

458 2416 595 2486 verunt,
632 2430 740 2473 omnes
776 2409 930 2494 explicari
962 2409 1141 2494 additisque
1173 2409 1263 2476 Gella
1293 2411 1434 2494 Neptuni
1464 2418 1497 2475 et
1527 2411 1654 2475 Postico

457 2517 685 2601 symmetriam
708 2517 866 2589 inveniri,
890 2535 986 2599 quam
1010 2536 1104 2601 aegre
1128 2516 1396 2580 desiderabamus.

504 2618 679 2703 Templum
708 2626 818 2684 autem
842 2631 936 2684 vetus
959 2623 1021 2684 nisi
1044 2621 1083 2685 ad
1105 2620 1202 2685 finem
1226 2621 1378 2704 perducto
1402 2620 1581 2686 Erechtheo
1604 2642 1654 2685 su·

459 2745 695 2811 pervacaneum
714 2747 775 2789 non
796 2726 895 2790 fuisse
916 2734 1059 2809 apparet,
1079 2728 1189 2810 itaque
1208 2748 1265 2791 suo
1283 2729 1354 2791 iure
1365 2729 1417 2790 vir
1429 2730 1654 2812 sagacissimus

458 2833 604 2916 scripsit:
632 2829 728 2906 „Was
751 2830 803 2894 ich
827 2814 936 2895 friiher
958 2851 1015 2895 aus
1040 2831 1113 2896 dem
1138 2831 1207 2896 Bau
1231 2831 1329 2895 selbst
1353 2830 1420 2895 und
1444 2830 1499 2896 der
1518 2830 1655 2896 literari-

457 2939 555 3003 snhen
582 2923 830 3022 Uberlieferung
853 2935 1009 3002 ermittelt
1032 2937 1138 3014 hatte,
1163 2937 1243 3001 wird
1262 2940 1342 3022 Jetat
1365 2939 1398 3001 in
1423 2935 1506 3002 allen
1530 2936 1656 3022 Haupt

457 3042 603 3131 punhten
624 3043 789 3128 bestitigt.
810 3042 984 3106 Besonders
1005 3041 1108 3106 erhilt
1122 3045 1204 3128 jetzt
1224 3046 1310 3107 mein
1327 3065 1361 3107 so
1373 3042 1439 3108 viel
1452 3042 1655 3127 behimpfter

457 3148 628 3214 Nachweis
652 3147 706 3211 der
729 3147 945 3212 Fortexistenz
970 3147 1024 3212 des
1047 3147 1133 3211 alten
1155 3147 1441 3233 Athena-'Pompeis
1459 3150 1562 3213 neben
1581 3149 1655 3213 dem

458 3254 674 3318 Erechtheion
705 3253 771 3316 und
802 3252 856 3317 des
886 3251 1092 3317 Verbieibens
1123 3253 1177 3317 des
1210 3251 1296 3318 alten
1327 3252 1511 3317 Kultbildes
1543 3256 1576 3317 in
1601 3254 1656 3318 der

458 3357 599 3424 Ostcella
623 3358 677 3423 des
699 3357 967 3441 Hekatompedon
991 3361 1061 3423 eine
1085 3379 1166 3423 nene
1190 3356 1356 3423 nertvolle
1380 3357 1523 3422 Stiitae.’'

506 3464 708 3548 Quamquam
728 3462 847 3527 ultima
868 3465 963 3528 verba
982 3467 1091 3528 minus
1112 3471 1197 3528 recta
1217 3484 1285 3528 esse
1307 3470 1401 3547 puto,
1414 3466 1654 3549 inscriptionem

456 3572 546 3635 enim
578 3574 720 3633 nostram
751 3571 945 3632 contrarium
978 3571 1099 3633 testari.
1131 3568 1174 3633 Et
1197 3576 1445 3633 consentaneum
1469 3568 1599 3633 videtur
1621 3571 1654 3631 in

459 3673 584 3742 Gallam
617 3672 806 3738 orientalem
838 3676 913 3738 novi
945 3672 1058 3758 templi
1085 3677 1251 3757 antiquam
1275 3672 1441 3738 Poiiadsm
1465 3694 1532 3738 esse
1556 3680 1655 3738 trans·

455 3779 577 3855 latam,
609 3799 684 3843 cum
715 3781 904 3862 praesertim
936 3780 968 3842 in
1000 3779 1122 3863 templo
1154 3784 1262 3843 vetere
1294 3778 1358 3842 alia
1390 3779 1528 3865 effigies,
1554 3786 1591 3842 ut
1615 3799 1654 3842 er

456 3886 664 3969 inscriptione
684 3883 870 3961 didicimus,
891 3891 1017 3969 praesto
1038 3890 1137 3961 esset,
1152 3905 1248 3969 quam
1260 3887 1364 3969 ipsam
1378 3884 1542 3949 Poliadem
1556 3885 1654 3949 fuisse

457 3990 639 4077 perhibenti
657 3988 830 4075 Ddrpfeldo
851 3991 976 4055 credere
996 4011 1058 4054 non
1079 3992 1181 4075 potui.
1202 3989 1309 4054 Polias
1329 3996 1438 4055 autem
1451 3989 1538 4074 quali
1550 3988 1655 4075 figura

456 4098 557 4162 fuerit
589 4096 723 4160 fortasse
757 4094 926 4180 aliquando
958 4099 1112 4172 sciemus,
1147 4117 1231 4159 nunc
1255 4098 1410 4180 suspicari
1434 4102 1561 4160 tantum
1585 4118 1654 4181 pos

458 4222 587 4277 snmus;
609 4201 758 4285 equidem
778 4222 845 4265 rem
864 4202 1039 4266 identidem
1060 4201 1257 4286 perpendens
1278 4205 1311 4265 in
1330 4201 1422 4266 Iahni
1439 4205 1544 4288 magis
1557 4223 1654 4286 quam

458 4312 492 4373 in
513 4305 748 4392 Furtwiingleri
768 4309 948 4391 opinionem
970 4328 1089 4391 pronus
1109 4306 1159 4371 fio.
1186 4306 1248 4371 Hic
1268 4309 1355 4371 enim
1376 4328 1456 4391 quae
1474 4307 1654 4391 disputavit

459 4413 498 4478 dc
531 4414 638 4496 parvis
669 4411 782 4496 figuris
813 4433 829 4475 e
861 4418 945 4477 terra
976 4418 1063 4476 cocta
1095 4412 1206 4487 factis,
1240 4414 1389 4495 quamvis
1420 4415 1577 4496 speciosa,
1606 4412 1654 4476 nil

458 4519 610 4605 probant,
643 4537 745 4601 neque
777 4518 890 4593 verba,
921 4518 1038 4602 quibus
1070 4519 1271 4602 argumentis
1296 4517 1387 4581 lahni
1411 4517 1449 4581 de
1473 4519 1558 4581 vasis
1582 4538 1654 4601 pan·

460 4654 656 4664 *a*

491 4715 521 4859 i}
538 4711 774 4850 {dimitiam
792 4809 831 4857 pp.
855 4792 993 4851 tol-lot,
1013 4794 1061 4840 Der
1079 4790 1261 4856 urspringliche
1278 4790 1338 4839 Plan
1355 4792 1395 4839 dee
1412 4790 1577 4840 Erechtheion.
