4525 5950
969 705 1105 754 cuorus.
1567 689 1630 754 411

439 879 519 939 sunt
549 878 685 960 cognata
715 874 781 937 iam
810 874 845 936 in
876 873 980 957 priore
1011 868 1068 935 illa
1099 870 1167 935 dixi
1198 869 1425 955 disputatione.
1449 868 1550 938 Ouios
1573 872 1637 938 loci

439 983 601 1046 maiorem
634 984 759 1064 partem
790 978 854 1042 buc
885 975 1073 1041 transferam
1105 978 1181 1060 quia
1211 975 1243 1041 11
1273 997 1354 1060 quae
1385 982 1462 1042 sunt
1492 979 1636 1044 eiusdem

438 1088 626 1173 argumenti
656 1085 715 1150 sub
746 1105 849 1149 unum
880 1082 955 1147 dare
986 1080 1060 1147 volo
1093 1087 1300 1168 conspectum
1331 1083 1364 1148 61
1386 1086 1432 1149 818
1454 1086 1536 1150 mibi
1559 1107 1635 1172 paro

439 1195 616 1257 transitum
648 1190 688 1256 ad
712 1188 906 1276 peculiarem
931 1187 1093 1272 quandam
1112 1187 1151 1251 de
1174 1186 1298 1252 duobus
1321 1186 1400 1253 locis
1423 1189 1637 1275 disputatiun-

438 1297 569 1375 culam,
593 1317 656 1382 qua
679 1302 753 1382 apte
777 1301 885 1360 totum
908 1294 968 1358 boc
990 1299 1087 1377 caput
1110 1290 1288 1358 claudatur.

486 1404 616 1489 Longae
634 1404 824 1487 saepiusque
842 1403 1040 1484 interruptae
1059 1401 1255 1465 narrationes
1274 1401 1432 1466 eiusmodi
1451 1423 1545 1469 versu
1565 1425 1636 1468 con-

438 1508 544 1575 cludit
576 1514 669 1594 poeta
702 1512 739 1572 ut
767 1514 856 1573 totus
886 1526 997 1571 earum
1028 1526 1128 1571 nexus
1153 1505 1276 1592 legenti
1298 1510 1450 1574 continuo
1473 1514 1537 1574 8181
1559 1516 1633 1575 ante

438 1612 561 1680 oculos.
585 1611 656 1678 Duo
680 1612 761 1678 dabo
786 1610 942 1697 exempla.

487 1719 629 1784 Uxorem
660 1720 783 1783 amittit
815 1716 977 1803 Orpheus,
1009 1721 1171 1801 receptam
1196 1715 1390 1803 negligenda
1413 1719 1633 1786 conditiones

438 1846 518 1912 rege
541 1823 719 1889 inferorum
742 1825 893 1909 imposita
915 1825 1034 1887 iterum
1058 1822 1180 1909 perdit;
1205 1829 1347 1888 maestus
1371 1825 1455 1890 redit
1481 1827 1513 1889 in
1538 1824 1635 1891 'Phra-

438 1935 543 2008 oiam,
569 1932 735 1995 tristitiam
758 1928 940 1995 consolatur
963 1928 1119 2005 canend03
1143 1930 1213 2013 ipsa
1232 1931 1301 1994 eius
1319 1931 1476 2007 carmina,
1497 1952 1635 2016 quorum

438 2043 492 2102 sat
513 2057 634 2122 magna
656 2041 705 2101 est
727 2038 834 2121 copia,
860 2037 1033 2100 narrationi
1055 2037 1260 2112 inseruntur;
1285 2034 1414 2100 tandem
1437 2056 1456 2101 a
1478 2035 1633 2114 Thressis,

438 2164 581 2229 quarum
601 2141 712 2208 odium
731 2143 765 2204 in
783 2161 817 2205 se
836 2144 994 2216 verterat,
1014 2146 1105 2205 vates
1124 2139 1298 2205 crudeliter
1313 2141 1476 2217 occiditur,
1489 2144 1634 2209 membra

436 2252 510 2314 eius
534 2249 682 2313 manibus
706 2246 831 2329 direpta
855 2243 997 2310 nefandis
1022 2252 1219 2329 sparguntur
1242 2243 1314 2324 (XI,
1339 2244 1412 2325 61):

581 2352 702 2418 Umbra
723 2352 811 2416 subit
835 2356 935 2416 terras
957 2355 989 2415 et
1012 2370 1093 2435 quaa
1116 2349 1186 2415 loca
1209 2349 1335 2415 viderat
1358 2359 1430 2417 ante

581 2456 704 2525 Cuncta
727 2458 943 2543 recognoscit,
966 2476 1181 2542 quaerensque
1205 2477 1261 2541 per
1283 2477 1361 2523 arva
1383 2461 1512 2543 piorum

580 2563 708 2629 Invenit
729 2562 900 2627 Iiuridicen
923 2561 1111 2646 cupidisque
1134 2560 1341 2646 amplectitur
1363 2561 1458 2628 ulnis.

580 2669 644 2735 Hic
667 2669 762 2734 modo
786 2670 962 2734 coniunctis
984 2669 1163 2753 spatiantur
1185 2668 1330 2752 passibus
1353 2669 1464 2749 ambo,

580 2774 675 2841 Nunc
698 2775 938 2861 praecedentem
962 2776 1116 2858 sequitur,
1141 2795 1226 2839 nunc
1249 2778 1398 2859 praevius
1421 2781 1538 2857 anteit;

580 2880 824 2969 Eurydicenque
846 2901 938 2946 suam
960 2882 1028 2944 iam
1049 2883 1121 2944 tuto
1144 2881 1274 2966 respicit
1297 2880 1454 2967 Orpheus.

439 2986 539 3051 Vides
563 3007 660 3072 quam
683 2990 813 3074 egregie
837 3008 902 3052 uno
925 2985 1081 3052 vocabulo
1102 2988 1164 3050 iam
1182 2986 1300 3073 longae
1320 2989 1449 3055 fabulae
1467 2992 1636 3057 exordium

439 3114 518 3157 cum
541 3093 602 3159 fine
625 3096 790 3180 iungatur.

489 3199 601 3285 Neque
625 3203 732 3264 minus
755 3205 804 3264 est
826 3202 952 3285 insigne
976 3197 1115 3264 alterum
1139 3198 1325 3284 exemplum
1349 3202 1433 3285 quod
1453 3223 1470 3267 8
1488 3202 1571 3269 libro
1589 3203 1637 3268 III

440 3305 582 3372 afferam.
614 3305 735 3369 Misero
758 3306 809 3368 sui
831 3325 940 3370 amore
963 3306 1095 3370 tabescit
1117 3304 1286 3370 Narcissus
1293 3327 1302 3384 ;
1328 3306 1405 3392 quid
1428 3314 1528 3373 semet
1552 3330 1637 3395 spec

441 3412 540 3478 tando
563 3413 697 3477 senserit
720 3410 898 3495 dixeritque
920 3416 1065 3476 accurate
1083 3408 1273 3495 explicatur,
1293 3412 1348 3477 sed
1368 3411 1407 3476 ad
1426 3415 1551 3479 exitum
1568 3418 1636 3481 iam

439 3522 632 3603 properante
650 3518 831 3582 narratione
849 3536 913 3580 non
932 3514 1073 3602 negligit
1091 3520 1185 3600 poeta
1203 3514 1347 3602 legentes
1365 3517 1533 3586 admonere
1548 3521 1634 3587 haud

438 3625 641 3689 immeritam
673 3621 773 3688 fuisse
806 3620 947 3687 Narcissi
982 3627 1139 3686 mortem:
1173 3624 1294 3689 iterum
1324 3626 1412 3688 enim
1441 3626 1477 3689 in
1507 3647 1633 3692 scenam

439 3727 591 3814 producit
613 3727 719 3805 Echo,
744 3748 807 3812 qua
829 3727 1031 3813 despicienda
1053 3727 1151 3793 durae
1174 3731 1207 3792 81
1228 3727 1424 3794 inhumanae
1446 3730 1563 3797 indolis
1582 3732 1636 3798 do·

441 3838 633 3900 numentum
657 3831 837 3898 adolescens
861 3833 958 3898 dedit.
983 3832 1071 3897 Haec
1095 3838 1208 3918 poetae
1231 3834 1330 3899 verba
1352 3839 1429 3899 sunt
1450 3841 1512 3915 (vs.
1537 3836 1635 3918 499):

579 3937 704 4004 Ultima
726 3959 789 4004 vox
812 3938 938 4004 solitam
962 3938 1026 4003 fnit
1048 3939 1125 4004 haec
1147 3942 1320 4024 spectantis
1342 3943 1378 4005 in
1400 3942 1538 4008 undam:

581 4044 676 4123 „Heu
700 4044 819 4109 frustra
842 4043 956 4108 dilecte
979 4042 1121 4129 puer''t''
1146 4045 1344 4131 totidemque
1366 4048 1493 4112 remisit

579 4150 681 4216 Verba
706 4149 812 4226 locus,
837 4149 985 4234 dictoque
1009 4149 1123 4226 „vale”
1150 4149 1265 4226 „vale”
1287 4154 1393 4236 inquit
1416 4160 1449 4218 81
1471 4153 1568 4221 Echo.

441 4256 531 4336 Quae
554 4262 664 4320 autem
687 4254 823 4321 artificia
845 4253 945 4319 semel
970 4254 1118 4320 adamare
1142 4262 1237 4341 poeta
1258 4260 1364 4341 coepit
1386 4260 1427 4323 iis
1450 4262 1636 4345 saepissime

441 4364 559 4428 utitur.
584 4359 699 4428 (litabo
723 4383 834 4427 sersus
858 4361 1013 4446 quosdam
1036 4362 1120 4425 inter
1138 4382 1171 4427 se
1190 4360 1376 4428 simillimos
1394 4365 1478 4430 unde
1496 4364 1636 4431 alterum

440 4488 546 4554 genus
569 4469 718 4551 cognosci
741 4469 851 4551 possit.

488 4573 542 4650 VI,
567 4569 633 4637 267
654 4593 720 4657 sqq.

577 4677 678 4743 Fama
702 4676 781 4742 mali
803 4675 978 4762 populique
1002 4676 1091 4743 dolor
1113 4676 1326 4762 lacrimaeque
1351 4700 1482 4745 suornm

579 4781 660 4848 'lam
684 4783 807 4848 subitae
830 4791 967 4847 matrem
991 4790 1112 4849 certam
1135 4784 1235 4850 fecere
1270 4787 1381 4850 ruinae
