4525 5950
965 682 1117 730 rasurus.
1574 661 1638 727 153

493 848 629 913 Praeter
653 847 792 912 Leonem
817 851 849 911 et
881 846 928 911 ed.
963 847 1121 911 minorem
1151 866 1262 910 omnes
1289 851 1417 910 censent
1443 848 1477 908 in
1506 866 1551 910 vs.
1578 843 1642 910 38h

441 959 478 1017 et
503 954 576 1017 dein
601 955 636 1016 in
661 950 725 1044 391
747 973 793 1036 sq.
819 973 881 1016 non
906 972 1026 1028 unum,
1051 951 1105 1015 sed
1130 951 1209 1015 duos
1232 950 1373 1015 diversos
1397 951 1542 1014 homines
1566 950 1640 1014 defi-

441 1062 526 1134 niri,
546 1058 615 1122 illio
634 1057 809 1122 satellitem
829 1056 987 1142 quendam
1008 1063 1154 1121 astutum
1172 1057 1303 1121 doctum
1323 1065 1453 1122 cautum
1468 1056 1639 1134 callidum,

441 1165 497 1228 hic
520 1167 662 1229 amioum
686 1170 831 1240 certum,
851 1162 1003 1247 ideoque,
1028 1165 1103 1247 quia
1127 1183 1211 1226 unus
1231 1169 1358 1227 tantum
1379 1164 1563 1246 requiritur,
1584 1169 1640 1226 aut

441 1268 648 1354 expellendos
678 1289 746 1333 esse
778 1289 824 1332 vs.
851 1266 916 1332 385
930 1289 975 1352 sq.
1005 1270 1064 1346 (sic
1087 1267 1239 1353 hadewig
1263 1274 1296 1331 et
1319 1267 1470 1347 Bierma),
1495 1276 1552 1331 aut
1576 1265 1641 1331 390

444 1374 557 1440 -392
588 1378 647 1455 (sie
677 1374 817 1451 Lorenz,
849 1373 985 1458 Ussing,
1019 1372 1168 1458 Langen,
1194 1370 1299 1453 Gora).
1324 1374 1434 1437 Primo
1458 1373 1574 1437 obtutu
1598 1394 1644 1437 re

439 1483 623 1566 pugnantia
652 1479 875 1545 definitionum
909 1501 971 1543 non
1003 1479 1132 1543 videtur
1163 1479 1309 1565 neganda
1336 1499 1413 1544 esse.
1447 1478 1507 1543 Sed
1531 1481 1643 1563 gravis

440 1585 614 1650 difficultas
632 1588 745 1661 oritur,
766 1585 821 1649 ubi
837 1587 929 1668 'optio
950 1584 1092 1648 facienda
1104 1592 1153 1649 est
1165 1588 1441 1669 interutramque.
1464 1585 1560 1649 lnvs.
1575 1583 1640 1648 696

439 1690 609 1757 Calidorus
632 1697 782 1776 rogatum
807 1690 969 1754 hominem
995 1688 1124 1752 adducit
1148 1693 1239 1774 isque
1260 1691 1449 1774 probatura
1469 1688 1639 1754 Pseudolo.

439 1796 504 1861 Hic
534 1802 644 1861 autem
674 1803 723 1860 est
755 1798 878 1860 amicus
910 1801 1015 1859 certus
1049 1793 1224 1860 Charinus:
1259 1794 1459 1872 „Pseudolus
1489 1796 1569 1858 mihi
1594 1798 1641 1859 ite

441 1905 654 1987 ,imperavit,
686 1908 724 1966 ut
754 1900 896 1985 aliquem
925 1901 1089 1964 homiuem
1115 1906 1294 1979 strenuom,
1320 1900 1560 1965 benevolentem
1586 1899 1657 1973 ads

440 2009 612 2086 „ducerem
645 2007 683 2072 ed
706 2027 750 2071 se.
781 2004 840 2072 Cn.
865 2004 980 2070 Servus
1002 2008 1178 2090 imperium
1202 2007 1316 2091 probe:
1341 2028 1415 2071 nam
1440 2013 1472 2071 et
1494 2009 1636 2071 amicum

439 2121 495 2191 „et
519 2113 760 2179 benevolentem
784 2111 907 2176 ducis.''
932 2111 995 2176 Hic
1018 2111 1106 2176 locus
1130 2115 1235 2197 igitur
1259 2112 1371 2196 probat
1395 2133 1442 2177 vs.
1457 2110 1636 2176 390-392

430 2228 523 2307 ,recte
547 2241 581 2284 se
604 2219 719 2283 hebere
742 2239 845 2303 neque
869 2220 978 2282 omitti
1001 2239 1104 2302 posse.
1130 2218 1179 2281 Ab
1204 2216 1304 2282 altera
1329 2223 1415 2302 parts
1440 2239 1487 2282 vs.
1510 2216 1575 2280 385
1589 2238 1636 2299 sq.

437 2328 549 2392 abesse
573 2329 628 2390 vix
652 2331 802 2410 possunt,
824 2327 976 2409 quoniam
997 2325 1094 2389 verba
1113 2327 1147 2388 in
1170 2323 1234 2390 389
1258 2325 1434 2409 „Propera,
1461 2324 1563 2389 adduc
1585 2325 1640 2389 ho·

437 2435 562 2496 minem
582 2430 678 2514 cito'',
700 2451 781 2515 qnae
801 2435 943 2514 genuina
963 2436 1039 2493 sunt
1056 2451 1157 2514 neque
1178 2432 1287 2495 aviris
1299 2429 1400 2494 doctis
1413 2428 1640 2506 sollicitantur,

438 2536 622 2623 postulant,
644 2544 680 2600 ut
699 2536 864 2601 antecedat
884 2536 1024 2599 hominis
1044 2538 1180 2611 mentio,
1202 2557 1296 2621 quem
1318 2543 1526 2620 properanter
1544 2535 1640 2600 addu-

437 2664 509 2708 cere
527 2649 685 2707 monetur.
706 2641 781 2706 Mea
801 2650 911 2706 autem
932 2645 1090 2706 sententia
1109 2645 1321 2727 repugnantia
1342 2664 1403 2706 non
1425 2647 1513 2707 tanta
1525 2649 1588 2718 est,
1603 2646 1640 2707 ut

435 2748 587 2814 alterutri
607 2769 719 2812 versus
740 2747 945 2833 expungendi
966 2748 1040 2811 sint.
1062 2747 1240 2812 Pseudolus
1260 2754 1353 2833 rogat
1374 2748 1536 2812 homiuem
1554 2754 1640 2812 aetu-

437 2863 510 2918 tum
530 2860 590 2917 eto.
613 2850 778 2919 Calidorus
799 2855 921 2938 cogitat
941 2852 979 2916 de
1000 2855 1115 2928 amico,
1132 2855 1166 2916 in
1180 2874 1243 2937 quo
1257 2852 1436 2918 Pseudolus
1449 2856 1636 2938 acquiescit,

437 2958 615 3024 dummodo
634 2964 740 3023 certus
759 2961 811 3022 sit.
836 2957 988 3043 Epitheta
1007 2957 1135 3037 doctus,
1157 2965 1287 3050 cautus,
1308 2958 1443 3024 callidus
1465 2959 1583 3024 eadunt
1601 2961 1635 3023 in

436 3068 601 3150 optimum
621 3085 780 3148 quemque
799 3067 995 3150 ingenuum,
1016 3064 1070 3128 sed
1090 3068 1188 3128 etiam
1207 3072 1334 3130 astutus
1353 3065 1538 3150 aliquando,
1552 3068 1635 3129 utin

437 3168 656 3246 Chremetem,
678 3168 837 3234 Heauton.
859 3168 936 3232 222.
951 3168 1026 3234 874.
1049 3169 1090 3232 ut
1110 3191 1184 3233 cum
1202 3177 1310 3254 postea
1323 3169 1500 3259 Pseudolus
1511 3177 1636 3255 praeter

436 3275 618 3343 Charinum
639 3296 759 3339 novum
781 3277 906 3359 quaerit
926 3275 1104 3339 adiutorem
1121 3274 1185 3340 724
1205 3274 1364 3351 „malum,
1383 3274 1554 3352 callidum,
1569 3275 1638 3340 doe-

437 3381 533 3446 tum”
555 3401 581 3445 e.
595 3403 624 3465 q.
638 3402 674 3457 ε..
696 3378 854 3446 Charinus
866 3386 960 3465 rogat
972 3401 1051 3443 num
1064 3401 1176 3444 servus
1188 3383 1218 3445 ei
1231 3381 1444 3445 satisfaceret:
1468 3384 1516 3458 „si
1529 3402 1637 3446 servos

437 3497 503 3562 est,
522 3487 680 3571 numquid
700 3485 830 3561 relert”,
850 3491 887 3549 nt
912 3485 1032 3562 „homo
1055 3485 1160 3550 malus
1184 3486 1319 3550 callidus
1343 3486 1475 3551 doctus’'
1498 3486 1637 3552 Charino

439 3596 549 3679 potius
579 3595 757 3676 ingenuum
781 3591 921 3656 indicare
945 3591 1102 3656 videatur.
1129 3590 1165 3655 ln
1189 3613 1236 3655 vs.
1263 3590 1327 3657 697
1349 3614 1395 3677 sq.
1419 3614 1476 3677 pro
1501 3595 1638 3676 quaesiti

438 3699 580 3763 hominis
604 3697 771 3781 epithetis:
797 3703 937 3769 astutus,
963 3696 1114 3771 callidus,
1145 3697 1274 3773 doetus,
1307 3709 1413 3761 certus
1445 3706 1642 3782 usurpentur

437 3801 518 3868 alie:
541 3811 689 3867 strenuus
709 3812 741 3866 et
760 3801 961 3867 benevolens.
986 3799 1070 3868 Cum
1090 3802 1227 3867 Plautus
1247 3824 1361 3887 graeca
1373 3825 1436 3867 non
1449 3803 1488 3867 ad
1501 3804 1635 3867 verbum

436 3909 600 3985 redderet,
624 3909 670 3973 ibi
695 3907 902 3993 probabiliter
914 3908 1004 3973 nulle
1029 3915 1096 3972 erat
1120 3912 1351 3973 sententiarum
1375 3909 1596 3994 discrepantia.

483 4120 630 4186 Secundo
660 4120 729 4185 loco
761 4141 858 4207 agam
888 4121 926 4185 de
958 4127 1030 4185 ectu
1064 4120 1121 4199 III,
1155 4124 1210 4205 qui
1243 4143 1352 4187 scenas
1384 4126 1525 4188 continet
1556 4124 1635 4189 duas

434 4225 530 4291 valde
561 4225 783 4291 conclamatas.
817 4227 853 4291 In
884 4229 989 4311 prima
1022 4227 1177 4311 puerulus
1209 4228 1333 4292 lenonis
1365 4229 1510 4313 deplorat
1541 4251 1633 4294 suam

434 4338 557 4397 sortem
581 4332 703 4409 verbis,
728 4353 809 4417 quae
831 4331 985 4398 Loreuaio
1009 4333 1265 4418 indignationem
1283 4333 1304 4413 ¹)
1328 4334 1382 4399 sed
1403 4337 1635 4419 spectatoribus

473 4544 500 4606 l)
527 4544 604 4592 Praei.
621 4544 676 4591 adn.
694 4544 734 4591 23.
755 4543 856 4592 Quale
878 4559 925 4592 non
948 4543 1062 4606 erigenda
1079 4547 1114 4591 est
1132 4544 1161 4592 ed
1181 4548 1275 4593 nostros
1294 4561 1371 4594 mores
1388 4551 1412 4594 et
1429 4547 1540 4610 antiquos
1558 4562 1636 4596 rome·

435 4641 494 4681 noe,
510 4626 550 4674 aed
567 4625 595 4673 ad
614 4639 717 4688 graecos.
743 4624 824 4673 hinlto
841 4625 951 4687 graviora
968 4625 1092 4673 continent
1111 4624 1172 4673 eliae
1189 4627 1330 4676 comoediae.
1352 4627 1411 4676 Vide
1430 4629 1496 4677 Lor.
1512 4628 1590 4692 ipsum
1605 4629 1634 4677 ad

437 4708 489 4760 782
513 4710 537 4755 et
561 4705 625 4754 locos
642 4720 656 4753 e
674 4705 797 4755 Bierme
811 4706 897 4755 citatos
915 4706 940 4756 in
958 4707 1027 4755 docta
1046 4706 1189 4756 refutatione
1210 4708 1380 4758 Brioheleri
1398 4727 1422 4776 p.
1440 4709 1484 4762 li:
1503 4711 1556 4759 Cae.
1573 4713 1637 4761 454.

438 4791 498 4839 910,
519 4789 593 4838 hiere.
611 4788 668 4837 203.
687 4788 743 4836 284.
762 4789 819 4836 846.
