4525 5950
885 1270 1206 1361 TACITEA.

991 1507 1115 1548 scmrsrr

845 1689 874 1756 J.
906 1689 934 1756 J.
967 1689 1258 1756 HARTMAN.

813 1850 1049 1929 (enuclearetur
1080 1873 1095 1914 c
1120 1873 1194 1933 pop.
1226 1848 1295 1927 80.)

940 2154 1152 2198 *ΘΒ-9·

1018 2414 1091 2478 ΧΧ.

734 2632 776 2679 ΔΙ)
800 2631 967 2679 merosus
989 2629 1229 2678 intermortua
1251 2631 1378 2677 varran.

510 2829 552 2895 H.
573 2829 598 2907 l,
624 2828 676 2894 13.
701 2826 893 2905 Causarum,
918 2850 975 2893 eur
997 2827 1154 2892 Othonem
1178 2827 1327 2912 adoptare
1350 2824 1452 2893 Galba
1475 2826 1589 2905 nollet,
1613 2834 1646 2893 et

457 2939 542 3004 hanc
572 2938 669 3003 fuisse
701 2957 798 3002 unam
831 2958 863 3002 se
886 2938 1004 3001 medere
1027 2935 1157 3002 Tacitus
1180 2935 1359 3022 significat,
1384 2936 1467 3022 quod
1491 2957 1604 3021 parum
1629 2957 1645 3001 e

456 3044 625 3130 republica
658 3051 785 3129 putaret
815 3044 914 3109 talem
946 3046 975 3109 ei
1006 3043 1183 3128 relinquere
1212 3063 1441 3109 successorem:
1477 3044 1589 3121 „eredo
1613 3051 1646 3108 et

456 3150 652 3235 reipublicae
676 3171 784 3215 curam
808 3152 945 3226 subisse,
969 3150 1129 3215 frustras
1152 3149 1275 3216 Neroua
1299 3148 1487 3227 translatae,
1511 3153 1538 3214 si
1562 3148 1646 3236 apud

456 3256 619 3322 Othonem
651 3255 917 3341 relinqueretur.''
949 3256 1035 3322 Haec
1057 3258 1159 3341 ipsine
1182 3255 1285 3322 Taciti
1308 3257 1404 3323 verba
1428 3263 1512 3321 sunt.
1538 3257 1647 3322 Altera

456 3385 572 3440 causa,
593 3363 630 3429 de
654 3385 716 3449 qua
738 3385 801 3428 non
825 3365 927 3426 credet
949 3362 1072 3446 aliquid
1095 3362 1148 3427 sed
1172 3370 1333 3448 comperta
1357 3385 1390 3428 se
1414 3362 1537 3428 tradere
1560 3368 1645 3428 certo

456 3474 554 3546 sciat,
575 3470 651 3535 haee
671 3476 719 3535 est
739 3469 821 3555 quod
842 3467 929 3533 Vinii
949 3490 1006 3553 pro
1027 3467 1152 3534 Othone
1171 3470 1303 3535 artificia
1322 3468 1425 3535 Galba
1435 3472 1645 3555 perspexerit:

460 3597 584 3660 „neque
604 3583 672 3642 erat
691 3574 812 3641 Galbae
836 3578 948 3659 ignota
971 3574 1106 3639 Othonia
1129 3596 1165 3640 sc
1187 3575 1253 3640 Titi
1277 3575 1362 3640 Vinii
1386 3575 1560 3640 amieitia.’'
1585 3574 1647 3641 ssd

458 3689 494 3747 et
526 3685 619 3747 tertia
651 3704 746 3747 causa
778 3681 934 3767 quaedam
967 3682 1045 3758 fnit,
1071 3703 1150 3767 quae
1175 3680 1326 3759 Galbam,
1351 3704 1459 3748 senem
1477 3687 1645 3748 'morosum

458 3795 495 3854 et
518 3788 670 3854 adversus
693 3811 838 3854 rumores
858 3792 1066 3873 pertinacem,
1088 3788 1270 3873 impelleret
1289 3796 1327 3854 ut
1346 3793 1391 3854 sie
1410 3810 1519 3855 secum
1539 3788 1648 3875 loque-

459 3905 568 3960 retur:
595 3903 648 3972 „at
671 3918 730 3982 ego
754 3895 787 3959 id
810 3899 934 3981 ipsum,
960 3895 1044 3980 quod
1063 3917 1114 3960 me
1135 3896 1295 3960 facturum
1315 3898 1530 3961 vaticinantur
1548 3899 1651 3982 inepti

459 4004 519 4066 isti
541 4002 701 4080 homines,
726 4023 890 4087 nunquam
916 4001 1062 4066 faciam.''
1086 4000 1205 4067 Totum
1229 4000 1331 4066 Taciti
1355 4001 1463 4067 locum
1488 4003 1551 4068 hnc
1583 4025 1649 4088 per-

461 4110 619 4172 tinentem
644 4109 835 4185 exscribam,
860 4112 906 4172 ita
930 4109 1089 4184 divisum,
1115 4114 1153 4172 ut
1176 4130 1286 4186 nemo,
1311 4111 1367 4193 qui
1390 4130 1470 4193 quae
1492 4109 1544 4173 hio
1564 4130 1648 4194 prae-

461 4216 607 4278 miserim
638 4214 771 4301 legerit,
808 4214 876 4280 ullo
907 4214 1000 4279 modo
1032 4214 1177 4280 dubitare
1208 4217 1324 4301 possit,
1360 4217 1436 4299 quin
1468 4238 1574 4279 causae
1604 4217 1650 4281 ibi

461 4328 700 4398 enumerentur,
721 4342 801 4406 quae
820 4321 859 4385 ab
879 4320 1003 4385 Othone
1024 4326 1166 4386 mentem
1188 4318 1307 4386 Galbae
1328 4319 1380 4385 vel
1400 4319 1650 4388 abalienaverint

461 4425 516 4491 vel
541 4429 625 4492 eert'e
648 4427 826 4493 abalienare
850 4430 1029 4512 potuerint:

509 4559 537 4598 a.
563 4533 673 4620 Neque
697 4541 765 4600 erat
790 4531 910 4600 Galbae
934 4537 1045 4620 ignota
1069 4533 1203 4598 Othonis
1226 4556 1262 4598 ac
1285 4533 1362 4598 Titii
1388 4533 1474 4598 Vinii
1498 4538 1648 4600 amicitia.

509 4642 536 4704 b.
568 4641 610 4705 Et
643 4641 826 4705 rumoribus
857 4641 938 4705 nihil
970 4640 1097 4705 silentio
1128 4643 1435 4717 transmittentium,
1461 4645 1535 4725 quia
1559 4640 1650 4707 Vinio

467 4746 566 4811 vidua
589 4747 672 4823 filia,
696 4747 817 4811 caelebs
841 4746 943 4823 Otho,
967 4767 1065 4832 gener
1087 4766 1122 4810 ae
1146 4766 1232 4810 socer
1255 4746 1503 4813 destinabantur.

1489 4869 1504 4916 a
