4525 5950
522 690 587 756 364
903 711 946 757 ιο
968 709 1105 758 uanunu
1127 710 1322 758 snuournuu.

519 877 647 940 institui
679 877 884 942 ratiocinium
915 882 947 941 et
973 876 1012 941 ad
1035 875 1131 942 οὑδενι
1155 875 1369 962 supplendum
1393 898 1460 942 esse
1484 878 1643 956 ἀνθρώπῳ,
1668 899 1704 942 en

520 1002 582 1067 quo
612 1003 722 1047 rursus
753 982 914 1048 obiectum
945 982 1038 1048 αὐτόν
1069 983 1107 1049 ad
1139 984 1275 1050 verbum
1306 983 1456 1063 διόρθωσιν
1485 984 1705 1050 arcessendum

520 1094 577 1152 est.
601 1087 713 1173 Itaque
736 1091 764 1154 si
784 1091 851 1155 iam
874 1093 1056 1156 auctoritati
1078 1089 1168 1155 codd.
1191 1090 1260 1155 AX
1281 1112 1345 1156 non
1364 1089 1493 1157 videtur
1514 1090 1706 1176 parendum,

521 1198 576 1280 qui
606 1196 680 1260 hinc
712 1217 834 1261 novum
864 1204 961 1283 caput
989 1199 1166 1283 incipiunt,
1197 1203 1230 1262 at
1258 1203 1343 1263 certe
1365 1218 1449 1263 nova
1470 1197 1554 1263 linea
1578 1201 1706 1263 omnino

521 1322 601 1387 opus
624 1308 701 1367 erat.

566 1406 602 1473 Ιι.
627 1406 684 1472 ΙΧ.
710 1407 770 1472 32:
796 1409 923 1487 „cottia
949 1410 1079 1487 περιττοὶ
1103 1417 1253 1488 περιελεῖν
1276 1415 1334 1473 τῶν
1361 1409 1565 1489 ἐνοχλούντων
1590 1432 1635 1473 τοι
1662 1407 1708 1473 δι’·

520 1536 626 1590 ναται,
658 1509 717 1577 ὅλα
742 1516 791 1579 ἐπὶ
816 1525 854 1596 τῇ
879 1517 1031 1595 ὑπολήψει
1055 1539 1108 1581 σον
1134 1516 1279 1590 κειμενα·
1305 1516 1356 1579 καὶ
1381 1515 1498 1589 πολλὴν
1522 1515 1708 1594 εὐρυχωρίαν

501 1622 723 1698 ,περιποιήσειε
754 1621 807 1696 ἤδη
839 1625 957 1702 τεαοτῷ
992 1624 1084 1700 (τῷ)
1114 1621 1166 1686 τθν
1189 1618 1256 1686 ἕλον
1279 1621 1392 1699 κθτμον
1415 1621 1646 1703 περιειληφέναι
1671 1631 1708 1701 τῇ

521 1728 645 1807 γνώμη,
681 1728 732 1791 καὶ
768 1728 819 1791 τὸν
854 1728 948 1794 ἀΐδιον
983 1728 1078 1793 αἰῶνα
1110 1728 1275 1807 περινοεῑν”
1308 1728 1372 1794 ari.
1405 1727 1710 1813 Quandoquidem

522 1832 653 1897 vocibus
686 1833 737 1897 τὸν
773 1831 839 1899 ὅλον
875 1836 986 1912 κόσμον
1021 1856 1144 1900 novum
1173 1842 1380 1921 praeceptum
1410 1837 1537 1900 institui
1559 1842 1709 1921 apparet,

522 1960 584 2004 non
620 1959 700 2024 opus
734 1946 801 2005 erat
830 1961 905 2005 oum
936 1939 1011 2007 eat.
1041 1940 1123 2006 illud
1152 1943 1193 2021 τῷ
1217 1945 1372 2020 inserere,
1395 1942 1449 2007 sed
1472 1948 1613 2027 praestat
1635 1963 1709 2006 cum

523 2042 593 2111 (tas.
624 2053 695 2131 post
717 2048 837 2127 σεαυτῷ
859 2048 1103 2133 interpungere,
1129 2048 1202 2113 dein
1225 2068 1342 2114 novam
1364 2050 1554 2114 sententiam
1578 2046 1632 2114 vel
1657 2046 1712 2112 ali·

524 2172 617 2217 neam
639 2154 795 2238 incipere:
819 2153 870 2217 τθν
893 2151 961 2218 ἕλον
984 2155 1096 2229 κθτμον
1120 2155 1184 2221 κτὲ.

569 2258 727 2324 Similiter
753 2259 775 2325 l.
796 2260 839 2324 X.
860 2259 901 2324 31
926 2281 946 2325 a
964 2260 1086 2326 verbis:
1108 2258 1195 2338 „eiua
1215 2257 1360 2335 ὕληνκαὶ
1382 2259 1520 2328 ὑπέθεοιν
1540 2261 1710 2344 φεύγεις;”

524 2365 600 2442 τοτὲ,
624 2387 681 2430 nec
704 2386 768 2431 nou
790 2366 813 2431 l.
837 2365 890 2432 VI.
915 2366 975 2432 36:
1001 2367 1129 2445 ,πάντα
1152 2369 1262 2432 ένεῐθεν
1281 2367 1427 2448 έρχεται,
1448 2370 1506 2433 εἰτ’
1527 2369 1639 2432 ἐκείνου
1659 2372 1711 2432 τοῦ

525 2475 619 2536 κοινοῦ
640 2475 819 2550 ἡγεμονικοῦ
831 2474 1024 2552 ὁρμήσαντα,
1044 2474 1061 2550 ἢ
1083 2481 1155 2539 κατ’
1173 2475 1443 2554 έπανιολούθντιν,”
1464 2495 1582 2541 novam
1593 2474 1711 2540 lineam

430 2654 438 2664 ,
525 2580 664 2663 incipere
684 2577 814 2658 malim,
835 2581 909 2664 quia
932 2587 964 2645 et
986 2580 1037 2646 his
1060 2581 1216 2648 ambobus
1238 2581 1315 2647 locis
1337 2604 1459 2650 novum
1481 2590 1712 2669 argumentum

523 2684 672 2751 inchoare
696 2685 823 2752 videtur
846 2690 964 2752 auctor.

570 2902 615 2965 At
645 2921 745 2987 pauca
768 2901 844 2967 haec
867 2921 968 2988 neque
991 2900 1165 2966 admodum
1187 2903 1311 2988 gravia.
1336 2900 1455 2982 Quodsi
1477 2900 1618 2982 Stichio,
1644 2906 1712 2969 viro

527 3009 709 3074 doctissimo
737 3016 770 3075 et
797 3007 1061 3095 diligentissimo,
1086 3010 1270 3096 contingat,
1294 3017 1331 3074 ut
1353 3008 1488 3075 alteram
1510 3011 1601 3076 nobis
1624 3018 1714 3097 parat

527 3117 681 3181 Antonini
704 3115 893 3193 editionem,
917 3136 1050 3200 eamque
1073 3118 1118 3180 ita
1141 3118 1342 3193 institutam,
1367 3122 1404 3181 ut
1426 3115 1487 3182 loci
1506 3137 1524 3181 a
1543 3116 1655 3183 Marco
1676 3139 1714 3183 ex

526 3220 598 3286 aliis
631 3222 839 3308 scriptoribus
873 3224 967 3307 petiti
998 3221 1037 3286 ad
1070 3220 1190 3287 calcem
1220 3224 1413 3308 paginarum
1444 3222 1656 3302 adnotentur3
1688 3226 1715 3289 ai

525 3335 687 3415 praeterea
718 3335 769 3409 (ut
798 3328 946 3394 omnibus
977 3329 1043 3392 iam
1073 3330 1158 3392 votis
1183 3327 1351 3414 defungar)
1375 3327 1481 3413 paullo
1504 3327 1715 3415 locupletiore

524 3434 696 3499 verborum
715 3433 819 3499 iudice
836 3437 1025 3510 instruatur,
1046 3432 1164 3498 additis
1184 3436 1281 3498 etiam
1300 3432 1466 3518 particulis
1484 3421 1520 3499 ct
1536 3437 1715 3502 minoribus

527 3538 690 3606 vocabulis
713 3546 802 3620 (nam
826 3561 844 3604 a
866 3541 979 3625 priori,
1006 3547 1043 3603 ut
1062 3542 1169 3617 aiunt,
1190 3540 1246 3603 vix
1265 3541 1366 3603 statui
1383 3560 1473 3625 posse
1492 3542 1615 3626 opinor,
1635 3562 1716 3627 quae

527 3668 621 3713 voces
655 3646 714 3725 „ad
745 3667 813 3712 rem
843 3648 987 3711 criticam
1018 3644 1154 3710 alicuius
1178 3647 1241 3709 sint
1264 3646 1454 3724 momenti’'‚
1477 3667 1557 3732 quae
1581 3651 1715 3727 minus),

528 3762 600 3818 tum
630 3752 750 3819 confido
785 3753 868 3829 fore,
901 3760 937 3816 ut
967 3750 1097 3817 libellus
1128 3752 1276 3818 omnibus
1306 3756 1451 3818 numeris
1482 3752 1649 3821 absolutus
1683 3760 1714 3821 in

526 3882 641 3926 manus
663 3859 842 3945 legentium
866 3860 1039 3944 perveniat.

979 4200 1021 4246 AD
1045 4198 1267 4246 Puuusacflurt.

573 4353 660 4419 Plut.
675 4351 769 4418 Solon
782 4350 893 4432 (Sint.)
906 4350 959 4417 30.
979 4350 1040 4415 His
1053 4351 1194 4416 versibus
1207 4352 1292 4415 cives
1304 4372 1378 4417 suos
1390 4350 1486 4417 Solon
1497 4355 1719 4439 reprehendit:

708 4462 734 4524 εἱ
760 4459 790 4523 δέ
815 4458 989 4522 πεπόνθατε
1012 4459 1115 4537 λυγροὶ
1139 4458 1176 4522 δι’
1201 4459 1348 4538 ὑμετέραν
1373 4458 1544 4537 κααθτνρτιι,

754 4565 797 4639 μή
822 4589 851 4628 τι
875 4568 950 4636 θεοῖς
974 4566 1086 4630 τούτων
1110 4572 1199 4641 μῆνιν
1222 4565 1430 4646 ἐπαμφέρετε.

529 4671 633 4738 Immo
656 4672 786 4750 μέμψιν.
812 4669 860 4739 Of.
885 4675 926 4752 τῷ
951 4670 981 4735 δέ
1006 4669 1105 4754 Λοξθρι
1128 4670 1250 4749 μέμψιν
1275 4674 1395 4737 δικαίαν
1417 4671 1601 4755 μέμφομαι.

1054 4901 1248 4914 ..—
