4525 5950
989 705 1111 758 ursus.
1581 690 1644 756 169

445 879 607 942 momenti
637 880 715 940 sunt
745 894 825 958 quae
855 881 888 938 et
919 871 1136 937 Franckenins
1167 878 1200 936 et
1228 875 1376 956 inprimis
1400 873 1542 937 Blassius
1565 879 1643 951 (Att.

448 980 541 1048 Ber.²
572 980 587 1044 l
619 1002 650 1065 p.
684 978 750 1045 599
770 986 871 1064 seqq.)
906 978 945 1042 ad
981 980 1134 1042 orationis
1169 980 1359 1053 νννοιθτντα
1389 979 1646 1064 impugnandam

444 1086 665 1175 protulerunt.
697 1084 797 1150 Verae
828 1092 935 1150 tamen
966 1104 1080 1149 causae
1111 1104 1183 1148 eam
1213 1087 1395 1149 inserviisse
1427 1106 1501 1150 oum
1532 1084 1645 1150 Jebbio

448 1202 571 1260 statuo.
609 1193 715 1257 Pauca
751 1201 877 1256 tantum
909 1197 984 1254 sunt
1015 1211 1096 1275 quae
1119 1190 1159 1254 ad
1182 1190 1439 1255 emendationem
1464 1195 1645 1276 scriptionis

448 1299 629 1365 admodum
654 1297 738 1362 male
762 1298 889 1362 habitae
911 1296 1053 1361 conferre
1078 1317 1221 1380 possum.

497 1517 554 1581 Or.
578 1515 626 1580 IX
650 1515 718 1600 §21
751 1512 796 1580 θτι
828 1516 899 1589 μὲν
932 1517 1001 1579 οὐκ
1034 1515 1107 1589 ἐμοῦ
1141 1515 1434 1593 καταφρονιὶταντεο
1460 1515 1571 1580 α’λλθο
1595 1521 1648 1580 τοῦ

450 1626 647 1701 πράγματος
679 1623 748 1691 τοὺς
781 1623 892 1695 λόγους
927 1627 1101 1697 ποιοῦνται,
1134 1629 1243 1698 σαφῶς
1277 1625 1470 1698 ἐπίσταμαι·
1495 1625 1520 1687 ai
1545 1624 1648 1697 μέντοι

452 1729 539 1804 ὑμᾶς
571 1730 685 1790 οἴονται
718 1726 756 1789 δι’
780 1725 956 1803 ἄγνοιαν
989 1728 1046 1790 ὑπὸ
1078 1734 1135 1790 τῶν
1165 1729 1318 1803 διαβολῶν
1350 1728 1529 1799 πεισθέντας
1554 1753 1650 1791 κατα-

450 1835 645 1913 ψηφιεῖσθαί
667 1855 745 1908 μου,
771 1836 875 1895 τοῦτ’
899 1834 938 1896 ἂν
962 1831 1171 1907 θαυμάσαιμι.
1202 1832 1239 1896 ln
1263 1833 1313 1897 his
1336 1836 1382 1898 sio
1405 1854 1423 1898 a
1446 1833 1648 1899 'Phalhoimio

452 1941 642 2019 constitutis
672 1937 765 2024 plura
794 1945 870 2002 suut
901 1939 1018 2022 quibus
1046 1937 1234 2023 adstipulari
1258 1959 1390 2023 nequeo.
1414 1938 1483 2003 Iam
1506 1942 1650 2024 primum

450 2068 491 2112 ex
515 2044 749 2110 consuetudine
773 2044 870 2108 huius
893 2046 1057 2128 scriptoris
1080 2046 1226 2127 requiro:
1251 2039 1296 2106 θτι
1321 2046 1392 2118 μὲν
1417 2039 1480 2107 οὖν
1504 2047 1556 2108 οθν
1578 2045 1652 2119 ἐμοῦ

452 2166 526 2216 κτλ.
567 2147 630 2215 Οὖν
665 2148 754 2214 deest
787 2151 821 2213 in
854 2149 894 2226 X,
927 2149 981 2213 sed
1013 2157 1086 2214 ante
1118 2152 1171 2213 οὐκ
1203 2148 1294 2213 facile
1325 2148 1409 2213 elabi
1440 2153 1555 2235 potuit.
1588 2150 1651 2215 Pro

454 2255 599 2332 ἄγνοιαν,
623 2254 708 2340 quod
732 2257 872 2339 repperit
896 2253 1018 2331 Rauen
1043 2253 1158 2317 εθνοιαν
1183 2261 1231 2318 est
1253 2257 1287 2318 in
1312 2253 1353 2331 X,
1379 2254 1462 2340 quod
1482 2254 1538 2320 alii
1557 2255 1652 2321 aliter

454 2366 729 2450 procuraverunt;
769 2358 913 2445 plerique
946 2359 1083 2426 editores
1122 2359 1344 2425 Iaoobsianum
1379 2362 1516 2434 εὐήθειαν
1551 2364 1653 2427 secuti

454 2474 552 2545 sunt,
589 2466 645 2530 sed
679 2486 753 2530 oum
785 2466 862 2530 haec
894 2486 957 2530 vox
990 2466 1152 2530 iudicibus
1182 2469 1316 2531 minime
1347 2466 1520 2532 honorifica
1551 2467 1655 2531 videri

454 2574 587 2649 debeat,
613 2572 699 2636 haud
723 2574 788 2635 scio
810 2591 850 2636 au
874 2592 948 2635 oum
971 2568 1174 2635 Thalheimio
1199 2571 1284 2655 qnod
1307 2592 1404 2657 supra
1427 2575 1582 2658 scriptum
1607 2580 1655 2636 est

454 2679 647 2766 praeferam.
680 2676 853 2762 Aliquanto
884 2675 1046 2741 difficilius
1077 2685 1126 2741 est
1149 2676 1187 2742 de
1210 2677 1375 2742 vocabulis
1399 2679 1488 2742 οὶιιοιθο
1513 2684 1545 2743 et
1570 2683 1653 2742 τοῦτ’

454 2784 536 2871 quid
560 2791 685 2849 rectum
709 2787 752 2847 sit
775 2790 926 2848 statuere.
951 2781 1063 2847 Totius
1088 2786 1340 2848 ratiocinationis
1364 2784 1457 2849 cardo
1479 2788 1512 2848 in
1533 2806 1569 2851 eo
1589 2806 1656 2849 rer·

457 2895 554 2966 titur,
588 2897 625 2954 ut
656 2910 748 2966 reus,
773 2889 855 2953 -θ
885 2888 1092 2968 στρατιώτης,
1124 2892 1177 2954 cui
1201 2889 1363 2977 Polyaeno
1386 2911 1501 2955 nomen
1525 2912 1592 2957 ease
1616 2912 1655 2956 ex

456 2997 668 3082 sequentibus
700 2996 833 3081 planum
856 2995 910 3074 fit,
934 3033 976 3043 -
1002 3002 1200 3061 accusatores
1223 2996 1406 3073 contendat,
1432 3018 1506 3062 curn
1530 3000 1657 3082 reipsa

457 3118 490 3169 et
521 3105 728 3189 argumentis
759 3124 776 3167 e
807 3104 878 3166 iure
909 3104 1020 3187 petitis
1053 3106 1160 3166 minus
1185 3102 1345 3178 valerent,
1370 3102 1409 3167 ad
1432 3102 1602 3168 maledicta
1625 3111 1657 3167 et

458 3209 639 3274 calumnias
669 3208 841 3294 confugere
873 3209 904 3292 (ξ
917 3209 961 3285 3).
994 3207 1068 3272 Iure
1090 3211 1195 3294 igitur
1219 3207 1369 3273 dicuntur
1390 3213 1443 3273 τοῦ
1469 3208 1656 3285 πράγματα

459 3323 708 3391 καταφρονῆσαι.
741 3312 804 3378 Sed
834 3312 973 3398 quitali
998 3312 1092 3377 modo
1115 3333 1207 3377 reum
1230 3316 1404 3398 impugnat
1426 3314 1554 3398 qualern
1579 3314 1659 3378 dixi·

461 3442 552 3496 mus,
574 3423 643 3484 isne
661 3422 742 3483 item
754 3426 839 3483 recte
851 3418 1041 3483 dicatnrroi
1057 3418 1229 3492 φεύγοντος
1250 3420 1301 3492 μὶν
1322 3442 1367 3479 κο
1380 3416 1658 3495 ταφρονῆοαιθ

459 3526 567 3590 Immo
598 3544 675 3589 vero
699 3532 731 3587 et
755 3544 824 3589 rem
848 3530 994 3589 atreum
1018 3521 1229 3607 aequabiliter
1252 3521 1458 3608 vilipendisse
1483 3527 1589 3608 potius
1614 3526 1660 3588 di·

458 3631 580 3697 cendus
600 3632 672 3694 erit.
694 3627 801 3693 Sensit
820 3627 1041 3693 difficultatem
1061 3627 1296 3711 Franckenius,
1314 3650 1410 3714 quern
1423 3629 1656 3695 Herwerdenus

458 3743 591 3802 secutus
610 3741 676 3799 est:
698 3736 858 3818 rescripsit
878 3728 927 3796 οθν
946 3754 1002 3817 pro
1022 3735 1075 3797 οὐκ
1093 3736 1189 3798 initio
1209 3737 1401 3810 sententiae,
1423 3732 1656 3820 delendumque

460 3844 587 3907 censuit
610 3842 714 3921 [θλιιθ
734 3845 787 3903 τοῦ
809 3841 1022 3922 redonaret}
1047 3838 1235 3925 Simplicius
1255 3842 1317 3903 erit
1335 3842 1509 3925 corrigere:
1534 3840 1579 3905 θτι
1600 3842 1657 3917 μὲν

388 3930 415 3945 ’
461 3943 576 4030 (οὖν)
602 3947 655 4008 οὐκ
681 3945 754 4019 ἐμοῦ
780 3948 1072 4021 καταφρονήσαντες
1097 3949 1259 4019 μᾶλλον
1283 3948 1364 4028 <ἦ>
1391 3951 1442 4007 τοῦ
1468 3946 1658 4022 πράγματος

459 4069 530 4116 κτλ.
556 4050 702 4116 Tandem
725 4052 861 4126 iniuria,
885 4052 913 4113 si
937 4049 1014 4134 quid
1038 4049 1150 4125 video,
1172 4051 1410 4113 recentissimus
1428 4049 1532 4114 editor
1550 4051 1658 4116 Mark-

456 4158 594 4223 landum
627 4162 755 4220 secutus
786 4157 871 4217 τοῦτ’
904 4154 992 4219 dedit
1023 4175 1079 4238 pro
1110 4153 1251 4219 Palatini
1282 4152 1418 4219 lectione
1449 4158 1502 4218 οὐκ
1519 4153 1554 4234 ¹),
1578 4176 1657 4239 quae
1683 4193 1685 4196 ·

458 4414 612 4474 ἀποροῦντος
630 4407 657 4458 dl
675 4409 829 4470 μιταττῖται
846 4407 954 4466 abrade:
974 4409 1021 4470 §92
1040 4406 1095 4457 οθτ’
1111 4408 1203 4470 baulan
1219 4406 1274 4457 οθτ’
1292 4405 1405 4457 iarius:
1421 4410 1487 4471 512:
1503 4409 1578 4470 νθριοι
1594 4407 1657 4467 ἦσαν

457 4492 604 4559 πράξασθαι
629 4490 643 4548 ἢ
666 4490 779 4553 &deiram
804 4492 869 4552 §142
892 4491 952 4539 οθττ
976 4492 1044 4553 λόγον
1067 4488 1122 4539 οθτ’
1140 4488 1204 4552 ’θργῳ
1222 4488 1328 4551 iliande
1345 4488 1446 4539 οθδθναι
1465 4493 1529 4552 §l9:
1549 4495 1581 4554 τῇ
1600 4489 1655 4555 δίκῃ

456 4577 570 4629 dativae:
590 4574 655 4636 §212
674 4570 846 4637 θγιννθζομαι,
863 4570 940 4635 ’θργῳο
960 4572 992 4621 it.
1009 4570 1254 4632 συμπολιτεύεσθαι,
1272 4572 1297 4629 ll:
1318 4574 1384 4634 §222
1401 4572 1524 4621 πλνθστον
1540 4568 1588 4622 οθν.

493 4661 520 4720 Ι)
541 4657 640 4705 Mecum
657 4655 714 4703 iacit
734 4654 915 4703 llerrrerdenus.
935 4652 1052 4702 Videntur
1070 4659 1149 4701 umen
1164 4654 1244 4717 plnres
1259 4654 1297 4701 hic
1311 4655 1434 4702 offendisse
1449 4654 1551 4703 editores
1556 4676 1563 4712 ;
1578 4653 1657 4702 Schei-

454 4740 509 4789 bioa
531 4737 598 4785 enirn
620 4735 756 4783 l‘oertaohio
773 4735 832 4783 dnos
849 4735 939 4785 edidit:
957 4732 980 4783 al
997 4732 1082 4794 μθντοι
1100 4732 1167 4793 ὑμᾶς
1184 4733 1277 4783 θθονται
1288 4732 1583 4795 --ναταψνφιοῑοθαθ
1597 4751 1655 4794 μου,

455 4818 501 4869 οὔτι
518 4818 551 4868 ἂν
571 4819 746 4877 θαυμάσαιμι,
