4525 5950
914 683 1155 738 nuuosrsrrrns.
1563 667 1628 734 415

436 854 530 918 ὐίνεοι
567 849 694 931 πρᾶξαι.
730 851 793 916 Ain
828 855 883 928 iu,
916 855 1004 916 estne
1036 851 1199 917 difficilius
1231 854 1369 932 εὐτυχῶς
1401 851 1630 927 βεβουλεῦσθαι

437 979 539 1045 quam
570 957 729 1036 σωφρόνως
737 979 746 1036 ;
778 955 876 1037 Quasi
908 958 949 1020 τοὶ
982 958 1101 1037 εὐτυχοῖ
1133 956 1342 1035 βουλεύματα
1373 965 1481 1024 nostra
1511 961 1632 1023 sintin

436 1068 598 1151 potestate
616 1066 728 1150 posita.
749 1061 870 1128 Verum
889 1060 1119 1129 Demosthenes
1139 1069 1267 1150 accepta
1285 1066 1403 1129 iniuria
1424 1086 1487 1130 non
1504 1069 1630 1129 tantum

436 1171 586 1237 modeste
609 1171 781 1256 sogessit,
806 1168 862 1234 sed
884 1168 962 1234 dum
986 1171 1156 1256 reputabat
1178 1169 1278 1235 illud:
1303 1171 1430 1235 τέτλαίι
1455 1170 1490 1248 tr,
1514 1169 1631 1250 νραδίν,

435 1279 566 1344 fortiter
594 1278 701 1342 animo
732 1297 790 1341 suo
820 1278 995 1362 imperavit
1025 1297 1213 1363 semperque
1244 1283 1353 1362 postea
1383 1278 1445 1342 sibi
1473 1279 1562 1343 visus
1585 1284 1634 1343 est

437 1383 633 1463 εὐψύχως
666 1381 906 1460 βεβουλεῦσθαι.
939 1382 1066 1447 Bonum
1097 1403 1134 1447 ac
1164 1381 1326 1448 laudabile
1357 1382 1528 1449 consilium
1551 1383 1634 1461 fuit,

436 1490 496 1557 sed
528 1493 662 1556 minime
692 1489 911 1566 indonatum,
943 1510 981 1554 ex
1006 1510 1068 1575 quo
1090 1511 1148 1576 per
1171 1510 1272 1554 unum
1298 1497 1331 1555 et
1353 1489 1491 1555 alterum
1514 1510 1634 1554 annum

436 1600 571 1662 tautum
594 1593 816 1660 molestiarum
839 1597 990 1681 percepit.
1016 1594 1068 1660 Sic
1091 1615 1185 1680 saepe
1208 1596 1356 1661 confusae
1379 1595 1491 1662 literae
1516 1605 1546 1660 Ψ
1559 1605 1632 1662 etT

439 1709 473 1769 et
499 1699 639 1769 (lobetue
662 1701 797 1766 conferri
820 1703 956 1788 poterit,
981 1703 1037 1786 qui
1063 1702 1172 1766 Marem.
1199 1700 1286 1766 1853
1311 1723 1341 1786 p.
1363 1700 1428 1766 395
1452 1703 1538 1788 apud
1562 1700 1636 1768 Dio-

438 1811 574 1896 nysium
605 1810 759 1874 correxit:
793 1808 985 1886 εὐψύχως
1018 1805 1253 1885 ἀγωνιζόμενοι,
1285 1829 1358 1872 cum
1389 1811 1424 1873 in
1453 1807 1545 1873 libris
1569 1829 1634 1874 ma·

440 1916 615 2002 nuscriptis
638 1914 761 1979 milites
785 1916 841 2000 qui
862 1916 896 1978 in
920 1912 1042 1999 proelio
1067 1914 1300 1993 occubuerant,
1325 1920 1430 1981 essent
1453 1916 1635 1995 εὐτυχῶς

439 2020 669 2102 ἀγωνιζόμενοι.
693 2019 803 2085 Unum
827 2025 991 2105 praeterea
1014 2020 1192 2085 adscribam
1218 2018 1404 2106 exemplum
1429 2042 1468 2087 ex
1493 2020 1631 2087 Diodoro

438 2126 551 2194 Siculo
574 2125 648 2192 XIV
672 2124 734 2191 88:
767 2127 920 2198 Δισνύσιος
952 2126 1022 2198 τούς
1053 2127 1199 2196 Σικελούς
1231 2124 1281 2191 διύ
1305 2129 1359 2202 τὴν
1381 2127 1554 2208 ὐχυρύτιρτα
1579 2126 1631 2191 καί

437 2236 496 2309 τῖον
529 2232 699 2311 ὐτερβολύιν
734 2236 788 2296 τοῦ
823 2233 993 2311 τείχους
1028 2232 1239 2314 petverensi
1274 2232 1341 2311 περί
1373 2233 1428 2307 τύρν
1458 2233 1544 2298 ιιοιτύ
1570 2233 1630 2304 τίον

440 2339 607 2416 ιῖιιρίιισλιν
638 2339 784 2417 Φυλανῖιν
807 2338 906 2417 εὐρύν,
931 2338 1008 2415 ari,
1032 2337 1088 2403 sed
1111 2337 1300 2423 Madvigius
1323 2339 1447 2403 Adam.
1471 2337 1487 2403 1
1508 2361 1539 2424 p.
1565 2335 1630 2405 497

440 2445 607 2533 eleganter
630 2446 783 2510 correxit:
809 2446 863 2520 τίον
889 2444 1060 2521 ὑπερβολὴν
1083 2447 1136 2507 τοῦ
1160 2444 1328 2523 ψύχους.
1352 2443 1424 2509 Alia
1444 2465 1502 2509 nec
1521 2446 1631 2509 minus

440 2550 607 2619 luculenta
637 2550 711 2616 vide
741 2549 825 2636 apud
850 2547 1008 2616 (lebetum
1032 2550 1144 2614 Maera.
1172 2548 1258 2615 1855
1282 2573 1313 2636 p.
1338 2549 1404 2615 258
1428 2556 1461 2616 et
1487 2549 1573 2615 1862
1599 2571 1631 2635 p.

443 2657 522 2736 334,
545 2659 594 2722 uti
618 2662 651 2722 et
675 2657 704 2720 ἐν
729 2659 771 2737 τῷ
795 2661 893 2736 Ἑρμῇ
917 2656 1022 2736 Λογίῳ
1045 2676 1077 2741 p.
1103 2653 1181 2720 227.

487 2869 568 2956 875
600 2894 632 2957 p.
658 2868 741 2934 539:
772 2870 870 2946 ίῶμεν
892 2871 989 2934 τοίνυν
1013 2868 1140 2946 οὐσωσί,
1164 2869 1234 2941 τούς
1259 2869 1315 2946 aiv
1339 2869 1556 2948 καταγνόντας
1580 2872 1634 2935 αὐ·

439 2985 495 3043 τοῦ
520 2978 565 3052 uir
589 2971 634 3041 ὐτι
659 2978 814 3053 ὐμύνατο,
840 2975 890 3039 διύ
915 2981 1003 3040 τοῦτο
1027 2976 1333 3055 καταψηφίσασθαι,
1357 2979 1432 3040 ὐλλ’
1455 2972 1501 3041 ὐτι
1525 2980 1631 3041 τοῦτον

439 3086 493 3150 τὸν
516 3084 624 3163 τρίτον
649 3079 735 3166 [rice
759 3085 1034 3165 decurrisse}
1061 3081 1155 3148 Vides
1178 3083 1255 3169 quid
1277 3083 1439 3149 suadeam.

486 3301 565 3387 881
599 3323 630 3386 p.
655 3299 738 3364 540:
771 3301 786 3364 ὐ
817 3300 843 3363 δ’
868 3299 1012 3375 ἀσελγῶς
1043 3301 1075 3364 οὐ
1107 3300 1196 3378 μόνον
1221 3300 1263 3372 είς
1288 3300 1342 3376 ἐμὲ
1368 3298 1512 3371 καὶτοὺς
1539 3301 1632 3376 ίμούς

439 3407 536 3490 ᾤετο
568 3408 652 3471 δεῖν
683 3404 825 3484 ὐβρίζειν,
858 3405 946 3469 σίλλύ
979 3404 1030 3468 nal
1062 3406 1105 3477 είς
1139 3405 1208 3478 τούς
1232 3406 1375 3485 Φυλύτας
1400 3406 1437 3469 δι’
1461 3405 1528 3481 rat.
1553 3406 1633 3487 Quis

439 3519 487 3581 ite
510 3510 676 3599 loquitur?
699 3513 802 3577 Nemo
825 3531 909 3577 saue.
934 3511 1109 3577 Excusabis
1134 3509 1288 3578 fortasse?
1312 3512 1395 3593 Quid
1418 3513 1514 3579 facies
1535 3512 1633 3598 8143

441 3646 473 3709 p.
500 3621 565 3687 561
598 3620 637 3685 de
668 3617 849 3684 Alcibiade:
880 3616 1027 3697 βδελυρὸς
1060 3618 1113 3682 acl
1145 3618 1268 3699 ὐβριῑύιι
1301 3618 1397 3701 ᾤετο
1429 3618 1513 3684 δεῖν
1543 3614 1633 3685 εἶναι.

441 3726 633 3815 Significant
652 3724 730 3790 haec
750 3722 926 3789 secundum
942 3726 1150 3809 interpretem
1163 3723 1334 3790 Latinum:
1354 3747 1462 3789 οοιοειοι
1470 3726 1634 3806 praeeundi
1703 3728 1705 3731 ’

440 3832 594 3898 licentium
613 3831 672 3895 cidi
689 3832 859 3895 sumendam
878 3830 1002 3894 cenauit.
1023 3828 1173 3895 Suaviter
1192 3832 1350 3907 risissent,
1372 3829 1478 3913 credo,
1497 3830 1634 3896 Romani

440 3943 468 4004 si
499 3937 709 4003 balbutientis
739 3937 917 4001 orationem
948 3938 1129 4021 potuissent
1159 3957 1357 4023 cognoscere.
1382 3935 1523 4015 Blaesio,
1549 3936 1632 4022 quod

439 4048 519 4111 eatis
550 4046 662 4110 mirari
694 4065 757 4109 non
787 4064 937 4129 possum,
970 4042 1048 4108 haec
1068 4047 1176 4108 tamen
1199 4042 1388 4130 placuerunt
1396 4064 1404 4121 ;
1429 4050 1478 4109 est
1501 4041 1572 4129 871
1599 4065 1630 4130 p.

440 4151 518 4229 537,
549 4152 605 4216 ubi
637 4150 811 4237 Enthynus
835 4147 1006 4235 Sophilum
1029 4149 1192 4215 interfecit
1216 4145 1260 4213 ὐτι
1286 4150 1410 4216 τύττων
1434 4151 1526 4215 αὐτδν
1551 4150 1632 4226 ὑβρί-

440 4258 502 4340 ζειν
532 4256 624 4338 ᾦετο,
661 4257 747 4341 quod
781 4277 882 4341 quum
912 4253 1007 4341 plane
1039 4256 1214 4321 absurdum
1244 4262 1326 4323 esset
1357 4263 1388 4323 et
1421 4259 1509 4322 omni
1539 4277 1633 4322 sensu

440 4366 654 4440 destitutum,
690 4361 833 4428 Blassius
868 4364 924 4448 qui
960 4366 1027 4426 tam
1064 4362 1173 4427 sedulo
1208 4363 1270 4427 sibi
1304 4368 1396 4429 cavet
1431 4364 1470 4428 ab
1503 4364 1633 4428 incertis

440 4468 709 4558 suspiciunculis,
741 4468 781 4535 ad
813 4489 958 4533 normam
982 4469 1121 4533 duorum
1145 4468 1310 4548 locorum,
1333 4492 1411 4556 quos
1435 4490 1531 4557 supra
1553 4469 1634 4535 indi·

438 4579 529 4655 cavi,
552 4579 587 4642 in
610 4580 737 4644 terium
760 4573 891 4640 intulit:
922 4570 968 4639 ὐτι
993 4575 1118 4639 τύττων
1142 4575 1235 4640 αὐτὸν
1261 4577 1391 4659 ὑβρίζειν
1416 4578 1524 4659 (δεῖν)
1547 4576 1632 4660 ᾤετο.

441 4682 561 4752 Contra
592 4683 714 4748 factum
744 4683 904 4768 oportuit:
928 4680 994 4746 illis
1017 4680 1096 4746 locis
1119 4681 1202 4747 male
1228 4682 1337 4749 sedula
1360 4705 1474 4750 manus
1498 4685 1558 4750 δεῖν
1582 4683 1635 4749 ad·

441 4793 587 4884 scripsit,
619 4794 790 4882 postquam
821 4789 956 4856 verbum
979 4791 1123 4878 graviter
1146 4798 1334 4879 corruptum
1357 4799 1444 4868 erat,
1468 4812 1525 4858 nec
1548 4790 1634 4861 suffi-
