4525 5950
953 705 1107 752 nonanus.
1563 685 1630 750 293

487 870 549 934 125
587 871 689 956 Prope
713 870 801 936 adest
823 892 898 935 oum
922 869 1024 935 alieno
1047 891 1137 935 more
1160 869 1367 935 vivendumst
1392 870 1474 933 mihi

485 976 584 1040 Don.:
619 978 736 1053 „eum”
760 998 818 1061 pro
843 976 978 1062 quande.
1048 977 1094 1040 A:
1119 976 1178 1040 hee
1203 978 1289 1039 enim
1312 974 1473 1060 signifieat
1497 974 1629 1052 „eum”.

434 1080 670 1166 Suppiementa
701 1085 867 1168 magistri,
898 1083 1082 1166 ceteroquin
1114 1103 1176 1146 nen
1207 1079 1329 1165 stupidi
1361 1101 1463 1164 neque
1491 1080 1629 1156 indocti,

434 1208 679 1273 nonnumquam
710 1195 777 1253 tam
809 1186 945 1273 puerilia
969 1194 1061 1265 eunt,
1086 1190 1181 1252 utin
1205 1190 1349 1251 tirenum
1373 1208 1487 1264 usum,
1512 1188 1629 1271 quibus

434 1292 624 1358 Terentium
644 1302 676 1359 et
694 1294 812 1359 Donati
831 1293 951 1359 soholia
969 1297 1244 1378 interpretaretur,
1265 1293 1383 1358 dietata
1402 1313 1469 1357 esse
1482 1290 1628 1370 credas¹).

484 1461 499 1525 1
525 1459 591 1524 aa
613 1460 662 1541 (4)
688 1461 858 1538 „Primum
880 1461 986 1525 iam'’:
1012 1459 1098 1537 ὐφέν.
1123 1459 1176 1524 Sio
1200 1459 1389 1544 simplieiter
1413 1458 1567 1534 Donatus,
1593 1465 1630 1521 ut

435 1567 452 1631 Ι
485 1566 568 1631 2.9;
602 1567 880 1652 „neeopinantis'':
913 1567 999 1646 ὑφέν.
1057 1568 1087 1631 A
1115 1587 1282 1651 perperam
1306 1564 1445 1629 addidit:
1471 1572 1519 1628 est
1543 1566 1628 1628 enim

435 1675 620 1750 ἀναστροφή
651 1694 708 1758 pro
737 1675 803 1737 iam
833 1675 985 1758 primum.
1018 1672 1065 1737 De
1091 1673 1148 1737 hae
1171 1672 1276 1757 figura
1302 1671 1372 1736 vide
1397 1670 1561 1735 Donatum
1589 1669 1628 1733 ad

433 1779 450 1843 Ι
481 1781 508 1842 l.
525 1777 600 1842 144.

483 1929 497 1993 Ι
521 1928 586 1995 5.7
622 1928 658 1992 Id
682 1931 842 2007 mutavit,
867 1931 942 2014 quia
964 1925 1016 1994 me
1039 1931 1252 1994 immutatum
1278 1927 1388 1994 videti

483 2034 581 2100 Dou.:
615 2035 789 2109 παρόμοιον.
866 2036 912 2099 A:
944 2056 1019 2099 uam
1050 2038 1200 2120 quotiens
1233 2036 1330 2100 verba
1362 2042 1436 2100 suut
1467 2037 1630 2113 παρόμοιον

433 2144 565 2220 dieitur,
590 2144 738 2228 quotiens
762 2145 910 2220 nomina,
936 2142 1168 2220 παρονομασία,
1194 2179 1236 2190 -
1261 2164 1341 2227 quae
1365 2147 1504 2227 sumpsit
1528 2164 1546 2207 a
1570 2143 1630 2209 Do-

434 2255 511 2313 nato
534 2249 574 2313 ad
597 2248 612 2312 l
637 2246 743 2313 3.13:
768 2248 919 2312 amabant
942 2254 1065 2314 veteres
1086 2247 1123 2313 de
1144 2251 1289 2333 proximo
1310 2248 1430 2314 similia
1451 2249 1573 2326 dicere,
1593 2255 1630 2314 ut

436 2353 549 2421 Cicero
573 2352 725 2439 (exempl.
749 2352 835 2418 Verr.
861 2352 904 2417 IV
928 2352 995 2433 27),
1020 2375 1036 2418 e
1076 2354 1206 2438 quidem
1231 2357 1314 2419 siin
1341 2355 1445 2418 vorbis
1471 2365 1547 2419 eunt
1571 2381 1630 2418 πα-

435 2460 546 2536 ρόμοια
577 2460 736 2535 dicuntur,
768 2462 795 2522 si
824 2462 859 2522 in
888 2460 1072 2523 nominibus
1095 2464 1333 2536 παρονομασίαι.
1404 2459 1515 2524 Denuo
1538 2461 1565 2524 A
1590 2460 1629 2525 ad

434 2565 479 2630 IV
504 2566 535 2629 4,
551 2563 593 2629 37
624 2573 696 2651 poet
724 2564 842 2629 Donati
874 2584 946 2630 vn:
981 2564 1040 2641 „de
1071 2567 1217 2649 proximo
1252 2565 1416 2644 παρόμοιον
1441 2566 1627 2650 repetivit'',

434 2673 622 2736 subiunxit:
649 2672 787 2755 „quaudo
810 2670 930 2733 nomino
953 2677 1023 2733 eunt
1047 2672 1356 2748 παρονομασία,
1385 2673 1505 2755 quondo
1528 2673 1625 2748 verda,

434 2779 659 2854 παρόμοιον
683 2776 830 2852 dieitur'',
854 2797 952 2860 quam
975 2775 1256 2861 interpolationem
1279 2778 1345 2840 iam
1368 2780 1493 2841 notavit
1518 2777 1566 2841 W.

484 2943 527 3008 56
551 2942 600 3023 (7)
626 2942 691 3020 „Te
715 2943 875 3008 obtestor''
900 2949 1027 3009 sextum
1048 2942 1210 3022 παρέλκαν.
1257 2943 1356 3008 Addit
1376 2945 1420 3009 A:
1442 2944 1523 3010 dixit
1542 2947 1629 3011 enim

433 3055 501 3116 iam
528 3050 631 3135 „qued
656 3070 717 3133 ego
741 3054 771 3113 te
795 3070 851 3133 per
873 3050 953 3113 hano
976 3050 1140 3115 dexteram
1166 3050 1242 3115 oro''
1267 3055 1328 3129 (vs.
1355 3050 1411 3129 54)
1440 3059 1461 3131 ).

481 3201 523 3265 ΙΙ.
550 3200 636 3265 1.28
668 3199 771 3267 Ouan.
804 3199 867 3264 Sed
897 3203 923 3264 ai
955 3200 989 3264 id
1018 3222 1079 3265 nou
1102 3208 1206 3286 potest
1229 3209 1284 3266 aut
1309 3202 1368 3266 tibi
1392 3206 1524 3289 nuptiae
1548 3204 1625 3270 haee

432 3314 511 3374 sunt
536 3307 622 3371 cordi

483 3413 577 3478 Dent
603 3413 662 3477 heo
685 3412 767 3491 (seii.
791 3418 951 3497 postrema
976 3434 1028 3477 vv.
1055 3419 1132 3489 „aut
1154 3413 1235 3477 tibi''
1256 3421 1338 3497 sqq.)
1358 3413 1396 3477 ad
1418 3415 1626 3499 Pamphilum

431 3522 589 3605 pertinet,
622 3540 684 3583 nen
715 3521 803 3584 enim
835 3540 937 3582 unum
968 3525 999 3583 et
1032 3519 1118 3582 idem
1151 3526 1200 3583 est
1231 3525 1359 3603 (nempe
1383 3540 1458 3583 eum
1482 3541 1518 3584 eo
1542 3521 1628 3604 quod

431 3624 595 3711 praeeedit
628 3626 677 3701 „si
705 3624 747 3688 id
771 3647 801 3688 n.
825 3623 907 3708 p.’').
975 3623 1075 3688 Addit
1098 3627 1144 3688 A:
1168 3644 1243 3688 nam
1266 3627 1294 3688 si
1317 3623 1403 3688 idem
1428 3632 1520 3701 esset,
1546 3627 1627 3702 „tibi

430 3732 565 3815 nuptiae
589 3730 647 3794 hae
671 3735 747 3794 aunt
770 3728 877 3793 eordi'’
902 3749 1136 3813 supervacuum
1163 3734 1246 3794 esset
1269 3728 1425 3794 additum.

482 3880 512 3944 II
537 3879 624 3945 3.13
647 3879 771 3964 Nempe
794 3879 854 3944 hoe
878 3882 924 3943 sie
947 3899 1014 3944 esse
1038 3882 1168 3963 opinor:
1194 3879 1354 3944 dicturum
1381 3886 1504 3964 patrem

650 3985 776 4061 „Dueas
800 3984 873 4050 volo
896 3985 989 4049 hodie
1015 3984 1186 4064 uxorem'';
1213 3990 1248 4048 tu
1274 3986 1432 4061 „ducam”
1457 3989 1582 4071 inquies

481 4088 610 4171 Don.(?)
634 4092 807 4157 rhetorice:
833 4092 871 4156 ab
895 4094 1084 4157 imitatione.
1109 4093 1154 4156 A:
1179 4092 1307 4155 mirerere
1330 4093 1406 4155 euim
1430 4093 1551 4156 dieitur.

480 4197 583 4262 Verba
606 4199 730 4261 notavit
754 4196 803 4261 W.

479 4348 510 4413 ΙΙ
535 4347 601 4412 6.4
637 4348 750 4425 „Nihil
773 4348 922 4433 prorsus''
949 4350 1067 4414 dieitur
1090 4352 1124 4413 in
1148 4371 1211 4433 que
1234 4348 1324 4414 nulla
1347 4359 1396 4414 est
1419 4351 1626 4436 ambiguitas.

433 4456 479 4519 A:
504 4463 552 4519 est
576 4457 662 4519 enim
686 4454 884 4520 confirmatio
909 4458 1065 4540 negantis.

468 4653 494 4712 l)
514 4651 578 4698 Hinc
595 4650 672 4698 eidem
690 4649 805 4712 magistro
823 4649 870 4698 aliu
889 4650 987 4698 iuriam
1005 4650 1094 4698 leviora
1111 4651 1202 4700 scholia
1219 4652 1295 4699 addici
1311 4656 1423 4716 possunt,
1438 4652 1508 4715 quale
1523 4656 1586 4699 este
1603 4668 1625 4715 g.

432 4731 444 4779 1
463 4734 512 4780 :to
530 4733 585 4794 (ωε
603 4731 745 4780 subauditur
763 4731 843 4780 timeo.

467 4816 495 4876 2)
514 4813 670 4880 (1f.en11rnl
691 4815 700 4861 l
721 4813 745 4861 2.

1448 4913 1480 4962 1⁹
