4525 5950
1069 688 1211 737 11111111.
1688 672 1731 736 83

534 851 679 917 traderet
699 853 973 936 procuratoribus,
995 853 1093 917 etiam
1111 853 1305 936 permissum
1317 853 1358 915 iis
1370 871 1438 916 esse
1451 856 1488 916 ut
1499 850 1537 916 de
1548 853 1732 931 maiestate,

536 955 577 1021 ds
600 957 787 1042 repetundis
810 960 919 1022 simm.
943 954 1191 1042 cognoscerent?

586 1064 669 1126 Ann.
702 1061 772 1136 XV,
797 1061 851 1127 48.
890 1061 1026 1140 „Ineunt
1056 1062 1169 1126 deinde
1200 1061 1402 1127 consulatum
1433 1061 1532 1126 Silius
1563 1063 1669 1128 Nerva
1701 1068 1734 1128 st

537 1169 668 1231 Atticus
692 1166 860 1241 Vestinus,
893 1174 1005 1253 coepta
1028 1166 1127 1231 simul
1151 1175 1183 1232 st
1205 1174 1298 1232 aucta
1321 1170 1556 1245 coniuratione,
1579 1171 1612 1233 in
1637 1189 1733 1254 quam

536 1275 689 1337 certatim
712 1275 842 1338 nomina
865 1273 1015 1338 dederant
1034 1282 1193 1338 senatores
1212 1294 1309 1358 eques
1327 1272 1437 1351 miles,
1458 1273 1596 1340 feminas
1616 1278 1732 1347 etiam,

538 1400 614 1443 cum
645 1378 717 1443 odio
747 1379 897 1456 Neronis,
930 1388 1002 1444 tum
1034 1379 1144 1444 favore
1173 1381 1207 1442 in
1240 1378 1275 1446 (l.
1307 1378 1467 1444 Pisonem.
1499 1378 1530 1443 Is
1558 1377 1732 1465 Calpurnio

538 1505 658 1569 genere
681 1493 771 1548 ortus
793 1505 821 1548 e.
834 1505 863 1569 q.
877 1485 936 1549 1.”.

586 1589 724 1655 Ν111111
747 1590 796 1654 bic
816 1589 854 1655 de
872 1590 987 1654 Pisone
1006 1591 1054 1654 ita
1065 1588 1196 1654 Tacitus
1207 1592 1336 1673 incipit,
1350 1595 1516 1674 tamquam
1529 1592 1555 1653 11
1568 1611 1732 1675 nunquam

539 1702 634 1760 antea
656 1717 733 1760 eum
757 1697 962 1760 nominasset.
987 1695 1031 1759 At
1049 1697 1247 1771 nominavit,
1266 1695 1362 1780 idque
1382 1693 1453 1759 loco
1473 1697 1528 1780 qui
1541 1696 1734 1761 confusionis

539 1807 571 1864 et
596 1802 739 1865 incuriae
759 1799 872 1885 plenus
892 1806 940 1864 111
959 1799 1044 1876 XIV,
1067 1800 1109 1863 65
1129 1807 1220 1886 (ergo
1240 1802 1274 1863 in
1293 1803 1365 1887 ipsa
1384 1803 1484 1864 nostri
1509 1800 1570 1865 loci
1590 1804 1733 1877 vicinia).

584 1908 720 1991 (Agitur
750 1905 789 1971 ds
820 1906 953 1971 Neronis
983 1905 1125 1983 libertis,
1159 1927 1237 1991 quos
1267 1905 1323 1971 ille
1348 1906 1458 1972 eodem
1483 1928 1565 1972 auno
1590 1928 1733 1984 „veneno

535 2012 733 2076 interfecisse
755 2010 930 2087 creditus”,
953 2032 971 2075 e
994 2012 1122 2095 quibus)
1148 2011 1331 2088 ,Romanus
1354 2016 1483 2077 secretis
1506 2017 1735 2079 criminationi·

540 2118 599 2180 bus
630 2118 832 2180 incusaverat
863 2114 1015 2180 Senecam
1041 2125 1078 2179 ut
1102 2113 1137 2179 0.
1162 2115 1287 2180 Pisonis
1311 2120 1450 2194 socium;
1476 2118 1529 2182 sed
1554 2119 1733 2184 validiusa
1767 2118 1769 2122 ’

536 2220 658 2285 Seneca
681 2221 790 2285 codem
814 2222 948 2285 crimine
971 2220 1137 2305 perculsus
1160 2228 1218 2285 est.
1246 2220 1334 2286 Unde
1358 2223 1468 2287 Pisoni
1492 2227 1591 2289 timor
1613 2230 1646 2289 et
1665 2232 1734 2290 orta

535 2326 729 2390 insidiarum
753 2328 786 2389 in
810 2325 971 2391 Neronem
994 2347 1113 2412 magna
1136 2326 1237 2392 moles
1260 2335 1293 2391 et
1314 2328 1545 2414 improspera'’.

587 2431 675 2517 Ergo
705 2434 771 2495 iam
802 2451 830 2496 a.
856 2430 899 2497 62
931 2431 1055 2496 Pisonis
1085 2434 1209 2496 socium
1241 2432 1303 2497 dici
1336 2433 1472 2519 capitale
1503 2436 1622 2499 crimen
1654 2444 1731 2501 erat.

538 2537 624 2616 Quid
649 2537 766 2601 fecerat
789 2534 888 2602 Pisol
913 2537 1002 2614 „lam
1027 2538 1120 2601 tum’'
1146 2540 1209 2603 viri
1229 2539 1313 2603 docti
1332 2543 1423 2604 aiunt
1444 2547 1584 2616 „secreta
1604 2542 1733 2607 fovebat

537 2643 685 2721 consilia,
704 2642 834 2708 illorum
854 2644 991 2709 habebat
1005 2647 1123 2720 socios,
1141 2653 1308 2728 suspectus
1320 2646 1550 2710 erathroni'’.
1572 2643 1732 2712 Temenus

537 2770 594 2834 per
618 2756 683 2813 tres
707 2748 771 2813 sere
795 2769 892 2814 annos
916 2770 978 2814 non
1002 2748 1108 2814 solum
1132 2748 1304 2814 incolumis
1327 2751 1407 2827 luit,
1433 2751 1487 2814 sed
1511 2753 1609 2815 stiam
1632 2751 1731 2816 libere

537 2854 674 2940 quodvis
705 2857 786 2919 inire
817 2853 987 2954 consilinm
1018 2863 1144 2940 poterat
1167 2855 1297 2920 anullo
1322 2859 1533 2941 magistratu,
1558 2878 1576 2920 a
1599 2856 1731 2922 nullos

538 2960 675 3026 Neronis
697 2961 827 3025 canibus
849 2958 1050 3026 custoditus?
1074 2961 1156 3026 Nam
1181 2983 1300 3047 magna
1322 2960 1381 3026 illa
1400 2964 1474 3026 anni
1494 2960 1535 3025 65
1555 2964 1731 3030 coniuratio

537 3066 684 3131 Scaevini
712 3066 845 3131 demum
876 3070 1018 3132 vanitate
1049 3068 1174 3152 prodita
1205 3076 1269 3145 sst;
1302 3074 1394 3132 antea
1426 3068 1590 3144 „mirum”
1614 3072 1730 3153 (ipsius

537 3172 615 3236 baec
647 3171 750 3236 'Pasiti
780 3172 876 3237 verba
907 3179 996 3242 sunt)
1030 3194 1149 3257 „quam
1179 3176 1263 3236 inter
1284 3173 1402 3236 diversi
1424 3176 1568 3257 generis,
1593 3173 1730 3249 ordinis,

535 3279 669 3352 aetatis,
689 3297 800 3352 serus,
822 3277 921 3352 dites,
941 3298 1095 3361 pauperes
1116 3280 1334 3342 taciturnitate
1355 3281 1462 3342 omnia
1481 3280 1620 3343 cohibita
1632 3279 1729 3343 sint'’.

536 3380 583 3445 De
614 3382 730 3445 Pisone
760 3401 854 3446 nemo
885 3382 1062 3467 quidquam
1084 3390 1133 3446 est
1156 3385 1336 3466 suspicatus
1360 3392 1530 3467 antequam
1556 3381 1729 3459 Milichus,

535 3485 684 3550 Scaevini
713 3485 863 3579 libertus,
897 3508 977 3572 quae
1008 3487 1096 3550 domi
1127 3490 1252 3571 patroni
1282 3487 1414 3552 vidisset
1448 3491 1559 3573 magni
1594 3487 1730 3553 alicuius

535 3592 701 3667 facinoris,
741 3592 824 3675 quod
866 3593 1048 3677 parabatur,
1091 3599 1176 3657 certa
1215 3592 1332 3657 indicia
1366 3594 1558 3677 prodidisset
1592 3594 1729 3677 Neroui;

534 3699 637 3761 immo
657 3717 732 3760 vero
755 3718 793 3761 ne
817 3700 885 3781 ipse
910 3698 1038 3782 quidem
1063 3697 1218 3762 Milichus
1242 3699 1417 3783 quidquam
1438 3700 1475 3763 de
1497 3699 1610 3764 Pisone
1630 3703 1730 3784 suspi-

534 3803 679 3876 cabatur,
712 3822 750 3865 ne
780 3823 897 3866 nomen
920 3803 1048 3887 quidem
1073 3806 1144 3867 eius
1167 3806 1195 3867 ei
1219 3806 1251 3866 in
1276 3812 1417 3868 mentem
1442 3809 1547 3881 venit,
1573 3827 1647 3868 cum
1672 3805 1731 3868 sol-

533 3906 670 3971 lertibus
702 3904 848 3971 Scaevini
881 3911 1040 3992 responsis
1072 3928 1170 3991 paene
1195 3909 1352 3973 mendacii
1375 3913 1632 3987 convinceretur3
1659 3918 1729 3973 tum

533 4010 665 4075 Milichi
695 4032 794 4076 uxore
816 4032 897 4098 opus
920 4021 1003 4088 erat,
1033 4034 1113 4097 quas
1137 4016 1291 4077 maritum
1316 4014 1504 4079 admoneret
1529 4018 1728 4091 „Antonium

534 4115 686 4180 Natalem
721 4119 828 4181 multa
861 4139 936 4181 cum
970 4116 1124 4183 Scaevino
1157 4139 1192 4182 ec
1223 4126 1344 4183 secreta
1375 4120 1573 4184 collucutum
1606 4129 1638 4185 et
1669 4144 1730 4184 esse

531 4229 674 4305 atrosque
697 4223 726 4285 0.
748 4221 868 4285 Pisonis
885 4223 1038 4287 intimoe''.
1064 4222 1099 4288 Si
1119 4245 1176 4307 per
1193 4231 1258 4288 tres
1277 4223 1352 4288 illos
1364 4246 1461 4290 annos
1474 4225 1551 4290 adeo
1563 4235 1728 4310 suspectus

533 4325 654 4390 Neroni
683 4328 798 4391 fuisset
829 4328 921 4403 Piso,
950 4330 1019 4412 ipse
1044 4327 1213 4406 Milichus,
1238 4329 1276 4392 ad
1301 4332 1415 4393 incitas
1439 4331 1602 4406 redactus,
1627 4330 1728 4406 nihil,

532 4439 572 4494 ut
596 4433 717 4514 opinor,
737 4435 826 4515 prius
850 4440 1132 4497 commemorasset
1156 4454 1252 4518 quam
1277 4438 1452 4498 amicitiam
1478 4435 1602 4499 Pisonis
1626 4444 1729 4520 patro-

529 4539 645 4620 nique;
676 4539 778 4601 immo
810 4558 884 4603 vero
914 4541 979 4603 iam
1011 4544 1081 4601 tum
1115 4539 1274 4603 Neronem
1305 4542 1436 4624 eiusque
1468 4540 1587 4604 aulicos
1611 4540 1649 4604 de
1672 4539 1729 4604 ills

528 4641 658 4704 fecisset
702 4644 869 4718 certiores,
909 4664 983 4708 cum
1026 4643 1166 4708 nondum
1208 4643 1298 4708 illam
1341 4648 1491 4731 pugionis
1531 4645 1727 4731 tragoediam

530 4753 718 4830 spectasset.
740 4746 917 4832 Fingamus
934 4756 1043 4813 tamen
1061 4750 1180 4813 factum
1194 4771 1261 4814 esse
1274 4751 1357 4835 quod
1370 4750 1462 4836 plane
1474 4755 1518 4815 sit
1529 4751 1728 4829 incredibile,
