4525 5950
910 685 1151 736 osnosmrnrre.
1558 665 1624 734 447

483 851 565 940 §36
588 875 619 940 p.
643 849 728 918 825:
760 853 911 917 τούτοιν
935 851 1030 916 τλιθοι
1055 853 1118 927 siai
1144 850 1292 924 τεθεικώς.
1317 850 1422 917 Malo:
1445 852 1621 931 τοσούτῳ

431 968 469 1026 et
494 960 664 1026 Reiskium
688 959 804 1025 confer.

484 1185 566 1272 §38
597 1209 628 1272 p.
654 1185 737 1251 825:
770 1186 802 1250 τθ
830 1182 880 1252 οὖν
910 1188 979 1249 τοτ’
1013 1186 1072 1253 dei
1102 1185 1137 1249 τὸ
1160 1185 1263 1265 δεινόν,
1287 1187 1313 1252 ei
1338 1189 1381 1263 μή
1405 1190 1511 1251 ταῦτα
1535 1185 1624 1264 δόξει.
1728 1230 1730 1234 -

431 1293 564 1360 Sariba:
591 1291 692 1361 ἔςαι.

484 1510 503 1593 §
524 1507 567 1573 42
594 1529 626 1594 p.
651 1505 728 1573 826.
753 1512 805 1572 Ἐν
828 1515 893 1579 τοῖς
916 1505 1020 1583 λήγοις
1046 1515 1108 1577 τοῖς
1133 1513 1191 1579 τής
1216 1507 1377 1588 ἐπιτροπῆς
1403 1513 1525 1573 tutores
1547 1511 1632 1575 inter

433 1637 471 1682 se
502 1613 715 1680 dissenserant
722 1634 730 1692 ;
763 1615 897 1699 quisque
927 1633 984 1698 pro
1016 1633 1049 1678 se
1080 1610 1247 1698 splendide
1278 1617 1434 1679 mentitus
1465 1620 1550 1692 erat,
1576 1615 1631 1681 sed

436 1722 566 1786 duobus
598 1719 729 1806 collegis
761 1722 827 1784 suis
858 1721 992 1784 minime
1022 1726 1206 1805 pepercerat
1236 1725 1268 1784 et
1299 1725 1435 1785 testatus
1463 1720 1567 1786 fuerat
1596 1720 1631 1786 id

436 1826 524 1912 quod
555 1847 604 1892 res
636 1833 715 1891 erat.
748 1824 958 1891 Demostheni
990 1827 1234 1910 exoptatissima
1256 1826 1387 1891 fuerunt
1409 1825 1467 1891 illa
1488 1829 1573 1892 inter
1597 1848 1630 1893 se

436 1934 652 2018 repugnantia
675 1933 859 1996 testimonia
881 1951 1036 2016 saepeque
1055 1933 1096 1996 iis
1116 1933 1222 1996 utitur
1241 1943 1280 1996 ut
1296 1932 1465 1998 hominum
1484 1932 1629 1999 eoeleste·

434 2059 511 2103 rum
539 2036 705 2123 perfidiam
735 2044 904 2125 coarguat,
937 2036 1040 2102 veluti
1070 2037 1196 2122 Aphob.
1229 2037 1259 2101 ΙΙ
1290 2037 1340 2123 §3
1364 2061 1394 2124 p.
1420 2037 1504 2105 836:
1530 2039 1624 2110 αὐτὸς

433 2145 449 2209 d
476 2147 578 2222 τατήρ
602 2145 657 2217 τήν
680 2146 709 2208 τ’
730 2141 828 2215 ἄλλην
853 2143 958 2208 οὐαθιιν
979 2145 1031 2207 καὶ
1052 2142 1188 2223 τέτταρα
1209 2145 1354 2209 τάλαντα
1376 2147 1427 2209 aad
1448 2146 1626 2225 τρισχιλίας

433 2252 575 2330 Φανεροὶς
609 2252 758 2327 ἐποίησιν,
788 2246 827 2318 ἃς
860 2247 939 2314 οὗτοι
970 2250 1134 2330 γραφῆναί
1166 2252 1194 2313 τ’
1219 2251 1249 2314 ἓν
1280 2258 1352 2322 ταῖς
1383 2252 1539 2325 διαθήκαις
1573 2252 1625 2317 καθ

435 2357 593 2432 λαβεῖν
625 2361 734 2434 οφῖις
766 2356 918 2426 αὐτοὺς
951 2358 1036 2419 κατ’
1068 2358 1259 2430 οὶλλήλιον
1292 2362 1628 2438 ιιαταμαρτυροῦ·

435 2483 518 2526 σιν·
550 2461 610 2547 §2
643 2485 674 2548 p.
699 2459 783 2527 838:
817 2462 886 2526 τότε
917 2462 975 2537 μὲν
1006 2462 1048 2530 οἷς
1080 2463 1236 2534 ἀλλήλους
1265 2463 1456 2545 ἀναφέρετε,
1481 2464 1578 2529 τοθλιν
1601 2464 1627 2529 δ’
1696 2525 1698 2531 .

436 2573 600 2644 εἰληφέναι
634 2569 721 2632 κατ’
746 2570 939 2641 αλλήλων
971 2576 1235 2646 μαρτυρεῖτε,
1268 2568 1350 2653 §14
1372 2592 1403 2656 p.
1429 2569 1512 2635 839:
1537 2569 1626 2635 ταῦθ’

435 2673 518 2741 οὗτοι
539 2677 704 2755 γραφήναθ
724 2673 752 2737 τ’
773 2676 803 2738 ἐν
824 2682 892 2744 ταῖς
915 2674 1072 2748 διαθήκαις
1094 2675 1146 2738 καὶ
1166 2675 1317 2750 λαβεῖν
1337 2680 1449 2754 οφῖις
1474 2676 1626 2746 αὐτοὺς

437 2781 526 2845 κατ’
560 2770 745 2855 αλλήλων
777 2786 1062 2858 μαρτυροῦσιν.
1086 2779 1199 2867 Itaque
1223 2781 1346 2866 Aphob.
1370 2780 1386 2846 Ι
1409 2781 1483 2868 §39
1506 2805 1537 2868 p.
1559 2781 1626 2849 826

433 2890 564 2953 recitari
587 2890 682 2953 iussit
705 2886 939 2972 Demophontis
962 2889 1196 2966 testimonium,
1220 2886 1294 2974 §42
1319 2909 1350 2975 p.
1372 2887 1438 2954 826
1461 2889 1628 2977 Therippi·

433 2997 504 3072 dis,
537 2993 614 3080 §43
638 3017 669 3080 p.
695 2993 760 3061 827
790 2996 892 3079 ipsius
914 2994 1052 3079 Aphobi.
1083 2993 1203 3060 Deinde
1227 2997 1335 3082 pergit
1357 2998 1424 3060 suis
1446 2997 1554 3061 verbis
1575 3018 1626 3062 ex·

434 3122 554 3188 ponere
578 3100 654 3185 quid
678 3100 831 3186 Aphobus
856 3106 992 3165 testatus
1014 3099 1128 3165 fuerit:
1156 3096 1239 3170 οὗτος
1262 3097 1318 3175 αὖ,
1342 3102 1463 3186 inquit,
1489 3102 1543 3174 τήν
1566 3104 1623 3176 μὲν

434 3209 580 3279 διαθήκην
603 3207 745 3283 γενέσθαι
770 3207 866 3283 φηαθ,
891 3206 955 3272 ιιτὲ.
978 3226 1036 3271 nec
1059 3205 1149 3271 addit
1168 3209 1333 3292 proprium
1353 3207 1479 3292 Aphobi
1498 3228 1624 3285 nomen,

434 3315 520 3402 quod
552 3315 686 3377 minime
717 3334 842 3378 necesse
865 3318 943 3378 erat.
974 3312 1058 3393 Quid
1081 3334 1184 3397 praee.
1209 3315 1409 3400 paragrapho
1435 3313 1472 3379 de
1496 3313 1626 3399 Therip-

434 3418 531 3508 pide?
564 3416 664 3488 Οὗτος
698 3419 839 3493 διαθήκην
871 3422 926 3493 μὲν
958 3417 1100 3495 γενέσθαι
1130 3419 1229 3497 φησί,
1264 3421 1315 3483 καὶ
1340 3420 1382 3483 rh
1407 3420 1456 3484 δύο
1481 3420 1625 3484 τάλαντα

439 3533 627 3603 Δημοφῶντι
659 3527 709 3589 καὶ
734 3526 794 3596 τὰς
818 3524 1002 3601 ὀγδοήκοντα
1026 3528 1107 3600 μνᾶς
1131 3523 1238 3602 τουτῳὶ
1263 3526 1428 3611 (Aphobo,
1453 3528 1503 3591 uti
1526 3524 1628 3606 vides)

437 3634 557 3706 δοθήνοιι
589 3640 750 3710 μαρτυρεῖ·
781 3633 838 3702 τας
864 3631 894 3696 δὲ
918 3630 1131 3707 ἑβδομήκοντα
1156 3634 1254 3709 μνῖις,
1278 3628 1316 3701 ἃς
1342 3631 1533 3710 Θηριττθδης
1557 3631 1629 3696 ἕλα-

436 3740 506 3819 βιν,
550 3741 584 3803 οὖ
627 3737 867 3815 προσγραφῆναί
901 3746 1009 3815 φησιν.
1043 3736 1239 3803 Iamdudum
1273 3737 1476 3826 Tharippidie
1511 3760 1628 3804 nomen

435 3845 604 3912 volueram
635 3864 818 3931 expungere
849 3847 882 3908 et
913 3865 998 3909 nuno
1022 3842 1165 3908 Blassius
1188 3864 1240 3908 me
1264 3844 1355 3909 docet
1377 3850 1451 3910 ante
1473 3866 1526 3910 me
1549 3844 1629 3910 Voe-

433 3952 574 4019 melium
596 3951 682 4016 idern
703 3952 857 4028 suasisse;
877 3958 926 4015 est
947 3971 1020 4015 sane
1039 3957 1149 4035 aperta
1168 3971 1235 4027 ree,
1255 3970 1329 4015 nam
1351 3954 1377 4015 si
1397 3950 1627 4018 Demosthenes

432 4060 594 4125 lectorum
626 4061 657 4121 in
690 4060 831 4143 gratiam
857 4057 984 4121 —sibi
1015 4059 1101 4121 enim
1125 4055 1159 4120 id
1182 4059 1317 4122 minime
1341 4079 1466 4124 neeesse
1490 4067 1557 4123 erat
1582 4097 1624 4107 —

433 4167 563 4252 propria
595 4167 727 4229 nomina
755 4162 912 4228 voluisset
932 4161 1140 4246 interpolare,
1166 4165 1264 4228 etiam
1285 4164 1411 4249 Aphobi
1435 4186 1550 4230 nomen
1573 4165 1627 4229 ad-

434 4274 631 4357 scripsisset,
663 4291 720 4335 nee
750 4268 953 4355 Therippidie
984 4290 1098 4335 nomen
1129 4278 1196 4334 tarn
1229 4271 1430 4337 incommodo
1454 4271 1523 4337 loeo
1547 4294 1630 4337 eorn-

435 4384 572 4467 pareret.
608 4376 643 4442 Si
677 4379 749 4462 quie
784 4375 878 4441 hodie
914 4375 999 4441 alara
1034 4396 1110 4441 voee
1141 4379 1275 4443 recitare
1306 4376 1405 4443 vellet
1429 4414 1471 4426 —
1496 4378 1550 4443 sed
1573 4381 1629 4443 vir

433 4487 607 4571 quisquam
636 4482 670 4547 id
701 4503 857 4567 umquam
890 4481 985 4547 faciet
1013 4520 1054 4531 —
1082 4486 1240 4549 orationes
1273 4490 1382 4550 eontra
1413 4484 1629 4551 Macartatum

435 4599 468 4657 et
499 4597 609 4655 oontra
641 4587 925 4675 Olympiodorum,
950 4587 1162 4674 intelligeret,
1187 4593 1236 4655 uti
1260 4612 1411 4679 auguror,
1437 4594 1626 4676 neutiquam

436 4717 529 4782 posse
553 4694 640 4771 fieri,
660 4703 698 4758 ut
716 4696 824 4779 inepta
844 4715 879 4759 ae
900 4693 991 4778 plane
1010 4693 1221 4761 intolerabilis
1240 4700 1407 4762 nominum
1428 4700 1628 4783 propriorum

437 4804 587 4890 repetitio
618 4801 681 4890 ipsi
712 4803 829 4869 oratori
859 4799 1035 4865 deberetur.
1067 4799 1170 4880 Quam
1195 4802 1278 4868 nihil
1302 4819 1427 4871 neeesse
1450 4805 1566 4884 fuerit,
1593 4826 1631 4871 ea
