4525 5950
964 692 1104 740 scurrus.
1559 673 1621 738 131

438 862 551 938 habet,
574 882 636 946 qua
659 863 699 924 iis
721 863 754 923 in
774 863 962 924 memoriam
981 864 1073 923 vocat
1092 878 1297 944 quaecunque
1317 856 1419 923 Galba
1438 857 1477 922 ad
1497 858 1624 922 ltaliam

438 967 588 1033 accedens
618 971 783 1052 ipsamque
817 966 927 1031 urbem
960 969 1081 1030 intrans
1105 963 1276 1029 crudeliter
1299 965 1383 1029 fecit.
1417 963 1465 1028 lbi
1489 969 1521 1028 et
1544 965 1625 1028 banc

438 1074 580 1160 legimus
603 1072 885 1138 exclamationem:

488 1180 594 1260 „Quae
623 1201 757 1265 usquam
792 1179 973 1263 provincia,
1006 1197 1085 1261 quae
1117 1184 1219 1241 castra
1249 1184 1324 1241 sunt
1354 1179 1416 1240 nisi
1439 1183 1569 1241 cruenta
1593 1181 1626 1240 et

438 1286 616 1362 maculata,
641 1294 715 1362 aut,
741 1292 778 1349 ut
799 1286 867 1368 ipse
892 1282 1069 1367 praedicat,
1095 1281 1261 1347 emendata
1285 1289 1317 1346 et
1339 1282 1512 1347 correcta.’'

485 1393 556 1478 lpse
577 1414 671 1457 sonus
694 1391 866 1456 verborum
889 1409 989 1474 „quae
1009 1391 1187 1473 provincia,
1208 1410 1287 1474 quae
1306 1396 1409 1454 castra
1427 1388 1518 1452 (καθ’
1532 1389 1627 1453 babet

441 1499 527 1584 quod
557 1502 675 1563 vitium
708 1505 824 1582 crepet.
856 1495 903 1561 De
935 1498 1092 1560 sententia
1115 1495 1292 1560 videamus.
1317 1495 1429 1560 Nonne
1454 1495 1626 1560 absurdum

441 1614 490 1671 est
512 1606 698 1671 contendere
722 1603 845 1669 nullam
869 1624 991 1686 aequam
1016 1623 1082 1667 asse
1100 1601 1288 1683 provinciam
1312 1624 1408 1687 quam
1431 1624 1491 1668 non
1518 1623 1626 1666 cruore

440 1715 611 1797 asperserit
642 1708 764 1776 Galba?
794 1709 881 1773 Num
914 1708 1065 1773 credibile
1091 1706 1174 1772 illud
1198 1708 1300 1772 videri
1324 1714 1449 1793 poterat
1472 1706 1525 1772 vel
1548 1710 1627 1792 ipsis

440 1817 599 1901 militibus
630 1816 775 1892 urbanis,
808 1816 924 1898 quibus
955 1815 1014 1879 hoc
1044 1821 1127 1879 certe
1159 1819 1272 1883 notum
1296 1815 1409 1892 fuerit,
1434 1836 1451 1879 e
1475 1835 1537 1900 qua
1559 1836 1628 1898 pro·

438 1927 545 1989 vincia
566 1927 601 1988 in
624 1922 751 1988 ltaliam
776 1924 915 1986 venisset
938 1917 1057 1996 Galba,
1083 1928 1115 1985 et
1138 1942 1218 2005 quae
1242 1924 1271 1985 ei
1295 1922 1407 1986 fuisset
1429 1920 1628 2006 pervadenda

441 2028 624 2116 provincia?
648 2031 754 2114 Atque
776 2031 845 2113 ipsa
869 2049 931 2092 vox
950 2026 1111 2109 provincia
1136 2027 1212 2112 qnid
1236 2027 1331 2092 habet
1354 2027 1437 2113 quod
1461 2028 1628 2092 vehemen-

440 2146 490 2203 ter
512 2140 634 2202 animoe
658 2135 802 2200 militum
828 2130 1033 2219 permoveat?
1057 2133 1164 2210 Nihil,
1189 2140 1227 2197 ut
1250 2137 1370 2218 opinor.
1398 2134 1459 2200 Sed
1482 2137 1627 2219 inspicia-

440 2265 516 2308 mus
545 2242 675 2329 longam
698 2241 788 2306 illam
813 2241 969 2306 scelerum
993 2242 1283 2317 enumerationem,
1308 2261 1388 2325 quae
1411 2242 1504 2306 hacce
1527 2240 1628 2306 excla-

440 2352 581 2414 matione
612 2348 789 2413 clauditur:
821 2346 859 2411 de
882 2346 1051 2411 classiariis
1073 2348 1192 2432 agitur,
1217 2367 1354 2430 quorum
1379 2354 1502 2431 partem
1526 2345 1628 2412 Galba

440 2455 628 2532 trucidavit,
648 2461 770 2539 partem
790 2454 977 2529 decimavit,
995 2453 1033 2516 de
1046 2452 1177 2517 Fonteio
1191 2451 1361 2537 Capitone,
1375 2451 1486 2520 Gladio
1498 2453 1626 2530 Macro,

440 2561 643 2648 Nymphidio
671 2563 782 2626 occisis
809 2568 840 2624 et
866 2559 1055 2644 quibusdam
1082 2559 1172 2636 aliie,
1204 2559 1258 2624 sed
1281 2558 1439 2645 plerisque
1462 2563 1626 2646 copiamm

441 2668 585 2732 ducibus.
606 2667 710 2753 Ergo,
731 2670 758 2731 si
778 2666 841 2731 duo
862 2669 963 2732 triave
984 2668 1111 2730 nomina
1131 2667 1324 2750 excipimus,
1346 2673 1413 2731 tota
1432 2669 1494 2731 ista
1507 2663 1627 2732 Galbae

440 2772 612 2839 crudelitas
636 2774 675 2838 ad
696 2771 778 2838 solos
798 2773 919 2838 milites
940 2781 971 2838 et
990 2773 1029 2837 ad
1042 2775 1145 2850 viros,
1167 2776 1221 2857 qui
1234 2771 1394 2838 militibus
1406 2774 1627 2858 praefuerunt,

439 2882 607 2966 pertinuit.
631 2879 689 2956 Et,
711 2886 749 2942 nt
768 2883 888 2965 opinor,
909 2881 1035 2943 etiamsi
1055 2885 1217 2963 praeterea
1235 2882 1268 2944 in
1290 2885 1417 2965 togatos
1429 2883 1628 2964 inermesque

439 2985 653 3073 provinciales
684 2990 849 3051 saeviissct
881 2983 1000 3064 Galba,
1034 2992 1142 3050 tamen
1172 2985 1210 3050 de
1241 2987 1291 3051 his
1315 2990 1465 3053 tacuisset
1489 2986 1572 3052 Ocho
1595 2993 1628 3052 et

441 3101 569 3181 sagatos
597 3092 826 3179 paludatosque
847 3098 1129 3158 commemorasset
1150 3092 1247 3170 solos,
1266 3096 1322 3178 qui
1341 3116 1424 3159 novo
1442 3095 1628 3179 imperatori

439 3203 592 3266 victimae
624 3200 820 3265 cecidissent.
853 3198 981 3265 Ceteros
1004 3198 1089 3263 haud
1112 3220 1305 3285 magnopere
1328 3203 1516 3285 praetoriani
1539 3208 1628 3265 erant

438 3311 595 3374 curaturi.
618 3307 706 3394 Ergo
729 3313 766 3371 ut
790 3305 874 3370 Otho
899 3306 983 3370 dicat
1004 3305 1127 3390 aliquid
1148 3305 1230 3390 quod
1250 3314 1331 3372 terse
1351 3310 1554 3373 enuntiatum
1574 3310 1625 3384 sit,

440 3416 526 3501 quod
549 3436 567 3479 a
589 3417 726 3480 veritate
748 3435 810 3478 non
834 3415 929 3477 nimis
954 3413 1097 3489 recedat,
1122 3413 1206 3497 quod
1226 3417 1348 3479 animos
1367 3414 1509 3479 militnm
1530 3436 1627 3499 quam

439 3524 583 3588 maxime
614 3520 776 3598 incendat,
809 3519 981 3606 legendum
1013 3539 1140 3599 censeo:
1174 3541 1275 3605 „quae
1298 3542 1433 3607 nsquam
1455 3521 1627 3603 praesidia,

440 3650 522 3715 quae
546 3634 648 3692 castra
672 3633 747 3691 sunt
771 3648 797 3690 e.
811 3648 840 3712 q.
855 3626 913 3690 s.’'.

487 3841 529 3905 Η.
560 3840 584 3917 l,
610 3840 663 3905 50.
695 3839 804 3904 Occiso
838 3837 949 3915 Galba,
982 3859 1055 3903 cum
1086 3842 1219 3904 nuntius
1247 3839 1285 3904 de
1309 3839 1431 3905 Vitellii
1455 3840 1628 3907 deiectione

439 3970 498 4034 per
529 3948 641 4011 urbem
672 3946 935 4031 percrebruisset,
970 3945 1176 4010 vehementer
1207 3945 1339 4010 afflictas
1370 3954 1459 4011 erant
1482 3950 1627 4012 omnium

442 4060 584 4119 mentes:

492 4159 601 4235 „Duos
622 4161 766 4223 omnium
791 4157 975 4221 mortalium
1000 4156 1205 4241 impudicitia
1227 4159 1357 4243 ignavia
1380 4156 1508 4222 luxuria
1528 4158 1628 4223 deter-

441 4269 543 4331 rimos
568 4264 657 4331 velut
680 4265 719 4329 ad
743 4263 940 4349 perdendum
963 4266 1138 4347 imperium
1161 4262 1301 4328 fataliter
1325 4263 1441 4329 electos
1461 4286 1521 4329 non
1543 4286 1628 4330 sena-

440 4382 496 4438 tus
526 4372 619 4436 modo
650 4378 682 4435 et
712 4391 825 4455 eques,
859 4372 929 4454 quis
961 4368 1066 4454 aliqua
1088 4390 1161 4454 pars
1185 4376 1217 4433 et
1239 4390 1315 4433 cura
1338 4370 1548 4455 reipublicae,
1573 4371 1626 4435 sed

441 4477 563 4564 vulgus
583 4498 706 4562 quoque
731 4476 838 4561 palam
863 4474 1034 4539 maerere.'’

487 4583 586 4648 Totus
610 4583 672 4647 loci
695 4604 853 4648 connexus
877 4581 1098 4644 huiuscemodi
1118 4586 1182 4645 est:
1204 4587 1348 4667 tempus,
1370 4582 1451 4667 quod
1472 4584 1627 4659 instabat,

440 4690 565 4754 civibus
597 4688 700 4754 multo
728 4690 854 4752 tristius
878 4686 1045 4751 videbatur
1069 4708 1130 4751 non
1155 4685 1258 4752 solum
1283 4709 1379 4773 quam
1403 4687 1522 4754 Galbae
1545 4688 1627 4754 illud

440 4804 546 4874 (oum,
579 4794 654 4859 licet
685 4793 809 4860 bellum
840 4815 902 4858 non
933 4802 1033 4868 esset,
1066 4800 1114 4857 tot
1145 4800 1252 4858 tamen
1284 4794 1394 4859 fierent
1419 4794 1549 4875 scelera)
1573 4796 1627 4861 sed
