4525 5950
949 675 1103 724 nouenos.
1559 657 1624 725 289

431 845 465 907 in
495 845 554 907 hoc
585 842 726 919 scholio,
758 841 812 906 sed
845 861 982 905 omnes
1006 838 1254 916 adulescentuli,
1277 839 1373 925 idque
1397 841 1561 924 probavit,
1584 847 1622 905 ut

434 948 591 1025 vidimus,
618 950 644 1011 Α
669 947 727 1028 (1).
752 945 861 1032 Igitur
886 944 938 1021 „id
962 945 1031 1009 est’'
1053 966 1119 1029 sqq.
1144 944 1199 1009 alii
1223 945 1326 1009 denuo
1350 946 1517 1010 tribuenda
1537 953 1625 1010 suut.

434 1053 520 1118 Hinc
554 1057 654 1118 etiam
687 1055 836 1128 initium,
871 1051 975 1135 „quod
1008 1050 1152 1114 faciuut''
1189 1072 1245 1134 pro
1281 1071 1382 1134 „quse
1417 1052 1571 1131 faciunt’',
1608 1073 1627 1116 a

433 1159 556 1224 Donato
593 1158 861 1232 adiudicaverim;
897 1156 1072 1221 secundum
1109 1156 1194 1219 hunc
1231 1155 1358 1239 „quod”
1391 1164 1458 1220 erat
1488 1156 1626 1242 figurata

432 1264 569 1341 locutio,
594 1263 676 1328 nihil
700 1262 857 1348 amplius,
882 1283 979 1346 quam
1003 1260 1183 1326 illustravit
1206 1261 1361 1346 exemplis
1384 1264 1418 1325 in
1441 1262 1499 1342 (2).

481 1444 521 1509 31
560 1445 685 1510 Horum
709 1444 764 1509 ille
788 1443 871 1508 nihil
893 1445 1024 1529 egregie
1047 1448 1173 1528 praeter
1196 1449 1300 1507 cetera
1323 1443 1482 1509 studebat.

479 1551 577 1615 Don.:
612 1553 782 1637 egregium
817 1549 944 1625 dicitur,
981 1549 1066 1634 quod
1100 1569 1138 1613 ex
1175 1569 1276 1634 grege
1310 1549 1453 1635 eligitur,
1484 1550 1539 1615 sed
1571 1552 1624 1616 hic

431 1657 607 1743 „egregie”
632 1655 742 1733 valde,
768 1658 876 1720 nimis.
946 1658 991 1718 A:
1013 1674 1077 1717 non
1097 1662 1145 1717 est
1163 1675 1240 1740 ergo
1259 1654 1297 1718 ad
1316 1654 1446 1720 laudem
1467 1659 1624 1740 positum:

431 1764 527 1839 hacc,
551 1764 673 1847 inquit,
699 1768 736 1825 ut
759 1767 878 1837 cetera,
903 1758 1054 1823 similiter
1076 1758 1234 1823 studebat.

481 1928 524 1991 42
559 1927 656 1991 Don.:
682 1926 852 1991 artificiose
878 1926 1095 2003 „triennium”
1121 1926 1219 2002 dixit,
1244 1947 1317 1990 cum
1342 1935 1448 2011 posset
1471 1927 1544 2013 plus
1567 1932 1628 1992 mi-

430 2054 536 2098 nusve
567 2035 720 2118 temporis
751 2053 884 2117 ponere,
919 2038 955 2095 ut
986 2033 1028 2095 sit
1060 2030 1237 2096 verisimile
1261 2054 1363 2096 unum
1386 2054 1506 2098 aunum
1530 2036 1627 2100 fuisse

431 2140 568 2225 pudicae
588 2159 761 2223 paucaeque
782 2140 885 2213 vitae,
907 2143 1093 2220 sequentem
1113 2137 1307 2201 condicionis
1318 2145 1478 2224 acceptae,
1492 2143 1627 2204 tertium

434 2247 560 2309 mortis.
652 2242 701 2307 Ex
732 2243 791 2307 hac
818 2242 930 2307 idonea
955 2244 1084 2306 triennii
1107 2241 1311 2307 distinctione
1334 2251 1391 2307 aut
1414 2247 1441 2307 A
1466 2252 1522 2308 aut
1545 2244 1629 2310 alius

435 2351 602 2434 magister,
632 2350 694 2411 nisi
724 2347 787 2411 fuit
815 2350 883 2432 ipse
907 2346 1142 2431 Philosophus,
1167 2368 1277 2411 ansam
1301 2351 1386 2432 cepit
1408 2348 1539 2413 ludendi
1561 2353 1626 2415 ita:

428 2455 530 2537 primo
560 2476 626 2532 erpo
658 2475 736 2516 aeno
767 2453 906 2533 &corato
935 2460 979 2516 eet
1002 2452 1160 2533 Pamphilo
1183 2453 1285 2515 domun
1311 2454 1476 2544 Chrysidis,
1500 2458 1626 2519 necundo

432 2569 478 2624 eet
513 2560 650 2643 Glycerio
679 2559 823 2639 repetitae,
848 2559 936 2622 tertio
959 2558 1062 2639 nupsit
1087 2558 1256 2641 Glycerium
1280 2560 1437 2641 Pamphilo
1459 2568 1489 2623 et
1505 2562 1627 2643 pariter
1649 2614 1657 2622 ..

431 2665 551 2728 invenit
564 2672 715 2745 parentes.

482 2770 764 2855 interpolationem
787 2772 853 2835 ism
875 2771 1000 2834 notavit
1023 2768 1072 2833 W.

484 2938 527 3004 50
568 2939 680 3016 „Unus
710 2944 743 3004 et
771 2940 851 3004 item
882 2937 1002 3003 alter'’:
1042 2943 1167 3023 praeter
1200 2960 1300 3004 unum
1331 2940 1411 3018 duc,
1443 2961 1481 3006 ex
1512 2944 1627 3028 quibus

431 3044 525 3121 alter,
558 3052 594 3109 ut
624 3048 689 3109 siut
719 3052 799 3122 tres,
824 3065 898 3108 nam
925 3044 980 3121 „hi
1005 3050 1069 3109 tres
1092 3045 1191 3109 simul
1215 3047 1386 3111 amabaut’'
1411 3053 1472 3127 (vs.
1499 3048 1567 3126 60),
1592 3058 1629 3114 ut

431 3150 596 3236 Vergilius
626 3150 706 3230 (nel.
732 3149 806 3215 VIII
832 3150 888 3228 39)
915 3149 1016 3225 „alter
1040 3151 1078 3214 ab
1103 3151 1305 3217 undecimo'’.
1399 3157 1426 3217 Α
1452 3154 1626 3219 conclusit:

433 3276 513 3340 ergo
536 3254 617 3319 alter
640 3277 703 3319 uon
726 3262 773 3320 est
797 3255 954 3320 secundus
978 3256 1033 3320 sed
1057 3258 1182 3320 tertius.

483 3360 621 3445 Eugra
631 3361 753 3444 phius
773 3361 923 3436 verbose,
944 3365 982 3423 ut
995 3360 1109 3445 vulgo,
1126 3360 1246 3425 similia
1256 3364 1384 3446 praebet
1397 3370 1429 3427 et
1441 3365 1627 3449 exemplum

434 3465 669 3551 Vergilianum.
693 3465 866 3531 Servius
891 3465 931 3529 ad
953 3465 1017 3530 l.l.:
1045 3466 1098 3542 „id
1119 3474 1168 3530 est
1188 3468 1480 3546 tertiusdecimus,
1502 3470 1625 3546 „alter”

432 3575 522 3636 enim
546 3571 584 3636 de
607 3572 730 3635 duobus
754 3570 924 3635 dicimus’'.

484 3740 524 3802 91
563 3739 665 3804 Unam
692 3741 809 3823 aspicio
832 3737 1103 3804 adulescentulam

484 3845 582 3910 Don.:
614 3866 652 3910 ex
684 3845 911 3910 consuetudine
942 3846 1025 3909 dixit
1050 3845 1203 3921 „unam”,
1228 3854 1265 3910 ut
1290 3847 1426 3912 dicimus
1451 3871 1556 3925 „unus
1580 3858 1628 3916 est

432 3950 659 4017 adulescene”:
691 3950 767 4015 tolle
802 3950 942 4028 „unam”
976 3956 1007 4014 et
1039 3953 1084 4014 ita
1115 3950 1187 4027 fiet,
1220 3958 1257 4015 ut
1288 3956 1393 4017 sensui
1422 3954 1502 4018 nihil
1527 3955 1628 4034 desit,

432 4057 490 4122 sed
520 4056 715 4121 consuetudo
745 4056 935 4120 admirantis
965 4078 1029 4121 nou
1059 4059 1121 4120 erit
1153 4079 1309 4141 expressa.
1402 4063 1448 4123 A:
1482 4064 1625 4138 „unam”

433 4183 513 4246 ergo
538 4165 579 4240 τῷ
604 4161 767 4239 tironem}
791 4167 843 4236 (=
868 4161 1109 4241 consuetudine)
1133 4161 1225 4226 dixit.

483 4327 507 4392 1.
533 4327 564 4391 2.
579 4327 622 4392 29
659 4327 743 4392 Bene
776 4326 868 4413 „Iege
892 4333 987 4413 atque
1011 4329 1150 4406 omine'',
1183 4334 1259 4415 quia
1280 4331 1369 4417 leges
1393 4336 1543 4418 auspiciis
1566 4357 1628 4400 ser·

433 4437 520 4500 vatis
541 4434 777 4498 ferebantur-
791 4455 858 4513 erpo
877 4434 920 4496 sic
938 4434 1086 4515 intellipe,
1106 4437 1194 4520 quoni
1211 4437 1337 4501 diceret:
1353 4462 1388 4502 eo
1399 4439 1571 4504 condicione
1584 4478 1625 4488 -

432 4548 466 4605 et
490 4542 614 4623 antiqui
637 4542 801 4624 auspicato
825 4542 934 4605 omnia
957 4541 1133 4619 iaciebant,
1159 4563 1239 4626 quae
1262 4551 1330 4608 rata
1353 4565 1421 4609 esse
1446 4544 1574 4610 vellent.

482 4644 534 4709 Sic
565 4648 687 4729 optime
718 4646 795 4709 haec
827 4645 975 4710 distinxit
998 4646 1047 4710 W.
1077 4646 1145 4711 Iam
1169 4653 1373 4733 agnoscimus
1396 4658 1559 4716 auctorem
1583 4655 1628 4716 iu-

435 4750 647 4835 terpolatoris.
