4525 5950
636 656 703 720 298
1157 674 1312 721 nonanus.

635 840 826 902 continuum
850 835 986 915 Donati,
1011 840 1040 901 Α
1059 840 1182 923 pergit:
1207 844 1240 902 et
1258 843 1307 902 est
1327 837 1525 918 εὐφημισμδς
1545 839 1762 923 antiquorum
1782 859 1837 922 pro

637 941 774 1020 ,uibil''.

683 1108 730 1174 lll
754 1110 843 1175 213
878 1111 952 1176 'libi
984 1112 1094 1177 videor
1115 1132 1200 1188 esse,
1223 1132 1319 1196 quem
1344 1119 1411 1176 tam
1435 1116 1543 1197 aperte
1568 1110 1683 1177 fallere
1705 1115 1840 1197 incipias

693 1218 699 1231 ·
727 1214 740 1261 a

637 1215 779 1386 dobin:
805 1321 856 1386 δύο
881 1320 919 1384 δι’
944 1321 1005 1391 aa
1031 1323 1095 1386 cito
1118 1324 1154 1401 (i.
1180 1343 1208 1386 e.
1233 1325 1375 1388 oratione
1399 1322 1571 1403 festinata).
1637 1325 1687 1388 A:
1709 1331 1746 1388 et
1769 1323 1842 1402 ,fal-

636 1425 722 1491 lere'’
748 1434 781 1492 et
805 1428 968 1512 ,aperte”.

682 1593 727 1657 ‘28
757 1593 804 1671 (2)
835 1603 868 1659 et
900 1593 949 1674 (3)
981 1594 1018 1658 ld
1049 1615 1111 1680 ego
1140 1597 1207 1658 iam
1239 1595 1299 1658 tibi
1333 1595 1539 1672 renuntiabo,
1564 1615 1640 1673 ere,
1667 1596 1841 1661 futnrnm”

637 1696 718 1763 Don.
739 1698 805 1776 (2):
827 1698 904 1775 „re”
925 1698 1051 1784 syllaba
1072 1699 1157 1784 apud
1178 1705 1300 1765 veteres
1318 1699 1482 1764 interdum
1503 1699 1666 1778 abundat,
1688 1710 1731 1766 ut
1751 1702 1842 1767 modo

640 1841 682 1853 -
709 1806 848 1868 renuntio
873 1828 933 1887 pro
964 1806 1071 1869 aemio
1097 1843 1140 1853 —
1168 1812 1201 1870 et
1220 1804 1330 1872 Cicero
1351 1809 1577 1883 ,renuntiatur
1601 1807 1714 1872 mibi'’
1743 1807 1840 1887 (Verr.

637 1909 669 1976 11
696 1910 783 1990 149).

684 2016 964 2101 Interpclationem
997 2019 1122 2081 notavit
1154 2015 1201 2080 W.
1233 2015 1283 2080 Ex
1314 2016 1372 2082 hac
1404 2023 1513 2081 antem
1546 2023 1579 2082 et
1611 2018 1840 2084 consimilibus

637 2120 938 2207 interpolationibus
976 2120 1150 2186 verisimile
1186 2121 1239 2198 fit,
1275 2124 1426 2208 magistri
1457 2122 1683 2189 additamenta
1718 2128 1840 2190 stetisse

639 2226 718 2293 olim
736 2229 769 2291 in
790 2231 935 2314 margine
956 2229 1131 2292 commenti
1152 2227 1290 2292 alicuius
1309 2226 1480 2293 Donatiani
1499 2231 1578 2307 (iam
1599 2229 1643 2293 ab
1656 2237 1840 2316 excerptore

639 2336 793 2398 contracti
802 2331 828 2410 l)
858 2333 954 2417 idque
986 2354 1061 2398 cum
1086 2332 1195 2419 sigillo
1218 2333 1379 2399 indicante
1402 2330 1509 2399 locum
1533 2355 1596 2419 quo
1622 2339 1839 2422 pertinerent,

639 2461 739 2524 eaque
763 2439 874 2505 deinde
897 2442 929 2504 in
956 2446 1082 2504 textum
1107 2440 1207 2504 fuisse
1231 2445 1367 2525 recepta.

686 2614 732 2679 Ill
765 2614 795 2679 3.
817 2614 860 2679 40
896 2614 1002 2694 „Quid
1031 2611 1148 2679 isticl'’
1185 2612 1284 2679 Don:
1317 2614 1517 2680 concedentis
1551 2622 1583 2681 et
1621 2618 1732 2685 veluti
1770 2623 1839 2685 victi

641 2721 795 2798 verbum,
821 2727 987 2805 tamquam
1012 2723 1039 2784 si
1062 2719 1181 2785 diceret
1206 2718 1345 2805 „quidl”
1415 2724 1461 2785 A:
1486 2721 1631 2787 abundat
1657 2727 1794 2802 „istic’'.

687 2887 730 2953 IV
756 2887 842 2954 1.29
879 2886 984 2964 „Cum
1010 2893 1098 2972 patre
1123 2887 1323 2953 altercasti’':
1348 2888 1471 2976 legitur
1493 2895 1525 2954 et
1550 2889 1758 2966 „altercatus
1781 2896 1839 2960 ee”.

643 2994 786 3060 Donatus
808 2993 978 3060 lectionem
1005 2997 1125 3060 variam
1148 2995 1287 3059 indicare
1310 2994 1404 3073 solet,
1426 3016 1482 3081 per
1503 2996 1650 3082 „legitur
1669 3001 1744 3077 et’',
1765 3000 1840 3087 quod

641 3100 881 3187 praetervidens
904 3104 933 3165 Α
956 3103 1068 3166 inscite
1092 3101 1279 3185 adscripsit:
1303 3122 1366 3166 non
1389 3105 1476 3167 enim
1499 3102 1620 3169 alterco
1645 3104 1802 3172 dicimus.

686 3268 728 3333 IV
753 3268 840 3332 211
876 3268 959 3345 „Per
983 3288 1093 3332 omnes
1116 3267 1176 3332 tibi
1199 3267 1312 3333 adiuro
1335 3267 1443 3333 deos”.
1474 3268 1571 3334 Dan:
1602 3271 1689 3346 „ad”
1718 3277 1841 3339 auctiva

641 3374 798 3461 particula
821 3381 885 3451 aet,
910 3381 947 3437 nt
972 3372 1294 3438 admirabiliter
1317 3373 1411 3439 valde
1431 3375 1634 3454 mirabiliter,
1656 3386 1689 3441 et
1711 3383 1841 3454 adnata,

642 3482 731 3545 addo.
756 3478 805 3547 cf.
830 3480 872 3544 IV
899 3480 927 3544 1.
942 3478 984 3544 39
1009 3478 1067 3559 (3).

689 3647 731 3712 14
768 3647 880 3724 „Hanc
912 3649 974 3710 nisi
1005 3667 1092 3711 mors
1120 3646 1204 3709 mibi
1227 3646 1347 3712 adimet
1370 3647 1498 3712 nem0’'.
1528 3646 1600 3712 Don
1623 3668 1631 3713 :
1656 3661 1843 3734 perseverat

640 3765 768 3838 (nempe
791 3755 824 3817 in
848 3773 885 3817 ea
908 3751 1084 3829 modestia,
1110 3772 1208 3835 quam
1233 3750 1313 3816 Don.
1337 3752 1518 3837 designavit
1541 3753 1579 3817 ad
1601 3775 1651 3818 vs.
1677 3756 1724 3821 13
1747 3759 1796 3838 (4)
1815 3773 1843 3822 et

642 3859 721 3939 (5)),
747 3880 786 3923 ne
809 3858 893 3923 dicat
918 3857 1062 3942 „pater”.
1132 3860 1179 3921 A:
1205 3878 1279 3942 pro:
1305 3879 1368 3922 non
1391 3858 1512 3923 adimet
1535 3863 1635 3943 pater.

689 4023 733 4089 IV
758 4023 823 4089 3.3
861 4025 1034 4101 „Amicum
1065 4028 1241 4089 amatorem
1274 4026 1414 4089 virum''.
1446 4023 1545 4089 Don:
1578 4028 1723 4094 Amicus
1748 4033 1842 4096 animi

644 4139 709 4209 est,
741 4137 863 4195 amator
887 4132 1041 4215 corporis:
1066 4151 1130 4195 non
1155 4132 1242 4194 enim
1265 4133 1416 4195 continuo
1440 4138 1564 4196 amator
1585 4138 1620 4196 et
1644 4134 1732 4201 bene
1757 4137 1841 4212 uult,

644 4244 681 4301 nt
714 4235 795 4301 Dido
824 4239 946 4301 amavit
970 4234 1099 4321 quidem
1123 4233 1286 4314 Aeneam,
1308 4236 1362 4301 eed
1386 4258 1448 4301 non
1470 4242 1503 4301 et
1526 4239 1631 4302 amica
1654 4239 1741 4318 fuit,
1767 4263 1841 4327 quae

643 4345 706 4407 ait:
729 4364 813 4420 „non
833 4343 946 4427 potui”
968 4363 994 4406 e.
1008 4363 1037 4426 q.
1051 4363 1076 4405 s.
1098 4346 1190 4421 (Aen.
1212 4340 1255 4405 IV
1277 4340 1366 4422 600),
1388 4342 1517 4407 etidem
1529 4340 1685 4409 Catullus
1712 4346 1781 4427 (72.
1795 4348 1839 4426 8):

647 4452 755 4535 „cogit
777 4469 884 4514 amare
907 4450 1031 4534 magis,
1055 4447 1109 4512 sed
1134 4445 1219 4512 velle
1242 4447 1382 4513 miuus''.

689 4553 940 4640 Elegantissime
970 4552 1091 4618 scholio
1122 4552 1240 4618 Donati
1272 4556 1301 4617 Α
1330 4573 1496 4638 perperam
1527 4552 1672 4620 addidit:
1712 4566 1766 4636 „et
1796 4564 1838 4625 est

643 4660 695 4725 bic
719 4660 859 4725 officium
879 4667 911 4724 et
931 4658 1221 4735 blandimentum’',
1244 4696 1286 4708 -
1307 4665 1459 4724 neutrum
1479 4665 1541 4739 est,
1562 4660 1619 4725 sed
1637 4666 1837 4749 exprobratio

643 4765 820 4855 Pamphili,
845 4768 899 4855 qui
923 4765 1059 4831 descivit
1081 4764 1120 4829 ab
1144 4785 1251 4830 amere
1275 4770 1308 4829 et
1329 4767 1482 4830 amicitia.
1885 4749 1886 4756 ¹
