4525 5950
532 649 598 716 356
1038 666 1213 715 urenneus.

578 832 668 918 594.
700 831 872 900 Contendit
901 839 1007 898 orator
1037 831 1237 898 immortales
1267 834 1342 899 deos
1372 834 1482 905 τόσας
1515 834 1577 910 μὲν
1605 833 1670 903 τὶς
1692 833 1741 896 ἐν

533 940 679 1020 όροιτόνιις
705 938 833 1018 πράξεις
858 943 1047 1019 ἐπισκοτεῖν,
1070 943 1197 1017 μόλις-οι
1220 940 1251 1005 δὲ
1270 943 1326 1015 τήν
1346 941 1412 1021 τερὶ
1432 940 1508 1012 τούς
1527 940 1650 1019 γονέας
1674 939 1739 1004 τι)

533 1047 628 1118 τούς
651 1046 917 1120 τετελευτηκότας
941 1046 993 1111 nai
1015 1049 1069 1120 τὸν
1088 1046 1161 1125 τρός
1185 1047 1299 1118 αὐτοὺς
1323 1048 1498 1122 εὐσέβειαν.
1523 1045 1741 1131 Hirschigius

534 1151 639 1218 delere
669 1152 775 1217 voluit
806 1153 902 1218 verba
933 1154 985 1216 nai
1018 1155 1086 1225 τούς
1121 1173 1222 1238 usque
1254 1152 1294 1218 ad
1326 1152 1457 1224 αὐτούς·
1492 1153 1639 1218 fortasse
1663 1154 1739 1216 satis

533 1260 596 1322 erit
619 1258 806 1323 rescribere:
833 1259 903 1322 κοιό
910 1282 980 1337 τερ
1005 1259 1279 1331 τετελευτηκότας.

582 1475 678 1561 598.
715 1476 902 1542 Laudentur
935 1481 1075 1542 veteres:
1112 1476 1164 1556 ἐφ’
1195 1470 1238 1546 οἷς
1275 1477 1338 1554 γὰρ
1373 1475 1479 1541 εἰιεῑνοι
1518 1479 1744 1545 ποιοῦντες

536 1581 789 1661 ἐφιλοτιμοῦντο,
821 1586 925 1647 τοῦτο
959 1582 1081 1651 diaulus
1114 1582 1154 1646 ὐν
1186 1581 1273 1658 ὑμεῖς
1302 1580 1492 1652 erotema
1518 1579 1743 1662 ἀποδέχοισθε.

535 1685 778 1773 Suppleverim:
803 1690 944 1768 (ὀρθῶς)
969 1693 1134 1759 τοιούντες.

582 1888 682 1974 §99:
714 1891 745 1954 ri
776 1896 866 1954 τριῶν
897 1888 935 1954 όιν
968 1889 1050 1964 νίκην
1080 1889 1175 1964 λάβοι
1200 1890 1309 1967 τοιριὶ
1334 1895 1391 1953 τῶν
1414 1891 1590 1966 πολεμίων.
1617 1888 1743 1955 Immo:

539 1997 647 2060 κοιτόι
672 1995 731 2059 τῶν
753 1996 920 2072 πολεμίων.

582 2214 737 2300 Sequitur
754 2214 892 2300 longum
911 2213 1077 2300 Euripidis
1091 2213 1311 2300 fragmentum
1327 2235 1367 2279 ex
1381 2213 1569 2280 Erechtheo
1584 2217 1745 2301 petitum,

539 2324 632 2387 euius
654 2319 719 2387 tale
743 2326 790 2385 est
811 2322 961 2384 initium:

766 2427 826 2497 τοὶς
850 2425 986 2507 χάριτος
1011 2422 1073 2495 ότις
1099 2426 1275 2500 εὐγενῶς
1298 2424 1483 2505 χαρίζεται,

769 2528 846 2605 ἥδιον
870 2531 900 2593 ἔν
922 2529 1092 2610 βροτοῖσιν·
1118 2522 1145 2594 oi
1169 2530 1201 2595 δὲ
1225 2531 1310 2609 δρῶσι
1334 2529 1391 2606 μέν

768 2637 866 2716 χρόνῳ
889 2636 921 2701 δὲ
946 2636 1051 2714 δρῶσι,
1077 2634 1192 2715 (δρῶσι)
1217 2635 1521 2714 δυσγενόςερον.

543 2743 638 2828 Apud
673 2741 877 2819 Nauekium,
912 2740 953 2805 ad
987 2761 1084 2826 quem
1118 2739 1252 2806 lectores
1282 2739 1412 2827 ablega,
1446 2746 1497 2805 est
1528 2740 1744 2828 videtequid

542 2849 628 2914 docti
652 2850 716 2914 viri
738 2848 778 2913 ad
800 2848 974 2933 fragmenti
993 2846 1251 2912 emendationem
1269 2846 1474 2913 contulerint.
1501 2847 1594 2912 Mihi
1615 2849 1744 2933 quidem

542 2978 617 3043 prae
641 2957 753 3021 ueteris
778 2953 944 3040 displicuit
967 2952 1158 3019 adverbium
1177 2955 1327 3031 εὐγενῶς,
1347 2955 1400 3019 eui
1417 2951 1502 3017 illud
1523 2952 1742 3034 δνσγενέςεριν

543 3084 560 3127 e
583 3065 714 3148 regione
737 3064 921 3148 oppositum
944 3065 1002 3124 est.
1027 3060 1073 3125 Ut
1095 3062 1130 3124 in
1153 3062 1274 3125 ineerta
1298 3080 1331 3124 re
1354 3059 1566 3125 commendo:

771 3168 829 3238 τόις
855 3165 990 3246 χόριτοις
1015 3161 1077 3235 όςις
1102 3166 1281 3236 εὐπετῶς
1305 3165 1470 3246 χαρίζεται

770 3270 847 3347 ἥδιον
871 3273 901 3335 ἐν
924 3272 1091 3349 βροτοῖσιν·
1117 3263 1144 3335 οἳ
1169 3270 1200 3335 δὲ
1226 3270 1312 3351 δρῶσι
1336 3270 1393 3347 μέν

768 3378 865 3459 χρόνῳ
890 3377 921 3441 δὲ
945 3378 1050 3457 δρῶσι,
1075 3378 1189 3457 (δρῶσι)
1214 3377 1526 3454 δοστετὲςερον.

544 3484 616 3550 Ηοο
646 3489 695 3549 est
721 3482 804 3547 illud
828 3482 910 3568 quod
936 3482 1054 3546 dieitur
1077 3482 1125 3546 bis
1150 3482 1225 3546 dare
1248 3484 1304 3566 qui
1327 3484 1391 3546 aito
1415 3480 1480 3546 dat.
1513 3481 1612 3561 Quod
1636 3487 1740 3548 eutem

543 3609 590 3655 ve.
616 3589 635 3654 6
668 3589 850 3654 Dindorfiue
881 3587 1136 3653 commendavit:
1163 3591 1215 3653 οὐκ
1240 3588 1278 3652 σἰν
1301 3593 1357 3651 τιν’
1381 3585 1482 3661 ἄλλην
1506 3586 1602 3661 τῆςδε
1626 3589 1739 3664 βελτίω

543 3694 711 3771 λόβιιν,
737 3694 911 3760 ostendisse
935 3695 1017 3758 mihi
1042 3693 1153 3758 videor
1173 3695 1283 3757 Μιιονε.
1309 3692 1392 3758 1881
1415 3714 1445 3777 p.
1467 3691 1511 3756 99
1532 3715 1605 3778 sqq.
1627 3694 1740 3759 formas

541 3805 760 3889 optativorum
795 3805 828 3865 in
861 3825 916 3864 -ιιν
951 3822 1018 3865 esse
1054 3803 1297 3865 commenticias
1331 3798 1483 3884 nullaque
1514 3820 1651 3884 prorsus
1683 3802 1739 3866 fide

542 3908 672 3995 dignas,
694 3929 769 3973 eum
789 3929 828 3972 ne
848 3928 948 3971 unum
970 3906 1102 3990 quidem
1122 3912 1248 3971 certum
1268 3904 1453 3991 exemplum
1471 3905 1613 3970 indicari
1626 3911 1740 3993 possit,

544 4034 601 4079 nee
633 4016 710 4078 satis
742 4018 812 4077 tuto
841 4011 1002 4100 inauditas
1025 4012 1144 4076 formas
1168 4033 1224 4096 per
1247 4014 1463 4077 coniecturam
1484 4012 1518 4074 in
1542 4017 1677 4077 textum
1700 4017 1743 4077 in·

544 4118 656 4183 fereire
687 4116 800 4194 liceat;
834 4117 888 4181 sed
920 4116 992 4181 nolo
1017 4122 1188 4182 retractare
1210 4116 1244 4180 id
1268 4115 1352 4201 quod
1375 4114 1454 4181 olim
1478 4123 1644 4201 quantum
1669 4120 1743 4183 satis

545 4229 613 4289 erat
636 4222 803 4308 explicavi.
829 4221 974 4306 Denique
999 4242 1046 4286 vs.
1071 4221 1132 4285 20:

770 4326 852 4408 εόιιερ
877 4330 940 4406 γὰρ
964 4326 1088 4407 speetu
1112 4322 1182 4391 οόδο
1208 4326 1260 4390 καὶ
1285 4326 1485 4396 τούλάσσονος

770 4431 805 4497 τό
829 4431 942 4512 μεῖζον,
967 4432 1052 4504 ἑνός
1077 4427 1156 4504 οόιιος
1180 4434 1213 4497 οὐ
1238 4431 1330 4496 πλέον
1354 4431 1449 4495 σόόνει

772 4540 910 4608 ττοιόσιις
936 4538 1063 4611 efferar
1088 4539 1205 4609 πόλεως
1230 4536 1292 4603 οὐδ’
1315 4536 1377 4601 ἴσον
1401 4536 1499 4615 Φέρει.

543 4644 754 4710 Thalhemius
786 4649 858 4728 post
887 4643 1072 4708 Nauekium
1104 4650 1136 4707 et
1167 4643 1334 4708 Nauckius
1365 4647 1437 4728 post
1459 4640 1659 4726 Emporium
1682 4644 1745 4709 edi·

542 4748 657 4813 derunt
689 4748 767 4819 οὐνός
801 4744 896 4825 οἶνος,
930 4769 1011 4832 quae
1043 4750 1141 4813 erasis
1172 4749 1253 4812 mihi
1285 4749 1415 4833 egregie
1443 4745 1614 4832 displicet3
1640 4748 1743 4814 multo
