4525 5950
532 692 598 757 404
1057 706 1200 755 rscmus.

531 873 584 953 (de
615 875 661 937 rei
689 874 775 936 enim
798 869 968 935 familiaris
994 871 1186 935 detrimento
1208 869 1290 934 illud
1315 870 1449 935 verbum
1471 870 1657 949 adhibetur)
1678 873 1718 934 in·
1761 891 1762 907 ¹

532 978 669 1064 telligit,
700 998 801 1062 neque
832 976 942 1041 ordine
973 976 1115 1061 procedit
1139 983 1206 1040 tota
1230 978 1380 1041 narratio.
1404 975 1554 1052 Etenim,
1580 996 1655 1041 cum
1678 977 1718 1038 sic

493 1155 499 1163 ,
531 1090 614 1151 11111
645 1083 890 1169 disputandum:
924 1086 1098 1168 „quoniam
1121 1103 1211 1147 arma
1234 1083 1457 1148 tantummodo
1480 1090 1514 1148 et
1535 1085 1627 1147 viros
1649 1087 1719 1160 (non
1761 1096 1762 1111 ¹

531 1193 714 1277 pecuniam)
733 1190 957 1254 ministrabant
975 1189 1105 1266 Batavi,
1126 1211 1189 1254 non
1201 1189 1451 1267 atterebant-ur'',
1468 1192 1630 1255 contrario
1642 1209 1720 1253 nnnc

533 1298 628 1363 modo
659 1300 869 1362 ratiocinatur
897 1300 1051 1382 scriptor:
1084 1299 1256 1382 „quoniam
1289 1318 1352 1361 non
1375 1299 1480 1361 attriti
1503 1304 1613 1373 erant,
1637 1316 1721 1361 arma

533 1403 758 1470 tantummodo
793 1413 825 1468 et
855 1405 941 1467 viros
961 1405 1106 1488 ¹imperio
1137 1403 1401 1481 ministrabant,'’
1434 1403 1518 1488 qnod
1550 1423 1652 1487 quam
1683 1405 1721 1467 sit

534 1511 709 1577 absurdum
740 1531 801 1574 non
832 1531 912 1595 opus
943 1517 991 1574 est
1015 1510 1241 1575 demonstrare.
1265 1509 1397 1575 Rectam
1421 1510 1614 1575 emendandi
1637 1513 1721 1576 viam

534 1617 672 1682 Vlietius
704 1623 810 1681 noster
833 1615 1083 1693 demonstravit,
1108 1615 1240 1681 delendo
1263 1617 1424 1694 Romarm
1450 1615 1503 1681 sed
1529 1619 1577 1680 sic
1600 1636 1722 1702 quoque

533 1724 617 1812 quod
648 1730 747 1789 restat
776 1725 862 1787 iusto
892 1723 1005 1788 durius
1036 1730 1101 1788 est:
1131 1724 1272 1787 societate
1303 1726 1390 1789 enim
1413 1722 1596 1800 ablativus,
1620 1745 1724 1787 camec

533 1851 614 1917 quae
636 1831 766 1907 dieitur,
791 1832 865 1907 erit,
890 1835 924 1894 at
947 1830 1050 1912 opibus
1075 1828 1236 1894 ablativus
1249 1831 1363 1912 partie.
1388 1829 1546 1916 Equidem
1568 1835 1602 1894 et
1622 1830 1725 1912 opibus

533 1945 566 2003 11
583 1936 728 2001 &marie
746 1957 764 2000 e
784 1938 930 2021 margine
949 1939 982 2000 in
1003 1943 1129 2000 textum
1148 1938 1311 2022 irrepsisse
1331 1957 1458 2014 censeo,
1478 1958 1495 2001 e
1514 1935 1643 2001 duabus
1655 1942 1725 2000 nata

534 2043 810 2110 annotationibus:
841 2041 880 2106 ad
913 2042 1095 2105 validiorem
1125 2042 1293 2127 adscripsit
1316 2041 1452 2127 aliquis:
1477 2042 1617 2120 „Rom”
1643 2043 1679 2121 ti.
1699 2062 1724 2106 1.

533 2151 777 2227 Romanorum),
801 2147 841 2211 ad
864 2148 982 2212 attriti:
1009 2149 1164 2234 „opibus”
1188 2153 1239 2225 (ut
1262 2148 1456 2234 significaret
1478 2148 1518 2213 ad
1541 2169 1613 2213 rem
1638 2148 1726 2213 fami·

532 2257 645 2322 liorem
668 2254 751 2319 illud
775 2254 906 2318 verbum
932 2257 1112 2339 pertinere).
1137 2254 1199 2319 Sed
1218 2262 1317 2320 restat
1336 2253 1457 2339 aliquid
1477 2254 1563 2339 quod
1583 2254 1724 2320 nondum

534 2386 553 2430 a
584 2382 744 2448 quoquam
774 2382 841 2426 esse
869 2361 1074 2426 observatum
1105 2364 1222 2426 miror:
1255 2368 1292 2425 ut
1317 2367 1405 2426 totus
1427 2383 1511 2426 nunc
1535 2360 1627 2426 locus
1651 2362 1725 2425 bene

534 2469 697 2545 decurrat,
723 2465 942 2533 emendatione
966 2488 1046 2551 opus
1070 2474 1136 2546 est,
1160 2488 1222 2552 qua
1241 2467 1342 2534 lenior
1360 2466 1465 2545 nulla,
1487 2470 1604 2532 eiiam
1623 2488 1725 2532 emen

534 2576 621 2641 datio
643 2574 706 2638 dici
729 2580 832 2659 potest
855 2593 938 2638 nova
962 2574 1133 2638 verborum
1156 2574 1336 2639 distinctio:
1361 2573 1443 2639 illud
1468 2576 1578 2651 ,viros
1598 2581 1724 2639 tantum

535 2702 686 2766 armaque
717 2682 852 2765 imperio
884 2680 1130 2744 ministrabant''
1164 2681 1197 2743 irs
1222 2681 1416 2762 parenthesi,
1447 2686 1484 2745 ut
1515 2678 1650 2757 dicitnr,
1682 2686 1726 2744 est

534 2785 768 2863 collocandum,
805 2791 842 2850 ut
876 2805 934 2849 sua
966 2786 1062 2850 verba
1092 2789 1160 2871 ipse
1191 2785 1353 2870 explicans
1383 2784 1554 2850 inducatur
1587 2784 1725 2851 Tacitus.

535 2893 614 2959 Vide
633 2913 730 2979 quam
752 2892 830 2957 bene
849 2912 932 2957 nunc
953 2894 1061 2956 omnia
1080 2892 1269 2957 cohaereant
1287 2898 1321 2956 et
1339 2912 1436 2978 quam
1457 2893 1522 2956 sint
1539 2894 1723 2977 perspicua:

537 3002 623 3080 „Nec
647 3002 796 3065 societate
820 2997 1015 3064 validiorum
1039 3002 1145 3064 attriti
1170 3037 1211 3047 —
1235 3003 1322 3064 viros
1346 3005 1473 3064 tantum
1496 3019 1653 3083 armaque
1671 3002 1725 3062 im·

535 3111 623 3194 perio
644 3106 869 3171 ministrabant
882 3142 935 3182 -—,
957 3105 1012 3169 diu
1032 3102 1233 3171 Germanicis
1252 3104 1348 3171 bellis
1368 3108 1516 3182 exerciti,
1536 3126 1615 3170 mox
1635 3113 1725 3169 aucta

535 3236 592 3301 per
614 3213 814 3278 Britanniam
838 3210 943 3298 gloria
967 3233 993 3275 e.
1007 3233 1036 3297 q.
1050 3212 1097 3276 s.”

581 3320 623 3385 H.
648 3318 700 3396 IV,
727 3317 779 3384 36.
812 3318 899 3383 Dum
923 3316 1061 3395 Vocula,
1085 3321 1141 3403 qui
1164 3318 1258 3383 modo
1283 3317 1397 3383 Vetera
1421 3317 1506 3382 haud
1530 3319 1724 3403 improspere

536 3434 644 3494 contra
668 3424 782 3492 (livilis
804 3428 964 3511 impetum
989 3424 1187 3502 defenderat,
1212 3445 1286 3490 cum
1310 3444 1429 3510 magna
1452 3431 1543 3509 parte
1562 3426 1723 3509 copiarum

536 3535 770 3599 frumentatum
794 3533 900 3597 abest:

583 3644 723 3718 „iterum
739 3639 763 3720 ¹)
787 3637 901 3706 Civilis
922 3638 1036 3704 Vetera
1055 3638 1270 3704 circumsedit.
1291 3636 1411 3702 Vocula
1430 3634 1614 3702 Geldubam
1633 3645 1724 3722 atque

537 3748 610 3813 inde
642 3747 837 3812 Novaesium
869 3747 1032 3810 concessit.
1065 3742 1180 3811 Civilis
1210 3747 1294 3830 capit
1325 3741 1523 3821 Geldubam
1548 3765 1626 3808 mox
1650 3744 1723 3809 haut

538 3854 646 3941 procul
672 3855 828 3919 Novaesio
853 3856 991 3936 equestri
1015 3852 1135 3938 proelio
1160 3872 1307 3937 prospere
1331 3850 1499 3916 certavit.”

584 3960 696 4025 Palam
721 3966 769 4024 111
792 3960 843 4023 hic
867 3962 940 4023 vitii
964 3957 1063 4025 latere
1086 3958 1208 4045 aliquid
1216 3981 1224 4038 ;
1250 3961 1369 4023 etenim
1393 3959 1542 4021 Romanos
1564 3978 1653 4034 esse,
1675 3957 1725 4041 qui

537 4067 589 4133 hic
607 4087 757 4152 prospere
777 4072 913 4130 certasse
932 4065 1092 4141 dicuntur,
1113 4064 1322 4130 manifestum
1342 4063 1379 4128 fit
1391 4066 1431 4128 iis
1443 4083 1523 4147 quae
1535 4071 1724 4148 sequuntur:

541 4173 615 4251 „sed
646 4172 738 4238 miles
769 4171 914 4237 secundis
939 4171 1142 4256 adversisque
1166 4171 1295 4256 perinde
1317 4173 1351 4235 in
1375 4172 1511 4235 exitium
1537 4169 1659 4234 ducum
1683 4188 1726 4233 ac

539 4279 762 4345 condebatur.'’
783 4277 893 4363 Neque
912 4276 1014 4342 ullam
1034 4298 1107 4363 prae
1128 4299 1160 4342 se
1180 4279 1286 4342 ferunt-
1298 4279 1366 4342 veri
1378 4278 1517 4361 speciem
1530 4279 1725 4340 coniecturae

540 4406 668 4457 eorum,
700 4387 755 4469 qui
787 4406 843 4468 pro
865 4406 1011 4466 prospere
1042 4390 1222 4468 proponunt
1252 4383 1445 4465 improspere,
1477 4380 1530 4446 vel
1562 4388 1635 4466 post
1666 4403 1725 4445 roe

541 4490 704 4570 „Vocula”
736 4497 792 4555 aut
821 4498 894 4555 ante
920 4512 1064 4572 prospere
1095 4492 1242 4554 inserunt
1266 4488 1483 4566 „Romanus”.
1508 4487 1636 4567 Quanto
1660 4510 1727 4575 pru·

575 4752 600 4813 l)
619 4752 721 4808 11111111,
738 4749 771 4797 111
789 4765 801 4796 1
819 4752 883 4797 certa
903 4747 1031 4812 Nipperdci
1051 4747 1215 4795 emendatione
1230 4746 1353 4809 legendnm
1369 4749 1403 4794 est
1418 4746 1581 4810 proieceris.
1601 4747 1655 4796 Ee.
1668 4747 1727 4796 enin

541 4833 573 4881 dd
592 4836 652 4880 extr.
670 4831 760 4894 liquido
777 4835 876 4895 apparet
892 4830 916 4877 in
935 4830 1069 4894 praesentia
1084 4829 1185 4877 Civilem
1198 4834 1330 4876 castrorum
1346 4829 1442 4877 illorum
1456 4828 1604 4878 obsidionem
1617 4830 1727 4878 omisisse
