<?xml version="1.0" encoding="UTF-8"?>
<!DOCTYPE html PUBLIC "-//W3C//DTD XHTML 1.0 Transitional//EN"
    "http://www.w3.org/TR/xhtml1/DTD/xhtml1-transitional.dtd">
<html xmlns="http://www.w3.org/1999/xhtml" xml:lang="en" lang="en">
 <head>
  <title>
</title>
<meta http-equiv="Content-Type" content="text/html;charset=utf-8" />
  <meta name='ocr-system' content='tesseract 3.04.00' />
  <meta name='ocr-capabilities' content='ocr_page ocr_carea ocr_par ocr_line ocrx_word'/>
</head>
<body>
  <div class='ocr_page' id='page_1' title='image "./mnemosyne07verdgoog_0463.png"; bbox 0 0 4525 5950; ppageno 0'>
   <div class='ocr_carea' id='block_1_1' title="bbox 912 665 1626 735">
    <p class='ocr_par' dir='ltr' id='par_1_1' title="bbox 912 665 1626 735">
     <span class='ocr_line' id='line_1_1' title="bbox 912 665 1626 735; baseline -0.006 0"><span class='ocrx_word' id='word_1_1' title='bbox 912 685 1153 735; x_wconf 78' lang='lat' dir='ltr'><strong>usuossmss.</strong></span> <span class='ocrx_word' id='word_1_2' title='bbox 1560 665 1626 732; x_wconf 83' lang='grc'><strong><em>443</em></strong></span> 
     </span>
    </p>
   </div>
   <div class='ocr_carea' id='block_1_2' title="bbox 435 847 1627 1565">
    <p class='ocr_par' dir='ltr' id='par_1_2' title="bbox 435 847 1627 1565">
     <span class='ocr_line' id='line_1_2' title="bbox 437 847 1626 938; baseline 0 -24"><span class='ocrx_word' id='word_1_3' title='bbox 437 847 523 914; x_wconf 83' lang='lat' dir='ltr'><strong>elius</strong></span> <span class='ocrx_word' id='word_1_4' title='bbox 547 854 708 935; x_wconf 87' lang='lat' dir='ltr'><strong>prseteres</strong></span> <span class='ocrx_word' id='word_1_5' title='bbox 730 871 825 928; x_wconf 85' lang='lat' dir='ltr'><strong>error,</strong></span> <span class='ocrx_word' id='word_1_6' title='bbox 850 851 934 938; x_wconf 89' lang='lat' dir='ltr'><strong>quod</strong></span> <span class='ocrx_word' id='word_1_7' title='bbox 957 856 1054 938; x_wconf 77' lang='lat' dir='ltr'><strong>neget</strong></span> <span class='ocrx_word' id='word_1_8' title='bbox 1076 871 1145 916; x_wconf 88' lang='lat' dir='ltr'><strong>esse</strong></span> <span class='ocrx_word' id='word_1_9' title='bbox 1167 850 1277 916; x_wconf 85' lang='lat' dir='ltr'><strong>sedem</strong></span> <span class='ocrx_word' id='word_1_10' title='bbox 1296 849 1486 922; x_wconf 71' lang='grc' dir='ltr'><strong><em>Ἀναιδείας·</em></strong></span> <span class='ocrx_word' id='word_1_11' title='bbox 1506 852 1626 916; x_wconf 78' lang='lat' dir='ltr'><strong>etenim</strong></span> 
     </span>
     <span class='ocr_line' id='line_1_3' title="bbox 435 955 1626 1038; baseline 0.001 -17"><span class='ocrx_word' id='word_1_12' title='bbox 435 955 476 1021; x_wconf 80' lang='lat' dir='ltr'><strong><em>cf.</em></strong></span> <span class='ocrx_word' id='word_1_13' title='bbox 509 955 605 1020; x_wconf 87' lang='lat' dir='ltr'><strong>Phot.</strong></span> <span class='ocrx_word' id='word_1_14' title='bbox 629 976 660 1021; x_wconf 86' lang='lat' dir='ltr'><strong><em>v.</em></strong></span> <span class='ocrx_word' id='word_1_15' title='bbox 686 958 761 1028; x_wconf 80' lang='grc' dir='ltr'><strong><em>Θεάς</em></strong></span> <span class='ocrx_word' id='word_1_16' title='bbox 785 961 802 1033; x_wconf 75' lang='grc' dir='ltr'><em>ἦ</em></span> <span class='ocrx_word' id='word_1_17' title='bbox 828 958 1003 1023; x_wconf 57' lang='grc' dir='ltr'><strong><em>’Λναίδειω</em></strong></span> <span class='ocrx_word' id='word_1_18' title='bbox 1030 958 1159 1034; x_wconf 73' lang='grc' dir='ltr'><strong><em>λέγεται</em></strong></span> <span class='ocrx_word' id='word_1_19' title='bbox 1185 958 1235 1021; x_wconf 72' lang='grc' dir='ltr'><strong><em>ἐπὶ</em></strong></span> <span class='ocrx_word' id='word_1_20' title='bbox 1260 958 1318 1024; x_wconf 78' lang='grc' dir='ltr'><strong><em>τῶν</em></strong></span> <span class='ocrx_word' id='word_1_21' title='bbox 1341 957 1378 1021; x_wconf 74' lang='grc' dir='ltr'><strong><em>δι’</em></strong></span> <span class='ocrx_word' id='word_1_22' title='bbox 1402 960 1626 1038; x_wconf 74' lang='grc' dir='ltr'><strong><em>ἀναισχυντίαν</em></strong></span> 
     </span>
     <span class='ocr_line' id='line_1_4' title="bbox 436 1061 1625 1142; baseline 0.002 -17"><span class='ocrx_word' id='word_1_23' title='bbox 436 1063 673 1139; x_wconf 73' lang='grc' dir='ltr'><strong><em>ὠφελουμένων·</em></strong></span> <span class='ocrx_word' id='word_1_24' title='bbox 704 1063 832 1140; x_wconf 71' lang='grc' dir='ltr'><strong><em>ἐτιμᾶτο</em></strong></span> <span class='ocrx_word' id='word_1_25' title='bbox 856 1063 887 1129; x_wconf 68' lang='lat' dir='ltr'><strong>di</strong></span> <span class='ocrx_word' id='word_1_26' title='bbox 911 1065 964 1130; x_wconf 81' lang='grc' dir='ltr'><strong><em>καί</em></strong></span> <span class='ocrx_word' id='word_1_27' title='bbox 990 1065 1148 1138; x_wconf 67' lang='lat' dir='ltr'><strong>&#39;Attienus</strong></span> <span class='ocrx_word' id='word_1_28' title='bbox 1173 1066 1190 1140; x_wconf 77' lang='grc' dir='ltr'><strong><em>εἰ</em></strong></span> <span class='ocrx_word' id='word_1_29' title='bbox 1216 1063 1391 1129; x_wconf 62' lang='grc' dir='ltr'><strong><em>’Λναίδειω</em></strong></span> <span class='ocrx_word' id='word_1_30' title='bbox 1417 1064 1469 1127; x_wconf 84' lang='grc' dir='ltr'><strong><em>καί</em></strong></span> <span class='ocrx_word' id='word_1_31' title='bbox 1493 1064 1568 1142; x_wconf 81' lang='grc' dir='ltr'><strong><em>ίεράν</em></strong></span> <span class='ocrx_word' id='word_1_32' title='bbox 1592 1061 1625 1136; x_wconf 70' lang='grc' dir='ltr'><strong><em>ἦν</em></strong></span> 
     </span>
     <span class='ocr_line' id='line_1_5' title="bbox 436 1168 1625 1252; baseline 0.002 -22"><span class='ocrx_word' id='word_1_33' title='bbox 436 1170 536 1240; x_wconf 78' lang='grc' dir='ltr'><strong><em>αὐτῆς</em></strong></span> <span class='ocrx_word' id='word_1_34' title='bbox 567 1170 605 1238; x_wconf 77' lang='grc' dir='ltr'><strong><em>ὥς</em></strong></span> <span class='ocrx_word' id='word_1_35' title='bbox 630 1171 729 1246; x_wconf 67' lang='lat' dir='ltr'><strong>&#39;lepos</strong></span> <span class='ocrx_word' id='word_1_36' title='bbox 754 1171 784 1233; x_wconf 91' lang='grc' dir='ltr'><strong><em>ε’ν</em></strong></span> <span class='ocrx_word' id='word_1_37' title='bbox 809 1168 858 1235; x_wconf 74' lang='grc' dir='ltr'><strong><em>ιδ’.</em></strong></span> <span class='ocrx_word' id='word_1_38' title='bbox 885 1170 976 1236; x_wconf 87' lang='lat' dir='ltr'><strong>Adde</strong></span> <span class='ocrx_word' id='word_1_39' title='bbox 1001 1168 1175 1236; x_wconf 86' lang='lat' dir='ltr'><strong>Zenobium</strong></span> <span class='ocrx_word' id='word_1_40' title='bbox 1200 1168 1283 1235; x_wconf 82' lang='lat'><strong>336:</strong></span> <span class='ocrx_word' id='word_1_41' title='bbox 1308 1170 1382 1252; x_wconf 78' lang='grc' dir='ltr'><strong><em>Θεὸς</em></strong></span> <span class='ocrx_word' id='word_1_42' title='bbox 1409 1172 1425 1244; x_wconf 74' lang='grc' dir='ltr'><strong><em>ἡ</em></strong></span> <span class='ocrx_word' id='word_1_43' title='bbox 1449 1169 1625 1234; x_wconf 76' lang='grc' dir='ltr'><strong><em>Ἀναίδεια·</em></strong></span> 
     </span>
     <span class='ocr_line' id='line_1_6' title="bbox 437 1271 1625 1357; baseline 0.003 -21"><span class='ocrx_word' id='word_1_44' title='bbox 437 1271 519 1347; x_wconf 72' lang='grc' dir='ltr'><strong><em>αὕτη</em></strong></span> <span class='ocrx_word' id='word_1_45' title='bbox 551 1275 702 1338; x_wconf 81' lang='grc' dir='ltr'><strong><em>τίτακται</em></strong></span> <span class='ocrx_word' id='word_1_46' title='bbox 734 1276 783 1339; x_wconf 77' lang='grc' dir='ltr'><strong><em>ἐπί</em></strong></span> <span class='ocrx_word' id='word_1_47' title='bbox 809 1282 867 1340; x_wconf 77' lang='grc' dir='ltr'><strong><em>τῶν</em></strong></span> <span class='ocrx_word' id='word_1_48' title='bbox 890 1275 928 1340; x_wconf 73' lang='grc' dir='ltr'><strong><em>δι’</em></strong></span> <span class='ocrx_word' id='word_1_49' title='bbox 951 1278 1178 1356; x_wconf 69' lang='grc' dir='ltr'><strong><em>ἀναισχυντίαν</em></strong></span> <span class='ocrx_word' id='word_1_50' title='bbox 1202 1278 1273 1341; x_wconf 86' lang='grc' dir='ltr'><strong><em>τινά</em></strong></span> <span class='ocrx_word' id='word_1_51' title='bbox 1297 1278 1524 1357; x_wconf 79' lang='grc' dir='ltr'><strong><em>ὠφελουμένων.</em></strong></span> <span class='ocrx_word' id='word_1_52' title='bbox 1549 1276 1625 1349; x_wconf 68' lang='lat' dir='ltr'><strong>desi</strong></span> 
     </span>
     <span class='ocr_line' id='line_1_7' title="bbox 438 1380 1627 1461; baseline 0.003 -18"><span class='ocrx_word' id='word_1_53' title='bbox 438 1381 618 1459; x_wconf 74' lang='grc' dir='ltr'><strong><em>ΘείΦραεος</em></strong></span> <span class='ocrx_word' id='word_1_54' title='bbox 651 1382 681 1446; x_wconf 83' lang='grc' dir='ltr'><strong><em>ἐν</em></strong></span> <span class='ocrx_word' id='word_1_55' title='bbox 712 1383 754 1461; x_wconf 78' lang='grc' dir='ltr'><strong><em>τῷ</em></strong></span> <span class='ocrx_word' id='word_1_56' title='bbox 785 1383 851 1461; x_wconf 76' lang='grc' dir='ltr'><strong><em>περὶ</em></strong></span> <span class='ocrx_word' id='word_1_57' title='bbox 885 1381 982 1459; x_wconf 82' lang='grc' dir='ltr'><strong><em>νόμων</em></strong></span> <span class='ocrx_word' id='word_1_58' title='bbox 1012 1381 1152 1460; x_wconf 70' lang='grc' dir='ltr'><strong><em>Ὕβρεως</em></strong></span> <span class='ocrx_word' id='word_1_59' title='bbox 1175 1383 1227 1446; x_wconf 81' lang='grc' dir='ltr'><strong><em>καί</em></strong></span> <span class='ocrx_word' id='word_1_60' title='bbox 1253 1380 1428 1453; x_wconf 72' lang='grc' dir='ltr'><strong><em>Ἀναιδείας</em></strong></span> <span class='ocrx_word' id='word_1_61' title='bbox 1452 1382 1538 1460; x_wconf 78' lang='grc' dir='ltr'><strong><em>παραὶ</em></strong></span> <span class='ocrx_word' id='word_1_62' title='bbox 1563 1390 1627 1453; x_wconf 77' lang='grc' dir='ltr'><strong><em>τοῖς</em></strong></span> 
     </span>
     <span class='ocr_line' id='line_1_8' title="bbox 436 1483 867 1565; baseline 0.007 -14"><span class='ocrx_word' id='word_1_63' title='bbox 436 1487 605 1561; x_wconf 75' lang='grc' dir='ltr'><strong><em>Ἀθηναίοις</em></strong></span> <span class='ocrx_word' id='word_1_64' title='bbox 632 1483 708 1552; x_wconf 77' lang='grc' dir='ltr'><strong><em>εἶναι</em></strong></span> <span class='ocrx_word' id='word_1_65' title='bbox 732 1487 867 1565; x_wconf 80' lang='grc' dir='ltr'><strong><em>βωμούς.</em></strong></span> 
     </span>
    </p>
   </div>
   <div class='ocr_carea' id='block_1_3' title="bbox 435 1705 1627 2112">
    <p class='ocr_par' dir='ltr' id='par_1_3' title="bbox 435 1705 1627 2112">
     <span class='ocr_line' id='line_1_9' title="bbox 484 1705 1626 1792; baseline -0.002 -22"><span class='ocrx_word' id='word_1_66' title='bbox 484 1705 566 1791; x_wconf 79' lang='lat'><strong><em>§42</em></strong></span> <span class='ocrx_word' id='word_1_67' title='bbox 597 1729 629 1792; x_wconf 89' lang='lat' dir='ltr'><strong><em>p.</em></strong></span> <span class='ocrx_word' id='word_1_68' title='bbox 655 1705 738 1773; x_wconf 78' lang='lat'><strong>782:</strong></span> <span class='ocrx_word' id='word_1_69' title='bbox 771 1714 876 1773; x_wconf 85' lang='grc' dir='ltr'><strong><em>ταῦτα</em></strong></span> <span class='ocrx_word' id='word_1_70' title='bbox 907 1709 963 1783; x_wconf 72' lang='grc' dir='ltr'><strong><em>μὲν</em></strong></span> <span class='ocrx_word' id='word_1_71' title='bbox 993 1705 1088 1778; x_wconf 75' lang='grc' dir='ltr'><strong><em>οὕτως</em></strong></span> <span class='ocrx_word' id='word_1_72' title='bbox 1117 1705 1200 1786; x_wconf 77' lang='grc' dir='ltr'><strong><em>ἔχειν</em></strong></span> <span class='ocrx_word' id='word_1_73' title='bbox 1224 1708 1451 1785; x_wconf 74' lang='grc' dir='ltr'><strong><em>ὃμολοχιίσετε,</em></strong></span> <span class='ocrx_word' id='word_1_74' title='bbox 1475 1708 1626 1788; x_wconf 72' lang='grc' dir='ltr'><strong><em>χρήσιμον</em></strong></span> 
     </span>
     <span class='ocr_line' id='line_1_10' title="bbox 436 1811 1627 1898; baseline 0 -21"><span class='ocrx_word' id='word_1_75' title='bbox 436 1813 462 1877; x_wconf 74' lang='grc' dir='ltr'><strong><em>δ’</em></strong></span> <span class='ocrx_word' id='word_1_76' title='bbox 488 1813 640 1893; x_wconf 84' lang='grc' dir='ltr'><strong><em>ἀνίρωπον</em></strong></span> <span class='ocrx_word' id='word_1_77' title='bbox 663 1824 701 1895; x_wconf 75' lang='grc' dir='ltr'><strong><em>τῇ</em></strong></span> <span class='ocrx_word' id='word_1_78' title='bbox 727 1813 814 1879; x_wconf 77' lang='grc' dir='ltr'><strong><em>πόλει</em></strong></span> <span class='ocrx_word' id='word_1_79' title='bbox 839 1816 999 1893; x_wconf 86' lang='grc' dir='ltr'><strong><em>κρίνειν.</em></strong></span> <span class='ocrx_word' id='word_1_80' title='bbox 1024 1812 1185 1898; x_wconf 75' lang='lat' dir='ltr'><strong>impedite</strong></span> <span class='ocrx_word' id='word_1_81' title='bbox 1207 1816 1324 1878; x_wconf 76' lang='lat' dir='ltr'><strong>oratio:</strong></span> <span class='ocrx_word' id='word_1_82' title='bbox 1348 1811 1440 1878; x_wconf 80' lang='lat' dir='ltr'><strong>fusile</strong></span> <span class='ocrx_word' id='word_1_83' title='bbox 1458 1811 1627 1878; x_wconf 77' lang='lat' dir='ltr'><strong>intellectu</strong></span> 
     </span>
     <span class='ocr_line' id='line_1_11' title="bbox 438 1917 1624 2006; baseline -0.003 -21"><span class='ocrx_word' id='word_1_84' title='bbox 438 1927 488 1986; x_wconf 87' lang='lat' dir='ltr'><strong><em>est</em></strong></span> <span class='ocrx_word' id='word_1_85' title='bbox 519 1929 706 2000; x_wconf 82' lang='grc' dir='ltr'><strong><em>κρινεῖτε.</em></strong></span> <span class='ocrx_word' id='word_1_86' title='bbox 737 1919 853 1986; x_wconf 80' lang='lat' dir='ltr'><strong>Itidem</strong></span> <span class='ocrx_word' id='word_1_87' title='bbox 883 1919 1055 2006; x_wconf 85' lang='lat' dir='ltr'><strong>Dionysod.</strong></span> <span class='ocrx_word' id='word_1_88' title='bbox 1080 1917 1154 2003; x_wconf 83' lang='lat'><strong><em>§48</em></strong></span> <span class='ocrx_word' id='word_1_89' title='bbox 1178 1939 1209 2004; x_wconf 88' lang='lat' dir='ltr'><strong><em>p.</em></strong></span> <span class='ocrx_word' id='word_1_90' title='bbox 1236 1917 1340 1985; x_wconf 80' lang='lat'>1297:</span> <span class='ocrx_word' id='word_1_91' title='bbox 1365 1923 1537 1998; x_wconf 76' lang='grc' dir='ltr'><strong><em>θεωροῦντες</em></strong></span> <span class='ocrx_word' id='word_1_92' title='bbox 1563 1926 1624 1992; x_wconf 80' lang='grc' dir='ltr'><strong><em>πῶς</em></strong></span> 
     </span>
     <span class='ocr_line' id='line_1_12' title="bbox 435 2024 1274 2112; baseline -0.001 -21"><span class='ocrx_word' id='word_1_93' title='bbox 435 2027 471 2091; x_wconf 75' lang='grc' dir='ltr'><strong><em>τί</em></strong></span> <span class='ocrx_word' id='word_1_94' title='bbox 495 2031 632 2106; x_wconf 71' lang='grc' dir='ltr'><strong><em>πρᾶγμα</em></strong></span> <span class='ocrx_word' id='word_1_95' title='bbox 657 2028 740 2091; x_wconf 78' lang='grc' dir='ltr'><strong><em>τουτί</em></strong></span> <span class='ocrx_word' id='word_1_96' title='bbox 766 2030 944 2106; x_wconf 84' lang='grc' dir='ltr'><strong><em>κρίνετε,</em></strong></span> <span class='ocrx_word' id='word_1_97' title='bbox 969 2024 1059 2112; x_wconf 79' lang='lat' dir='ltr'><strong>lege:</strong></span> <span class='ocrx_word' id='word_1_98' title='bbox 1085 2033 1274 2104; x_wconf 79' lang='grc' dir='ltr'><strong><em>κρινεῖτε.</em></strong></span> 
     </span>
    </p>
   </div>
   <div class='ocr_carea' id='block_1_4' title="bbox 434 2243 1626 2438">
    <p class='ocr_par' dir='ltr' id='par_1_4' title="bbox 434 2243 1626 2438">
     <span class='ocr_line' id='line_1_13' title="bbox 480 2243 1626 2333; baseline -0.002 -22"><span class='ocrx_word' id='word_1_99' title='bbox 480 2244 563 2331; x_wconf 78' lang='lat'><strong><em>§42</em></strong></span> <span class='ocrx_word' id='word_1_100' title='bbox 587 2269 618 2333; x_wconf 90' lang='lat' dir='ltr'><strong><em>p.</em></strong></span> <span class='ocrx_word' id='word_1_101' title='bbox 645 2244 728 2312; x_wconf 84' lang='lat'>783:</span> <span class='ocrx_word' id='word_1_102' title='bbox 761 2246 793 2311; x_wconf 92' lang='grc' dir='ltr'><strong><em>τί</em></strong></span> <span class='ocrx_word' id='word_1_103' title='bbox 817 2247 854 2324; x_wconf 74' lang='grc' dir='ltr'><strong><em>δ’,</em></strong></span> <span class='ocrx_word' id='word_1_104' title='bbox 884 2247 944 2325; x_wconf 81' lang='grc' dir='ltr'><strong><em>ἀφ’</em></strong></span> <span class='ocrx_word' id='word_1_105' title='bbox 976 2243 1010 2312; x_wconf 81' lang='grc' dir='ltr'><strong><em>οὗ</em></strong></span> <span class='ocrx_word' id='word_1_106' title='bbox 1042 2250 1092 2312; x_wconf 82' lang='grc' dir='ltr'><strong><em>νῦν</em></strong></span> <span class='ocrx_word' id='word_1_107' title='bbox 1116 2246 1270 2328; x_wconf 75' lang='grc' dir='ltr'><strong><em>(πάλιν)</em></strong></span> <span class='ocrx_word' id='word_1_108' title='bbox 1296 2246 1401 2324; x_wconf 69' lang='grc' dir='ltr'><strong><em>λέγει,</em></strong></span> <span class='ocrx_word' id='word_1_109' title='bbox 1425 2246 1549 2322; x_wconf 76' lang='grc' dir='ltr'><strong><em>βέλτιον</em></strong></span> <span class='ocrx_word' id='word_1_110' title='bbox 1573 2268 1626 2322; x_wconf 76' lang='grc' dir='ltr'><strong><em>γε·</em></strong></span> 
     </span>
     <span class='ocr_line' id='line_1_14' title="bbox 434 2351 955 2438; baseline 0 -20"><span class='ocrx_word' id='word_1_111' title='bbox 434 2353 542 2432; x_wconf 57' lang='lat' dir='ltr'><strong>rosim</strong></span> <span class='ocrx_word' id='word_1_112' title='bbox 567 2352 696 2418; x_wconf 77' lang='lat' dir='ltr'>Excidit</span> <span class='ocrx_word' id='word_1_113' title='bbox 720 2351 803 2438; x_wconf 90' lang='lat' dir='ltr'><strong>quod</strong></span> <span class='ocrx_word' id='word_1_114' title='bbox 825 2355 955 2419; x_wconf 85' lang='lat' dir='ltr'><strong>inserui.</strong></span> 
     </span>
    </p>
   </div>
   <div class='ocr_carea' id='block_1_5' title="bbox 436 2555 1625 2848">
    <p class='ocr_par' dir='ltr' id='par_1_5' title="bbox 436 2555 1625 2848">
     <span class='ocr_line' id='line_1_15' title="bbox 480 2555 1625 2643; baseline -0.003 -21"><span class='ocrx_word' id='word_1_115' title='bbox 480 2555 564 2642; x_wconf 78' lang='lat'><strong><em>§52</em></strong></span> <span class='ocrx_word' id='word_1_116' title='bbox 596 2579 626 2643; x_wconf 90' lang='lat' dir='ltr'><strong><em>p.</em></strong></span> <span class='ocrx_word' id='word_1_117' title='bbox 653 2555 735 2623; x_wconf 78' lang='lat'>786:</span> <span class='ocrx_word' id='word_1_118' title='bbox 767 2556 831 2621; x_wconf 72' lang='grc' dir='ltr'><strong><em>οὐδὲ</em></strong></span> <span class='ocrx_word' id='word_1_119' title='bbox 862 2563 1036 2640; x_wconf 72' lang='grc' dir='ltr'><strong><em>προσφοιτᾷ</em></strong></span> <span class='ocrx_word' id='word_1_120' title='bbox 1068 2557 1155 2639; x_wconf 83' lang='grc' dir='ltr'><strong><em>[πρά</em></strong></span> <span class='ocrx_word' id='word_1_121' title='bbox 1164 2580 1179 2628; x_wconf 91' lang='grc' dir='ltr'><strong><em>ς</em></strong></span> <span class='ocrx_word' id='word_1_122' title='bbox 1208 2560 1261 2639; x_wconf 94' lang='grc' dir='ltr'><strong><em>τι]</em></strong></span> <span class='ocrx_word' id='word_1_123' title='bbox 1292 2557 1406 2621; x_wconf 83' lang='grc' dir='ltr'><strong><em>τούτων</em></strong></span> <span class='ocrx_word' id='word_1_124' title='bbox 1436 2561 1493 2620; x_wconf 80' lang='grc' dir='ltr'><strong><em>τῶν</em></strong></span> <span class='ocrx_word' id='word_1_125' title='bbox 1526 2556 1556 2619; x_wconf 76' lang='grc' dir='ltr'><strong><em>ἐν</em></strong></span> <span class='ocrx_word' id='word_1_126' title='bbox 1586 2564 1625 2636; x_wconf 69' lang='grc' dir='ltr'><strong><em>τῇ</em></strong></span> 
     </span>
     <span class='ocr_line' id='line_1_16' title="bbox 436 2659 1625 2743; baseline -0.003 -15"><span class='ocrx_word' id='word_1_127' title='bbox 436 2664 526 2729; x_wconf 77' lang='grc' dir='ltr'><strong><em>πόλει</em></strong></span> <span class='ocrx_word' id='word_1_128' title='bbox 558 2664 694 2743; x_wconf 88' lang='grc' dir='ltr'><strong><em>κουρείων</em></strong></span> <span class='ocrx_word' id='word_1_129' title='bbox 723 2664 740 2738; x_wconf 78' lang='grc' dir='ltr'><em>ἢ</em></span> <span class='ocrx_word' id='word_1_130' title='bbox 765 2663 960 2743; x_wconf 78' lang='grc' dir='ltr'><strong><em>μυροπωλίων</em></strong></span> <span class='ocrx_word' id='word_1_131' title='bbox 986 2710 1084 2729; x_wconf 92' lang='lat'><strong>.....</strong></span> <span class='ocrx_word' id='word_1_132' title='bbox 1109 2663 1175 2727; x_wconf 73' lang='grc' dir='ltr'><strong><em>οὐδὲ</em></strong></span> <span class='ocrx_word' id='word_1_133' title='bbox 1200 2664 1271 2742; x_wconf 78' lang='grc' dir='ltr'><strong><em>πρὸς</em></strong></span> <span class='ocrx_word' id='word_1_134' title='bbox 1296 2659 1337 2727; x_wconf 80' lang='grc' dir='ltr'><strong><em>ἕν.</em></strong></span> <span class='ocrx_word' id='word_1_135' title='bbox 1362 2662 1451 2728; x_wconf 77' lang='lat' dir='ltr'><strong>Duae</strong></span> <span class='ocrx_word' id='word_1_136' title='bbox 1474 2660 1625 2739; x_wconf 77' lang='lat' dir='ltr'><strong>voculae,</strong></span> 
     </span>
     <span class='ocr_line' id='line_1_17' title="bbox 437 2768 813 2848; baseline 0 -13"><span class='ocrx_word' id='word_1_137' title='bbox 437 2773 485 2835; x_wconf 89' lang='lat' dir='ltr'><strong>uti</strong></span> <span class='ocrx_word' id='word_1_138' title='bbox 514 2768 618 2848; x_wconf 85' lang='lat' dir='ltr'><strong>vides,</strong></span> <span class='ocrx_word' id='word_1_139' title='bbox 641 2769 813 2835; x_wconf 81' lang='lat' dir='ltr'><strong>abundant.</strong></span> 
     </span>
    </p>
   </div>
   <div class='ocr_carea' id='block_1_6' title="bbox 432 2982 1627 4875">
    <p class='ocr_par' dir='ltr' id='par_1_6' title="bbox 432 2982 1627 4875">
     <span class='ocr_line' id='line_1_18' title="bbox 482 2982 1626 3070; baseline 0 -22"><span class='ocrx_word' id='word_1_140' title='bbox 482 2983 564 3069; x_wconf 78' lang='lat'><strong><em>§61</em></strong></span> <span class='ocrx_word' id='word_1_141' title='bbox 598 3006 628 3070; x_wconf 90' lang='lat' dir='ltr'><strong><em>p.</em></strong></span> <span class='ocrx_word' id='word_1_142' title='bbox 655 2982 738 3049; x_wconf 82' lang='lat'><strong>788:</strong></span> <span class='ocrx_word' id='word_1_143' title='bbox 770 2991 874 3059; x_wconf 75' lang='grc' dir='ltr'><strong><em>περιῆν</em></strong></span> <span class='ocrx_word' id='word_1_144' title='bbox 904 2985 999 3049; x_wconf 81' lang='grc' dir='ltr'><strong><em>αὑτοῦ</em></strong></span> <span class='ocrx_word' id='word_1_145' title='bbox 1030 2982 1290 3065; x_wconf 79' lang='grc' dir='ltr'><strong><em>τεταριχευμένου</em></strong></span> <span class='ocrx_word' id='word_1_146' title='bbox 1314 2983 1366 3047; x_wconf 74' lang='grc' dir='ltr'><strong><em>καί</em></strong></span> <span class='ocrx_word' id='word_1_147' title='bbox 1391 2983 1518 3048; x_wconf 84' lang='grc' dir='ltr'><strong><em>πολὺν</em></strong></span> <span class='ocrx_word' id='word_1_148' title='bbox 1541 2983 1626 3064; x_wconf 82' lang='grc' dir='ltr'><strong><em>χρά-</em></strong></span> 
     </span>
     <span class='ocr_line' id='line_1_19' title="bbox 435 3089 1627 3177; baseline 0.001 -22"><span class='ocrx_word' id='word_1_149' title='bbox 435 3117 498 3156; x_wconf 87' lang='grc' dir='ltr'><strong><em>νον</em></strong></span> <span class='ocrx_word' id='word_1_150' title='bbox 535 3090 866 3165; x_wconf 77' lang='grc' dir='ltr'><strong><em>ἐμπεπτωκότος.</em></strong></span> <span class='ocrx_word' id='word_1_151' title='bbox 904 3090 987 3171; x_wconf 80' lang='lat' dir='ltr'><strong>Quid</strong></span> <span class='ocrx_word' id='word_1_152' title='bbox 1018 3092 1070 3156; x_wconf 91' lang='lat' dir='ltr'><strong><em>hie</em></strong></span> <span class='ocrx_word' id='word_1_153' title='bbox 1100 3093 1279 3176; x_wconf 80' lang='lat' dir='ltr'><strong>requiram,</strong></span> <span class='ocrx_word' id='word_1_154' title='bbox 1310 3089 1474 3155; x_wconf 82' lang='lat' dir='ltr'><strong>ostendere</strong></span> <span class='ocrx_word' id='word_1_155' title='bbox 1508 3093 1627 3177; x_wconf 90' lang='lat' dir='ltr'><strong>poterit</strong></span> 
     </span>
     <span class='ocr_line' id='line_1_20' title="bbox 435 3194 1626 3282; baseline -0.004 -18"><span class='ocrx_word' id='word_1_156' title='bbox 435 3197 523 3264; x_wconf 81' lang='lat' dir='ltr'><strong>Plat.</strong></span> <span class='ocrx_word' id='word_1_157' title='bbox 547 3197 666 3262; x_wconf 81' lang='lat' dir='ltr'><strong>Phaed.</strong></span> <span class='ocrx_word' id='word_1_158' title='bbox 690 3218 720 3282; x_wconf 90' lang='lat' dir='ltr'><strong><em>p.</em></strong></span> <span class='ocrx_word' id='word_1_159' title='bbox 745 3196 790 3261; x_wconf 83' lang='lat'><strong><em>80</em></strong></span> <span class='ocrx_word' id='word_1_160' title='bbox 803 3194 838 3275; x_wconf 80' lang='lat' dir='ltr'><strong><em>C,</em></strong></span> <span class='ocrx_word' id='word_1_161' title='bbox 868 3197 924 3261; x_wconf 90' lang='lat' dir='ltr'><strong>ubi</strong></span> <span class='ocrx_word' id='word_1_162' title='bbox 947 3195 1087 3282; x_wconf 81' lang='lat' dir='ltr'><strong>legimus</strong></span> <span class='ocrx_word' id='word_1_163' title='bbox 1110 3196 1245 3262; x_wconf 78' lang='lat' dir='ltr'><strong>cadaver</strong></span> <span class='ocrx_word' id='word_1_164' title='bbox 1267 3198 1425 3272; x_wconf 84' lang='grc' dir='ltr'><strong><em>συμπεσὸν</em></strong></span> <span class='ocrx_word' id='word_1_165' title='bbox 1448 3197 1499 3264; x_wconf 78' lang='grc' dir='ltr'><strong><em>καί</em></strong></span> <span class='ocrx_word' id='word_1_166' title='bbox 1524 3220 1626 3274; x_wconf 84' lang='grc' dir='ltr'><strong><em>ταρι·</em></strong></span> 
     </span>
     <span class='ocr_line' id='line_1_21' title="bbox 435 3302 1624 3389; baseline -0.001 -20"><span class='ocrx_word' id='word_1_167' title='bbox 435 3305 557 3384; x_wconf 83' lang='grc' dir='ltr'><strong><em>χευίίν,</em></strong></span> <span class='ocrx_word' id='word_1_168' title='bbox 589 3306 685 3368; x_wconf 88' lang='lat' dir='ltr'><strong>sieuti</strong></span> <span class='ocrx_word' id='word_1_169' title='bbox 714 3303 799 3389; x_wconf 82' lang='lat' dir='ltr'><strong>apud</strong></span> <span class='ocrx_word' id='word_1_170' title='bbox 828 3304 1007 3389; x_wconf 80' lang='lat' dir='ltr'><strong>Aegyptios</strong></span> <span class='ocrx_word' id='word_1_171' title='bbox 1036 3324 1106 3368; x_wconf 91' lang='lat' dir='ltr'><strong>mos</strong></span> <span class='ocrx_word' id='word_1_172' title='bbox 1135 3311 1200 3380; x_wconf 89' lang='lat' dir='ltr'><strong>est,</strong></span> <span class='ocrx_word' id='word_1_173' title='bbox 1225 3302 1406 3367; x_wconf 78' lang='lat' dir='ltr'><strong>diutissime</strong></span> <span class='ocrx_word' id='word_1_174' title='bbox 1429 3323 1624 3387; x_wconf 81' lang='lat' dir='ltr'><strong>permanere.</strong></span> 
     </span>
     <span class='ocr_line' id='line_1_22' title="bbox 434 3408 1625 3495; baseline -0.002 -19"><span class='ocrx_word' id='word_1_175' title='bbox 434 3411 521 3491; x_wconf 84' lang='lat' dir='ltr'><strong>Quid</strong></span> <span class='ocrx_word' id='word_1_176' title='bbox 544 3415 733 3485; x_wconf 79' lang='grc' dir='ltr'><strong><em>συμπίπτειν</em></strong></span> <span class='ocrx_word' id='word_1_177' title='bbox 754 3412 814 3487; x_wconf 90' lang='lat' dir='ltr'><strong>sit,</strong></span> <span class='ocrx_word' id='word_1_178' title='bbox 838 3416 969 3474; x_wconf 89' lang='lat' dir='ltr'><strong>nonest</strong></span> <span class='ocrx_word' id='word_1_179' title='bbox 989 3410 1177 3487; x_wconf 77' lang='lat' dir='ltr'><strong>obscurum,</strong></span> <span class='ocrx_word' id='word_1_180' title='bbox 1199 3430 1273 3475; x_wconf 88' lang='lat' dir='ltr'><strong>eum</strong></span> <span class='ocrx_word' id='word_1_181' title='bbox 1292 3430 1349 3474; x_wconf 88' lang='lat' dir='ltr'><strong>uos</strong></span> <span class='ocrx_word' id='word_1_182' title='bbox 1367 3430 1496 3495; x_wconf 89' lang='lat' dir='ltr'><strong>prorsus</strong></span> <span class='ocrx_word' id='word_1_183' title='bbox 1515 3408 1625 3474; x_wconf 88' lang='lat' dir='ltr'><strong>eodem</strong></span> 
     </span>
     <span class='ocr_line' id='line_1_23' title="bbox 435 3515 1626 3601; baseline -0.003 -18"><span class='ocrx_word' id='word_1_184' title='bbox 435 3517 534 3583; x_wconf 90' lang='lat' dir='ltr'><strong>modo</strong></span> <span class='ocrx_word' id='word_1_185' title='bbox 565 3515 722 3581; x_wconf 79' lang='lat' dir='ltr'><strong>soleamus</strong></span> <span class='ocrx_word' id='word_1_186' title='bbox 746 3515 844 3601; x_wconf 90' lang='lat' dir='ltr'><strong>loqui.</strong></span> <span class='ocrx_word' id='word_1_187' title='bbox 875 3515 946 3580; x_wconf 88' lang='lat' dir='ltr'><strong>Uvs</strong></span> <span class='ocrx_word' id='word_1_188' title='bbox 969 3516 1105 3581; x_wconf 81' lang='lat' dir='ltr'><strong>arefecta</strong></span> <span class='ocrx_word' id='word_1_189' title='bbox 1128 3523 1377 3590; x_wconf 81' lang='grc' dir='ltr'><strong><em>συμπεπτωκυΐα</em></strong></span> <span class='ocrx_word' id='word_1_190' title='bbox 1401 3515 1527 3581; x_wconf 84' lang='lat' dir='ltr'><strong>dicitur.</strong></span> <span class='ocrx_word' id='word_1_191' title='bbox 1551 3515 1626 3580; x_wconf 77' lang='lat' dir='ltr'><strong>Eru-</strong></span> 
     </span>
     <span class='ocr_line' id='line_1_24' title="bbox 434 3620 1623 3708; baseline -0.003 -19"><span class='ocrx_word' id='word_1_192' title='bbox 434 3628 587 3689; x_wconf 84' lang='lat' dir='ltr'><strong>sistrstus</strong></span> <span class='ocrx_word' id='word_1_193' title='bbox 610 3622 695 3708; x_wconf 82' lang='lat' dir='ltr'><strong>apud</strong></span> <span class='ocrx_word' id='word_1_194' title='bbox 715 3620 860 3687; x_wconf 82' lang='lat' dir='ltr'><strong>Gellium</strong></span> <span class='ocrx_word' id='word_1_195' title='bbox 878 3622 971 3687; x_wconf 88' lang='lat' dir='ltr'><strong>Noet.</strong></span> <span class='ocrx_word' id='word_1_196' title='bbox 991 3624 1059 3687; x_wconf 85' lang='lat' dir='ltr'><strong><em>Att.</em></strong></span> <span class='ocrx_word' id='word_1_197' title='bbox 1082 3621 1167 3686; x_wconf 90' lang='lat' dir='ltr'><strong>XVI.</strong></span> <span class='ocrx_word' id='word_1_198' title='bbox 1189 3620 1227 3687; x_wconf 85' lang='lat'><strong><em>3:</em></strong></span> <span class='ocrx_word' id='word_1_199' title='bbox 1250 3620 1452 3702; x_wconf 75' lang='grc' dir='ltr'><strong><em>ἐλογιζόμεθα</em></strong></span> <span class='ocrx_word' id='word_1_200' title='bbox 1472 3620 1519 3687; x_wconf 84' lang='grc' dir='ltr'><strong><em>οὖν</em></strong></span> <span class='ocrx_word' id='word_1_201' title='bbox 1539 3622 1623 3701; x_wconf 85' lang='grc' dir='ltr'><strong><em>ταρά</em></strong></span> 
     </span>
     <span class='ocr_line' id='line_1_25' title="bbox 434 3724 1624 3811; baseline -0.001 -18"><span class='ocrx_word' id='word_1_202' title='bbox 434 3734 490 3804; x_wconf 77' lang='grc' dir='ltr'><strong><em>τίρν</em></strong></span> <span class='ocrx_word' id='word_1_203' title='bbox 525 3731 656 3811; x_wconf 85' lang='grc' dir='ltr'><strong><em>ίσχυράν</em></strong></span> <span class='ocrx_word' id='word_1_204' title='bbox 687 3733 867 3805; x_wconf 88' lang='grc' dir='ltr'><strong><em>σύμπτωσιν</em></strong></span> <span class='ocrx_word' id='word_1_205' title='bbox 901 3736 956 3801; x_wconf 75' lang='grc' dir='ltr'><strong><em>τῆς</em></strong></span> <span class='ocrx_word' id='word_1_206' title='bbox 988 3727 1105 3800; x_wconf 85' lang='grc' dir='ltr'><strong><em>κοιλίας</em></strong></span> <span class='ocrx_word' id='word_1_207' title='bbox 1138 3724 1213 3793; x_wconf 83' lang='grc' dir='ltr'><strong><em>είναι</em></strong></span> <span class='ocrx_word' id='word_1_208' title='bbox 1244 3729 1298 3802; x_wconf 66' lang='grc' dir='ltr'><strong><em>τὴν</em></strong></span> <span class='ocrx_word' id='word_1_209' title='bbox 1332 3727 1451 3808; x_wconf 75' lang='grc' dir='ltr'><strong><em>σφόδρα</em></strong></span> <span class='ocrx_word' id='word_1_210' title='bbox 1488 3730 1624 3806; x_wconf 85' lang='grc' dir='ltr'><strong><em>ἀσιτίαν,</em></strong></span> 
     </span>
     <span class='ocr_line' id='line_1_26' title="bbox 433 3830 1624 3922; baseline -0.003 -20"><span class='ocrx_word' id='word_1_211' title='bbox 433 3843 526 3915; x_wconf 85' lang='lat' dir='ltr'><strong>tum,</strong></span> <span class='ocrx_word' id='word_1_212' title='bbox 558 3838 666 3922; x_wconf 79' lang='lat' dir='ltr'><strong>paucis</strong></span> <span class='ocrx_word' id='word_1_213' title='bbox 696 3836 802 3901; x_wconf 85' lang='lat' dir='ltr'><strong>verbis</strong></span> <span class='ocrx_word' id='word_1_214' title='bbox 832 3837 1027 3901; x_wconf 78' lang='lat' dir='ltr'><strong>interiectis:</strong></span> <span class='ocrx_word' id='word_1_215' title='bbox 1058 3830 1133 3899; x_wconf 76' lang='grc' dir='ltr'><strong><em>ὅταν</em></strong></span> <span class='ocrx_word' id='word_1_216' title='bbox 1164 3834 1195 3899; x_wconf 72' lang='grc' dir='ltr'><strong><em>δὲ</em></strong></span> <span class='ocrx_word' id='word_1_217' title='bbox 1227 3833 1347 3913; x_wconf 71' lang='grc' dir='ltr'><strong><em>σφόδρα</em></strong></span> <span class='ocrx_word' id='word_1_218' title='bbox 1376 3844 1624 3910; x_wconf 79' lang='grc' dir='ltr'><strong><em>συμπεπτωκυία</em></strong></span> 
     </span>
     <span class='ocr_line' id='line_1_27' title="bbox 436 3939 1624 4026; baseline 0 -20"><span class='ocrx_word' id='word_1_219' title='bbox 436 3942 472 4026; x_wconf 68' lang='grc' dir='ltr'><strong><em>ᾖ,</em></strong></span> <span class='ocrx_word' id='word_1_220' title='bbox 499 3945 621 4020; x_wconf 84' lang='grc' dir='ltr'><strong><em>νίνισμα</em></strong></span> <span class='ocrx_word' id='word_1_221' title='bbox 643 3945 695 4007; x_wconf 83' lang='grc' dir='ltr'><strong><em>σύιι</em></strong></span> <span class='ocrx_word' id='word_1_222' title='bbox 720 3942 797 4021; x_wconf 80' lang='grc' dir='ltr'><strong><em>ἔχει.</em></strong></span> <span class='ocrx_word' id='word_1_223' title='bbox 823 3941 943 4020; x_wconf 78' lang='lat' dir='ltr'><strong>Eodem</strong></span> <span class='ocrx_word' id='word_1_224' title='bbox 967 3962 1061 4006; x_wconf 89' lang='lat' dir='ltr'><strong>seusu</strong></span> <span class='ocrx_word' id='word_1_225' title='bbox 1084 3943 1118 4005; x_wconf 88' lang='lat' dir='ltr'><strong>iu</strong></span> <span class='ocrx_word' id='word_1_226' title='bbox 1142 3939 1237 4007; x_wconf 80' lang='lat' dir='ltr'><strong>Saura</strong></span> <span class='ocrx_word' id='word_1_227' title='bbox 1259 3939 1424 4026; x_wconf 79' lang='lat' dir='ltr'><strong>Scriptura</strong></span> <span class='ocrx_word' id='word_1_228' title='bbox 1447 3939 1560 4007; x_wconf 83' lang='lat' dir='ltr'><strong>Genes.</strong></span> <span class='ocrx_word' id='word_1_229' title='bbox 1582 3941 1624 4007; x_wconf 90' lang='lat' dir='ltr'><strong><em>IV</em></strong></span> 
     </span>
     <span class='ocr_line' id='line_1_28' title="bbox 435 4045 1622 4128; baseline -0.002 -14"><span class='ocrx_word' id='word_1_230' title='bbox 435 4050 474 4114; x_wconf 79' lang='lat'><strong><em>6:</em></strong></span> <span class='ocrx_word' id='word_1_231' title='bbox 501 4048 549 4114; x_wconf 76' lang='grc' dir='ltr'><strong><em>ἵνα</em></strong></span> <span class='ocrx_word' id='word_1_232' title='bbox 574 4050 605 4113; x_wconf 90' lang='grc' dir='ltr'><strong><em>τί</em></strong></span> <span class='ocrx_word' id='word_1_233' title='bbox 628 4050 792 4125; x_wconf 86' lang='grc' dir='ltr'><strong><em>περίλυπος</em></strong></span> <span class='ocrx_word' id='word_1_234' title='bbox 818 4049 922 4125; x_wconf 76' lang='grc' dir='ltr'><strong><em>ἐγένου</em></strong></span> <span class='ocrx_word' id='word_1_235' title='bbox 948 4050 998 4111; x_wconf 75' lang='grc' dir='ltr'><strong><em>καὶ</em></strong></span> <span class='ocrx_word' id='word_1_236' title='bbox 1024 4045 1073 4111; x_wconf 74' lang='grc' dir='ltr'><strong><em>ἵνα</em></strong></span> <span class='ocrx_word' id='word_1_237' title='bbox 1097 4048 1129 4112; x_wconf 84' lang='grc' dir='ltr'><strong><em>τί</em></strong></span> <span class='ocrx_word' id='word_1_238' title='bbox 1153 4049 1299 4112; x_wconf 84' lang='grc' dir='ltr'><strong><em>συνέπεσε</em></strong></span> <span class='ocrx_word' id='word_1_239' title='bbox 1320 4052 1355 4113; x_wconf 73' lang='grc' dir='ltr'><strong><em>τί</em></strong></span> <span class='ocrx_word' id='word_1_240' title='bbox 1375 4048 1532 4124; x_wconf 83' lang='grc' dir='ltr'><strong><em>πράσωπόν</em></strong></span> <span class='ocrx_word' id='word_1_241' title='bbox 1552 4070 1622 4128; x_wconf 84' lang='grc' dir='ltr'><strong><em>σου;</em></strong></span> 
     </span>
     <span class='ocr_line' id='line_1_29' title="bbox 436 4152 1624 4241; baseline -0.003 -19"><span class='ocrx_word' id='word_1_242' title='bbox 436 4157 572 4222; x_wconf 72' lang='grc' dir='ltr'><strong><em>συνείσει]</em></strong></span> <span class='ocrx_word' id='word_1_243' title='bbox 596 4155 792 4221; x_wconf 84' lang='lat' dir='ltr'><strong>locutionem</strong></span> <span class='ocrx_word' id='word_1_244' title='bbox 816 4156 952 4240; x_wconf 87' lang='lat' dir='ltr'><strong>reperies</strong></span> <span class='ocrx_word' id='word_1_245' title='bbox 975 4154 990 4218; x_wconf 94' lang='grc' dir='ltr'><strong>Ι</strong></span> <span class='ocrx_word' id='word_1_246' title='bbox 1014 4154 1117 4241; x_wconf 81' lang='lat' dir='ltr'><strong>Regg.</strong></span> <span class='ocrx_word' id='word_1_247' title='bbox 1142 4152 1157 4217; x_wconf 93' lang='grc' dir='ltr'>Ι</span> <span class='ocrx_word' id='word_1_248' title='bbox 1183 4152 1234 4232; x_wconf 87' lang='grc'><strong><em>18,</em></strong></span> <span class='ocrx_word' id='word_1_249' title='bbox 1259 4154 1298 4218; x_wconf 85' lang='grc' dir='ltr'><strong><em>σί.</em></strong></span> <span class='ocrx_word' id='word_1_250' title='bbox 1323 4152 1337 4217; x_wconf 89' lang='grc' dir='ltr'>Ι</span> <span class='ocrx_word' id='word_1_251' title='bbox 1360 4153 1501 4219; x_wconf 81' lang='lat' dir='ltr'><strong>Mueesb.</strong></span> <span class='ocrx_word' id='word_1_252' title='bbox 1515 4153 1557 4218; x_wconf 90' lang='lat' dir='ltr'><strong><em>VI</em></strong></span> <span class='ocrx_word' id='word_1_253' title='bbox 1573 4153 1624 4219; x_wconf 91' lang='grc'><strong><em>16.</em></strong></span> 
     </span>
     <span class='ocr_line' id='line_1_30' title="bbox 439 4258 1624 4351; baseline -0.005 -21"><span class='ocrx_word' id='word_1_254' title='bbox 439 4265 633 4351; x_wconf 85' lang='lat' dir='ltr'><strong>Metspbors</strong></span> <span class='ocrx_word' id='word_1_255' title='bbox 663 4283 740 4326; x_wconf 92' lang='lat' dir='ltr'><strong>usus</strong></span> <span class='ocrx_word' id='word_1_256' title='bbox 768 4270 817 4327; x_wconf 88' lang='lat' dir='ltr'><strong><em>est</em></strong></span> <span class='ocrx_word' id='word_1_257' title='bbox 845 4260 1015 4347; x_wconf 80' lang='lat' dir='ltr'><strong>Euripides</strong></span> <span class='ocrx_word' id='word_1_258' title='bbox 1046 4263 1079 4325; x_wconf 92' lang='lat' dir='ltr'><strong>in</strong></span> <span class='ocrx_word' id='word_1_259' title='bbox 1112 4259 1245 4326; x_wconf 81' lang='lat' dir='ltr'><strong>Hecube</strong></span> <span class='ocrx_word' id='word_1_260' title='bbox 1275 4281 1323 4326; x_wconf 84' lang='lat' dir='ltr'><strong><em>vs.</em></strong></span> <span class='ocrx_word' id='word_1_261' title='bbox 1349 4259 1429 4324; x_wconf 83' lang='lat'>846:</span> <span class='ocrx_word' id='word_1_262' title='bbox 1462 4258 1555 4324; x_wconf 79' lang='grc' dir='ltr'><strong><em>δεινίν</em></strong></span> <span class='ocrx_word' id='word_1_263' title='bbox 1584 4285 1624 4335; x_wconf 73' lang='grc' dir='ltr'><strong><em>γε</em></strong></span> 
     </span>
     <span class='ocr_line' id='line_1_31' title="bbox 434 4364 1626 4451; baseline -0.005 -16"><span class='ocrx_word' id='word_1_264' title='bbox 434 4374 552 4445; x_wconf 77' lang='grc' dir='ltr'><strong><em>ίνντοῖς</em></strong></span> <span class='ocrx_word' id='word_1_265' title='bbox 572 4370 608 4438; x_wconf 77' lang='grc' dir='ltr'><strong><em>ὡς</em></strong></span> <span class='ocrx_word' id='word_1_266' title='bbox 630 4365 758 4432; x_wconf 76' lang='grc' dir='ltr'><strong><em>ἅπαντα</em></strong></span> <span class='ocrx_word' id='word_1_267' title='bbox 779 4368 963 4444; x_wconf 81' lang='grc' dir='ltr'><strong><em>συμπίτνει,</em></strong></span> <span class='ocrx_word' id='word_1_268' title='bbox 986 4367 1070 4451; x_wconf 92' lang='lat' dir='ltr'><strong>quod</strong></span> <span class='ocrx_word' id='word_1_269' title='bbox 1090 4364 1167 4451; x_wconf 92' lang='lat' dir='ltr'><strong>quid</strong></span> <span class='ocrx_word' id='word_1_270' title='bbox 1186 4369 1228 4430; x_wconf 92' lang='lat' dir='ltr'><strong><em>sit</em></strong></span> <span class='ocrx_word' id='word_1_271' title='bbox 1247 4368 1369 4450; x_wconf 89' lang='lat' dir='ltr'><strong>optime</strong></span> <span class='ocrx_word' id='word_1_272' title='bbox 1387 4371 1495 4450; x_wconf 82' lang='lat' dir='ltr'><strong>petere</strong></span> <span class='ocrx_word' id='word_1_273' title='bbox 1507 4367 1626 4450; x_wconf 87' lang='lat' dir='ltr'><strong>poterit</strong></span> 
     </span>
     <span class='ocr_line' id='line_1_32' title="bbox 439 4470 1622 4561; baseline -0.005 -19"><span class='ocrx_word' id='word_1_274' title='bbox 439 4499 481 4542; x_wconf 80' lang='lat' dir='ltr'><strong>ex</strong></span> <span class='ocrx_word' id='word_1_275' title='bbox 501 4474 586 4540; x_wconf 84' lang='lat' dir='ltr'><strong>Pist.</strong></span> <span class='ocrx_word' id='word_1_276' title='bbox 607 4472 709 4561; x_wconf 80' lang='lat' dir='ltr'><strong>Legg.</strong></span> <span class='ocrx_word' id='word_1_277' title='bbox 730 4473 790 4538; x_wconf 88' lang='lat' dir='ltr'><strong><em>Vll</em></strong></span> <span class='ocrx_word' id='word_1_278' title='bbox 805 4497 836 4560; x_wconf 90' lang='lat' dir='ltr'><strong><em>p.</em></strong></span> <span class='ocrx_word' id='word_1_279' title='bbox 858 4470 974 4539; x_wconf 82' lang='lat'><strong>7930:</strong></span> <span class='ocrx_word' id='word_1_280' title='bbox 996 4473 1142 4536; x_wconf 74' lang='grc' dir='ltr'><strong><em>τεκτόνων</em></strong></span> <span class='ocrx_word' id='word_1_281' title='bbox 1163 4473 1192 4534; x_wconf 80' lang='grc' dir='ltr'><strong><em>ἕν</em></strong></span> <span class='ocrx_word' id='word_1_282' title='bbox 1205 4471 1439 4546; x_wconf 73' lang='grc' dir='ltr'><strong><em>οἰκοδομήμασιν</em></strong></span> <span class='ocrx_word' id='word_1_283' title='bbox 1453 4473 1622 4550; x_wconf 80' lang='grc' dir='ltr'><strong><em>ἐρείσματα</em></strong></span> 
     </span>
     <span class='ocr_line' id='line_1_33' title="bbox 432 4577 1622 4657; baseline -0.005 -9"><span class='ocrx_word' id='word_1_284' title='bbox 432 4585 468 4648; x_wconf 79' lang='grc' dir='ltr'><strong><em>ἐκ</em></strong></span> <span class='ocrx_word' id='word_1_285' title='bbox 500 4581 596 4656; x_wconf 73' lang='grc' dir='ltr'><strong><em>μέσον</em></strong></span> <span class='ocrx_word' id='word_1_286' title='bbox 629 4580 806 4657; x_wconf 79' lang='grc' dir='ltr'><strong><em>ὑπορρέοντα</em></strong></span> <span class='ocrx_word' id='word_1_287' title='bbox 838 4581 1031 4651; x_wconf 88' lang='grc' dir='ltr'><strong><em>συμπίπτειν</em></strong></span> <span class='ocrx_word' id='word_1_288' title='bbox 1063 4580 1103 4646; x_wconf 87' lang='grc' dir='ltr'><strong><em>είς</em></strong></span> <span class='ocrx_word' id='word_1_289' title='bbox 1128 4578 1243 4642; x_wconf 80' lang='grc' dir='ltr'><strong><em>ταύτὸν</em></strong></span> <span class='ocrx_word' id='word_1_290' title='bbox 1269 4586 1351 4642; x_wconf 79' lang='grc' dir='ltr'><strong><em>ποιεῖ</em></strong></span> <span class='ocrx_word' id='word_1_291' title='bbox 1372 4580 1414 4641; x_wconf 86' lang='grc' dir='ltr'><strong><em>τά</em></strong></span> <span class='ocrx_word' id='word_1_292' title='bbox 1440 4577 1622 4654; x_wconf 77' lang='grc' dir='ltr'><strong><em>ξύμπαντα.</em></strong></span> 
     </span>
     <span class='ocr_line' id='line_1_34' title="bbox 438 4683 1622 4774; baseline -0.006 -20"><span class='ocrx_word' id='word_1_293' title='bbox 438 4688 537 4774; x_wconf 80' lang='lat' dir='ltr'><strong>Apud</strong></span> <span class='ocrx_word' id='word_1_294' title='bbox 555 4684 755 4751; x_wconf 84' lang='lat' dir='ltr'><strong>Herodotum</strong></span> <span class='ocrx_word' id='word_1_295' title='bbox 774 4684 822 4750; x_wconf 91' lang='lat' dir='ltr'><strong><em>III</em></strong></span> <span class='ocrx_word' id='word_1_296' title='bbox 842 4684 885 4749; x_wconf 82' lang='grc'><strong><em>52</em></strong></span> <span class='ocrx_word' id='word_1_297' title='bbox 904 4683 1062 4772; x_wconf 80' lang='lat' dir='ltr'><strong>legimus:</strong></span> <span class='ocrx_word' id='word_1_298' title='bbox 1081 4684 1148 4749; x_wconf 74' lang='grc' dir='ltr'><strong><em>ἰδών</em></strong></span> <span class='ocrx_word' id='word_1_299' title='bbox 1168 4709 1220 4758; x_wconf 87' lang='grc' dir='ltr'><strong><em>μιν</em></strong></span> <span class='ocrx_word' id='word_1_300' title='bbox 1241 4684 1254 4748; x_wconf 83' lang='grc' dir='ltr'>ὅ</span> <span class='ocrx_word' id='word_1_301' title='bbox 1271 4683 1449 4762; x_wconf 74' lang='grc' dir='ltr'><strong><em>Περίανδρος</em></strong></span> <span class='ocrx_word' id='word_1_302' title='bbox 1465 4685 1622 4763; x_wconf 77' lang='grc' dir='ltr'><strong><em>ἀλουσίρσι</em></strong></span> 
     </span>
     <span class='ocr_line' id='line_1_35' title="bbox 435 4789 1625 4875; baseline -0.004 -16"><span class='ocrx_word' id='word_1_303' title='bbox 435 4820 472 4859; x_wconf 88' lang='grc' dir='ltr'><strong><em>τε</em></strong></span> <span class='ocrx_word' id='word_1_304' title='bbox 507 4795 560 4857; x_wconf 75' lang='grc' dir='ltr'><strong><em>καί</em></strong></span> <span class='ocrx_word' id='word_1_305' title='bbox 585 4794 719 4871; x_wconf 65' lang='grc' dir='ltr'><strong><em>ἀσιτίῃσι</em></strong></span> <span class='ocrx_word' id='word_1_306' title='bbox 745 4789 998 4867; x_wconf 75' lang='grc' dir='ltr'><strong><em>συμπεπτωκότα</em></strong></span> <span class='ocrx_word' id='word_1_307' title='bbox 1022 4791 1140 4870; x_wconf 78' lang='grc' dir='ltr'><strong><em>οἴκτιρε.</em></strong></span> <span class='ocrx_word' id='word_1_308' title='bbox 1165 4789 1308 4875; x_wconf 90' lang='lat' dir='ltr'><strong>Denique</strong></span> <span class='ocrx_word' id='word_1_309' title='bbox 1331 4791 1528 4856; x_wconf 81' lang='lat' dir='ltr'><strong>conferemus</strong></span> <span class='ocrx_word' id='word_1_310' title='bbox 1550 4789 1625 4854; x_wconf 92' lang='lat' dir='ltr'><strong>Plu·</strong></span> 
     </span>
    </p>
   </div>
   <div class='ocr_carea' id='block_1_7' title="bbox 0 0 2268 5943">
    <p class='ocr_par' dir='ltr' id='par_1_7' title="bbox 0 0 2268 5943">
     <span class='ocr_line' id='line_1_36' title="bbox 0 0 2268 5943; baseline 0 0"><span class='ocrx_word' id='word_1_311' title='bbox 0 0 2268 5943; x_wconf 95' lang='lat' dir='ltr'><strong><em> </em></strong></span> 
     </span>
    </p>
   </div>
  </div>
 </body>
</html>
