4525 5950
821 735 864 784 en
888 733 1022 783 nincunr
1044 732 1242 783 anronrunnr.
1560 713 1625 780 359

434 923 517 990 quae
552 905 729 968 arctissime
759 904 842 966 inter
871 922 904 965 se
934 901 1121 977 cohaerent,
1154 898 1238 964 male
1269 896 1478 964 divelluntur.
1514 900 1627 985 Pergit

434 1014 526 1076 enim
550 1012 748 1075 Antoninus:
772 1010 834 1089 xri
859 1006 890 1071 δὲ
913 1010 956 1082 μὴ
980 1005 1069 1082 μόνον
1093 1006 1284 1082 ἐνθυμεῖσθαι
1311 1005 1403 1070 erest*

481 1117 556 1183 Non
573 1116 693 1182 infitias
711 1116 765 1181 ibo
785 1116 881 1180 verba
902 1135 920 1179 a
938 1112 1084 1179 Nanckio
1105 1112 1238 1178 conficta
1256 1114 1318 1191 „ni
1339 1114 1384 1188 rei
1404 1111 1555 1190 διαμένειν
1568 1112 1628 1183 τὰς

435 1224 551 1303 ψυχὰς
575 1223 719 1301 reme
744 1224 821 1287 satis
843 1227 928 1287 recte
951 1241 984 1285 se
1003 1220 1118 1285 habere
1139 1225 1172 1284 et
1191 1240 1209 1284 a
1227 1217 1338 1283 Marco
1357 1219 1453 1284 scribi
1472 1221 1626 1305 potuisse;

434 1341 546 1396 temen
564 1351 662 1416 aeque
680 1334 790 1414 aptam
808 1330 1004 1401 sententiam,
1019 1326 1170 1413 praebere
1190 1325 1342 1390 videntur
1361 1324 1457 1390 verba
1475 1325 1627 1412 vulgata:

437 1437 515 1514 »ἐφ’
547 1435 682 1500 ὑποθέσει
714 1439 767 1498 τοῦ
798 1434 857 1504 τὰς
890 1434 1004 1512 ψυχὰς
1032 1431 1218 1509 διαμένειν,”
1242 1452 1323 1517 quae
1346 1430 1488 1497 Gataker
1510 1433 1555 1496 sic
1578 1452 1630 1496 ex·

438 1545 549 1628 ponit:
575 1540 657 1618 „hoc
679 1539 867 1626 respondere
888 1538 1015 1617 licebit,
1040 1541 1068 1604 si
1086 1559 1144 1625 pro
1165 1559 1310 1604 concesso
1330 1543 1487 1615 sumatur,
1507 1539 1629 1603 animas

438 1648 625 1735 corporibus
657 1667 724 1712 esse
756 1646 976 1731 superstites.''
1009 1646 1119 1731 Aeque
1151 1649 1277 1732 aptam,
1302 1647 1366 1728 aio,
1390 1643 1541 1731 praebent
1564 1665 1630 1709 sen·

437 1758 575 1820 tentiam
582 1775 590 1833 ;
622 1756 724 1818 immo
754 1751 851 1839 longe
881 1749 1058 1817 meliorem.
1082 1750 1214 1817 Etenim
1237 1751 1385 1816 Marcum
1408 1751 1504 1816 verba
1527 1751 1630 1817 facere

437 1884 514 1928 cnm
545 1861 742 1937 adversario,
776 1862 832 1945 qui
860 1862 982 1925 animas
1011 1861 1110 1924 morti
1140 1878 1303 1944 superesse
1333 1865 1449 1945 negat,
1483 1858 1558 1925 inde
1589 1860 1629 1925 ab

435 1971 531 2033 initio
555 1970 670 2052 eapitis
688 1972 793 2052 patet,
812 1986 914 2053 neque
934 1986 1059 2030 necesse
1078 1971 1145 2030 erat
1164 1964 1197 2029 id
1214 1967 1249 2028 in
1269 1964 1330 2030 fine
1349 1968 1505 2050 expressis
1524 1966 1630 2031 verbis

436 2077 559 2140 iterum
584 2093 729 2150 monere,
753 2080 791 2137 nt
813 2072 850 2137 fit
871 2075 906 2137 in
929 2071 1067 2137 Nauckii
1087 2072 1279 2137 coniectura.
1303 2073 1347 2134 At
1366 2071 1462 2158 longe
1481 2071 1631 2138 subtilior

437 2183 613 2247 verborum
635 2178 769 2245 illorum
793 2200 905 2245 sensus
928 2184 986 2245 est.
1012 2177 1155 2264 Scriptor
1178 2181 1264 2244 enim
1287 2177 1425 2264 prudens
1448 2186 1480 2244 et
1500 2185 1629 2258 cautus,

438 2294 613 2373 postquam
633 2287 845 2352 obtectionem
865 2285 1039 2351 adversarii
1057 2283 1190 2362 refellit,
1206 2283 1358 2350 lectorem
1370 2305 1499 2352 monere
1510 2285 1630 2363 voluit,

440 2393 517 2460 licet
549 2394 686 2458 obiectio
717 2393 892 2459 adversarii
923 2392 1070 2477 expedita
1100 2390 1256 2469 videatur,
1280 2393 1415 2456 minime
1438 2397 1545 2458 temen
1569 2392 1631 2457 sibi

440 2503 505 2587 ipsi
543 2507 629 2565 certo
669 2502 787 2565 certine
824 2504 966 2565 constare
1008 2500 1131 2563 animas
1169 2518 1280 2562 revere
1318 2497 1517 2564 immortales
1552 2518 1629 2564 esee.

441 2607 571 2694 Optime
605 2607 683 2671 haec
718 2612 751 2672 et
784 2608 914 2671 omnino
946 2626 984 2671 ex
1016 2627 1104 2670 more
1134 2606 1306 2682 Antonini,
1337 2608 1392 2690 qui
1415 2626 1573 2692 nusquam
1596 2607 1631 2669 in

442 2712 690 2781 Commentariis
713 2714 931 2796 quaestionem
954 2711 1047 2777 illam
1072 2711 1110 2777 de
1132 2713 1201 2776 rita
1224 2711 1333 2776 futura
1352 2711 1490 2788 dirimit,
1512 2711 1632 2796 ubique

439 2823 599 2885 incertam
630 2817 784 2903 relinquit
814 2839 910 2905 seque
940 2818 1085 2883 dubitare
1115 2817 1291 2904 significat;
1323 2820 1431 2903 itaque
1455 2821 1631 2885 rectissime

440 2926 483 2993 ad
507 2926 592 2991 hunc
616 2924 723 2990 locum
748 2924 914 2991 adnotavit
937 2921 1095 2991 Gatalrer:
1122 2926 1197 3006 »ἐφ’
1222 2926 1358 2991 ὑποθέσει
1381 2925 1444 2992 art.
1468 2925 1550 2991 nihil
1571 2927 1632 2991 ita-

442 3054 505 3119 que
530 3035 610 3098 oerti
633 3032 685 3097 hic
708 3036 823 3098 statuit
846 3032 987 3098 Marcus.
1011 3031 1073 3098 Sed
1097 3038 1129 3097 et
1152 3033 1303 3119 ambigue
1326 3036 1445 3119 passim
1465 3032 1630 3120 loquitur’'

441 3147 586 3225 eusen-
933 3214 935 3219 ,

488 3244 579 3325 Quod
610 3249 719 3309 autem
750 3243 789 3309 de
820 3245 1096 3330 argumentatione
1125 3246 1306 3331 interrupta
1334 3253 1366 3311 et
1395 3245 1481 3311 male
1504 3246 1632 3312 divulsa

439 3353 587 3436 queritur
617 3350 740 3428 Nauck,
772 3371 811 3415 ne
833 3350 892 3415 hac
916 3350 1046 3435 quidem
1069 3353 1103 3415 in
1126 3373 1160 3416 re
1184 3353 1253 3416 viro
1278 3354 1463 3417 acutissimo
1486 3352 1631 3418 accedere

439 3479 583 3545 possum.
607 3457 753 3534 Etenim,
775 3456 878 3542 quoad
897 3457 1009 3536 vide0,
1029 3461 1098 3544 ipsa
1118 3461 1357 3545 argumentatio
1376 3461 1481 3544 priore
1504 3465 1631 3524 tantum

439 3558 555 3649 capitis
579 3569 668 3648 perte
691 3565 889 3641 continetur;
913 3584 993 3649 quae
1018 3570 1186 3650 postquam
1208 3563 1247 3629 ad
1272 3563 1368 3629 tinem
1391 3565 1543 3651 perducta
1566 3572 1633 3645 est,

439 3668 656 3735 conclusionis
686 3668 754 3735 loco
786 3677 991 3756 apponuntur
1016 3668 1091 3735 illa:
1117 3675 1227 3748 „rotro
1252 3668 1279 3733 δ’
1305 3669 1343 3733 ἄν
1366 3695 1412 3743 τις
1436 3674 1632 3748 ἀποκρίναντα

441 3775 531 3842 κτὲ.”
564 3775 665 3842 Verba
697 3782 823 3856 autem,
856 3797 937 3863 quae
967 3783 1038 3841 tum
1069 3776 1238 3861 subiungit
1267 3776 1414 3842 Marcus:
1446 3781 1507 3861 χρὴ
1532 3780 1563 3844 δὲ
1588 3780 1633 3855 μὴ

441 3883 533 3961 μόνον
569 3882 759 3957 ἐνθυμεῖσθαι
795 3883 830 3945 τὸ
866 3883 979 3955 πλῆθος
1015 3888 1073 3946 τῶν
1104 3884 1300 3958 θαπτομένων
1332 3884 1438 3949 οὑτωσὶ
1470 3885 1632 3963 σωμάτων,

443 4097 497 4162 καὶ
521 4099 579 4159 τῶν
604 4093 708 4159 ἄλλων
731 4095 820 4178 ζῴων.
845 4092 911 4168 ὅσος
935 4096 999 4176 γὰρ
1022 4097 1146 4175 ἀριθμὸς
1171 4098 1439 4161 καταναλίσκεται
1465 4098 1551 4162 ατὲ.”
1572 4120 1634 4163 uon

440 4209 511 4268 tam
530 4204 842 4289 argumentationem
860 4204 1077 4267 intermissam
1096 4204 1261 4288 excipiunt
1272 4208 1305 4267 et
1316 4211 1523 4288 promovent,
1537 4225 1634 4289 quem

440 4311 540 4375 verba
569 4310 736 4395 quaedam,
761 4312 899 4394 quaein
923 4311 1202 4396 argumentatione
1225 4316 1301 4374 sunt
1324 4309 1484 4388 adhibita,
1509 4312 1550 4374 roi
1575 4313 1633 4374 τῶν

440 4418 640 4489 θαπτομένων
669 4420 822 4493 σώματα,
846 4416 949 4482 fusius
973 4415 1157 4493 illustrant,
1180 4421 1300 4503 augent
1322 4420 1420 4482 etiam
1444 4424 1476 4482 et
1499 4416 1635 4503 ampliti-

439 4527 526 4598 cant,
558 4519 694 4607 denique
725 4527 891 4607 tamquam
923 4521 1095 4608 explicatio
1119 4521 1173 4587 vel
1197 4521 1400 4588 corollarium
1422 4525 1486 4611 ipsi
1509 4524 1635 4590 demon-

438 4629 592 4695 strationi
615 4629 856 4695 subnectuntur.

488 4733 603 4800 Finem
626 4735 740 4800 faciam
762 4738 797 4800 in
820 4734 1007 4822 attingendo
1036 4734 1123 4814 loco,
1149 4738 1204 4821 qui
1227 4734 1349 4820 legitur
1372 4734 1394 4800 l.
1419 4734 1472 4801 v1.
1498 4735 1559 4800 44:
1586 4736 1632 4813 „si

436 4844 497 4921 μὲν
518 4835 567 4906 οὖν
589 4840 814 4919 ἐβουλεύσαντο
836 4844 901 4922 περὶ
925 4843 1000 4920 ἐμοῦ
1021 4843 1073 4907 καὶ
1087 4849 1145 4907 τῶν
1157 4842 1222 4918 ἐμοὶ
1236 4842 1398 4918 συμβῆναι
1411 4844 1594 4922 ὀφειλόντων
1607 4842 1633 4908 or‘
