4525 5950
1074 709 1204 758 ERNROA.

530 896 676 962 quorum
708 875 791 941 alter
821 873 992 940 delendum
1024 877 1165 953 censuit,
1197 875 1249 940 hic
1278 880 1388 940 autem
1412 872 1526 959 aliquis
1548 846 1732 961 prop'osuit3
1761 842 1889 993 *482

531 983 618 1048 mihi
641 984 750 1069 potius
772 981 830 1045 istc
853 988 910 1046 aut
933 981 1006 1045 tulis
1029 980 1233 1046 scribendum
1258 980 1397 1046 videtur.
1702 1040 1709 1065 „
1733 974 1864 1097 linfa?

578 1202 678 1267 initio
700 1206 810 1267 contra
833 1203 996 1287 sequentis
1018 1201 1214 1287 paragraphi
1237 1221 1306 1266 voc.
1331 1200 1384 1263 isti
1407 1220 1522 1265 sanum
1545 1221 1609 1265 non
1631 1199 1730 1276 duco;

531 1308 619 1395 quod
643 1316 680 1374 ut
702 1307 841 1374 indicem
865 1314 953 1373 totus
976 1313 1143 1373 contextus
1166 1306 1382 1400 inspiciendus
1405 1313 1463 1372 est.
1488 1308 1619 1373 Horatii
1637 1310 1735 1373 versi·

531 1418 595 1482 bue
618 1417 798 1481 notissimis
820 1417 928 1480 citatis
951 1417 998 1479 iia
1021 1412 1139 1479 Seneca
1164 1417 1285 1501 pergit:
1309 1413 1452 1478 Homines
1472 1417 1531 1494 (sic
1550 1415 1734 1480 felicissime

531 1519 712 1587 Buecheler
734 1542 792 1606 pro
815 1525 925 1599 onnes)
949 1519 1025 1583 isti
1048 1519 1125 1583 tales
1148 1525 1233 1597 sunt,
1261 1519 1379 1604 qualem
1401 1520 1480 1583 inne
1504 1520 1646 1584 describit
1670 1521 1733 1585 Ho-

533 1627 634 1691 ratius
664 1627 806 1703 Functus,
839 1648 997 1711 nunquam
1028 1627 1167 1702 eundem,
1198 1648 1235 1688 nc
1265 1625 1390 1688 similem
1421 1625 1538 1711 quiden
1560 1626 1636 1691 sibi:
1661 1628 1734 1690 adeo

532 1733 568 1795 in
591 1733 741 1796 diuersum
763 1732 894 1796 aburat.
927 1732 1034 1795 nultos
1065 1730 1161 1794 dici?
1186 1744 1291 1813 prope¹
1306 1738 1366 1808 cst,
1391 1739 1425 1795 ut
1448 1753 1545 1794 omncs
1568 1731 1640 1795 sint.
1672 1730 1735 1796 Sed

533 1845 573 1904 ut
603 1844 712 1904 textus
743 1859 826 1903 nnnc
857 1859 891 1902 se
923 1837 1035 1914 habet,
1069 1856 1229 1921 nusquam
1252 1835 1372 1902 Seneca
1395 1857 1463 1902 voc.
1487 1838 1594 1900 nultos
1618 1839 1733 1914 utitur,

533 1943 621 2031 quod
656 1950 764 2009 temen
798 1946 963 2030 scriptoris
999 1942 1224 2029 neglegentiae
1259 1943 1396 2007 attribui
1427 1945 1482 2008 vix
1514 1948 1637 2029 potest;
1661 1943 1733 2008 ideo

534 2051 624 2115 multi
653 2050 761 2137 legere
791 2048 905 2116 malim
936 2071 994 2136 pro
1018 2050 1089 2128 isti,
1115 2048 1202 2134 quod
1226 2068 1421 2134 quamquam
1445 2070 1501 2135 per
1524 2069 1557 2113 se
1581 2070 1643 2114 non
1668 2070 1734 2114 mo

531 2157 653 2223 lestum
688 2163 796 2222 tomen
831 2159 900 2221 sine
934 2152 1002 2220 ullo
1036 2157 1213 2220 sententiae
1249 2154 1441 2220 detrimento
1476 2157 1585 2220 omitti
1615 2161 1731 2240 potest.

532 2262 680 2347 Denique
703 2261 795 2327 credo
818 2261 988 2327 lectionem
1011 2260 1141 2326 Horatii
1169 2282 1322 2327 versuum
1341 2260 1470 2346 qu'alem
1489 2261 1580 2326 nobis
1596 2260 1732 2327 Senecae

534 2369 658 2435 codices
679 2368 830 2433 exhibent
851 2367 1020 2436 meliorem
1039 2388 1107 2434 esse
1127 2388 1225 2453 quam
1245 2372 1294 2432 cst
1313 2387 1350 2433 ea
1368 2388 1449 2453 quae
1467 2370 1501 2433 in
1521 2372 1632 2454 poetae
1657 2389 1732 2433 mss.

535 2477 721 2540 invenitur:

946 2579 1041 2645 modo
1063 2600 1156 2666 reges
1178 2584 1275 2665 atque
1298 2581 1490 2658 tetrarchas,

629 2688 737 2752 omnia
759 2706 878 2773 magna
901 2684 1052 2771 loquens,
1076 2686 1172 2752 modo
1196 2688 1261 2762 „sit
1284 2685 1366 2749 mihi
1389 2706 1499 2751 mensa
1523 2688 1621 2771 tripes
1644 2691 1678 2751 et

629 2793 748 2858 concha
770 2791 848 2858 salis
870 2795 944 2879 puri
968 2798 1001 2857 et
1023 2799 1099 2879 toga
1122 2813 1203 2878 quae
1227 2791 1392 2858 defendere
1416 2792 1519 2881 frigus

631 2901 782 2986 quamvis
803 2918 908 2964 emesa
931 2898 1058 2984 queat''.

580 3005 635 3071 Sic
669 3005 721 3071 edi
756 3005 854 3085 solst;
893 3027 997 3071 noune
1033 3011 1141 3071 tamen
1171 3008 1329 3071 sententia
1361 3006 1525 3092 aliquanto
1555 3005 1733 3094 elegantior

531 3111 643 3179 eradit
674 3114 702 3176 si
726 3132 796 3177 voc.
822 3118 850 3176 et
872 3114 957 3178 inter
972 3112 1050 3195 puri
1073 3118 1106 3178 et
1131 3119 1200 3194 toga
1223 3110 1388 3177 delemus?
1411 3113 1495 3178 Nam
1517 3116 1626 3199 ipsum
1649 3111 1731 3177 illud

533 3217 714 3305 asyndeton
748 3238 881 3283 versum
914 3221 962 3283 ita
995 3221 1028 3282 in
1066 3218 1144 3283 duas
1175 3227 1281 3303 partes
1318 3218 1452 3296 dividit,
1489 3225 1527 3284 ut
1559 3222 1593 3283 in
1628 3221 1732 3305 priore

532 3324 573 3389 de
609 3322 818 3409 supellectilis
853 3333 949 3410 atque
980 3345 1092 3402 cenae,
1124 3327 1159 3387 in
1191 3322 1291 3389 altera
1322 3324 1360 3389 de
1392 3327 1490 3389 vestis
1526 3322 1733 3411 simplicitate

533 3450 642 3495 sermo
665 3428 730 3494 fiat.

581 3649 641 3734 Ep.
671 3647 744 3714 121.
776 3648 960 3736 Perlegenti
992 3649 1073 3713 hanc
1103 3647 1277 3734 epistulam
1308 3650 1448 3734 suspicio
1473 3648 1627 3733 quaedam
1650 3650 1734 3714 mihi

533 3761 610 3820 nata
641 3760 706 3832 est,
739 3775 837 3839 quam
868 3753 945 3819 licet
976 3753 1119 3818 multum
1151 3755 1235 3819 absit
1266 3760 1303 3818 ut
1333 3775 1393 3840 ego
1424 3757 1613 3819 certissimis
1638 3761 1733 3840 atque

532 3863 674 3938 invictis,
690 3862 893 3946 argumentis
916 3859 1059 3925 stabilire
1083 3862 1220 3945 possim,
1246 3866 1354 3924 tamen
1378 3863 1510 3927 relicere
1530 3861 1639 3939 nolui,
1660 3864 1735 3946 quia

531 3968 668 4032 fortasse
699 3987 735 4031 ea
765 3986 847 4052 quae
878 3986 896 4031 a
926 3987 978 4031 me
1001 3968 1035 4030 in
1059 3965 1204 4030 medium
1227 3967 1429 4051 proferentur
1452 3966 1532 4032 alios
1555 3967 1732 4032 monebunt

530 4072 573 4137 ad
598 4077 745 4137 accurate
766 4070 1002 4157 perpendendas
1022 4070 1242 4149 difficultates,
1264 4092 1344 4156 quae
1363 4073 1446 4137 mihi
1464 4075 1497 4136 in
1517 4073 1575 4137 hac
1592 4072 1731 4157 epistula

529 4182 636 4244 inesse
661 4177 821 4243 videntur.
845 4177 897 4243 sic
921 4185 1031 4243 autem
1055 4180 1185 4263 incipit:
1214 4178 1379 4260 minabis,
1400 4201 1450 4260 epo
1468 4179 1571 4256 uideo,
1591 4203 1654 4242 cun
1676 4179 1731 4242 tibi

534 4284 711 4348 hodiernum
734 4284 990 4368 quaestiunculam
1006 4282 1039 4361 ¹),
1065 4283 1097 4346 in
1121 4306 1181 4368 quc
1199 4284 1275 4347 solie
1299 4285 1353 4347 diu
1376 4286 1540 4362 bassinus,
1561 4307 1733 4367 exposuero·

531 4392 642 4454 iterum
667 4388 744 4452 enim
767 4390 963 4453 exclamabunt
990 4391 1064 4467 „boc
1086 4389 1162 4475 quid
1185 4392 1227 4453 ud
1248 4389 1388 4453 sucres?’'
1413 4392 1467 4453 aed
1489 4391 1639 4468 euclcnnu,
1664 4392 1732 4453 dnm

531 4495 591 4560 tibi
620 4494 749 4578 punem
786 4496 865 4560 clus
900 4518 1062 4579 opponunt,
1098 4519 1162 4559 mum
1193 4497 1299 4581 quibus
1331 4496 1449 4577 litiges,
1482 4497 1674 4561 Posidonium
1705 4503 1734 4560 et

531 4601 763 4667 Archidemum.-
787 4602 821 4665 tii
844 4601 990 4666 iudicium
1013 4602 1171 4685 accipient.

572 4834 597 4895 l)
614 4834 650 4882 Sc.
671 4847 716 4881 nan
733 4835 793 4881 essct
810 4829 921 4881 omnibns
936 4828 1080 4881 animalibus
1096 4829 1276 4880 constitutionis
1293 4845 1349 4880 suas
1366 4830 1463 4880 sensos'’
1481 4834 1502 4893 (ς
1513 4832 1545 4892 5).
