4525 5950
804 697 976 754 ΛΕΙΡΙΟΣ
994 727 1031 736 -
1048 699 1276 754 ΛΕΙΡΙΟΕΙΣ.
1573 688 1634 752 115

440 873 556 958 ltaque
573 876 687 957 florea,
711 894 850 956 quorum
874 871 990 936 candor
1013 875 1127 937 niveus
1153 881 1185 937 et
1206 872 1307 937 veluti
1328 872 1455 936 lucidus
1476 871 1586 955 procul
1607 874 1639 934 in

439 983 542 1067 pratis
577 979 630 1044 vel
664 982 748 1043 inter
781 979 909 1044 arbores
945 982 1149 1064 conspicitur,
1181 981 1386 1064 aptissimum
1418 978 1491 1042 hino
1523 998 1638 1042 nomen

437 1087 549 1170 adepti
578 1091 653 1150 sunt
684 1086 783 1160 λείριον
816 1085 887 1148 lilia
918 1086 962 1166 (h.
988 1084 1058 1152 Ger.
1084 1085 1150 1150 428
1174 1094 1206 1151 et
1230 1094 1365 1170 postea);
1396 1086 1477 1163 χοῶς
1502 1084 1636 1162 λειριίεις

438 1200 482 1272 (Ν
499 1192 579 1271 830)
603 1191 694 1255 audit
717 1191 849 1273 eorporis
867 1215 944 1273 pars
967 1213 1048 1276 quae
1072 1206 1162 1256 veste
1186 1198 1219 1256 et
1242 1194 1339 1255 armis
1360 1212 1378 1255 a
1398 1189 1472 1255 telis
1491 1191 1634 1254 hostium

436 1302 581 1384 ipsisque
613 1299 690 1362 solis
721 1299 819 1363 radiis
850 1298 931 1363 solet
960 1302 1104 1383 protegi,
1137 1320 1173 1363 ea
1205 1301 1309 1382 igitur
1340 1318 1411 1382 pars
1441 1295 1569 1372 μάλισθ’
1594 1295 1636 1360 ta

437 1406 553 1482 κοίριίν
587 1406 651 1468 ίοιι
683 1405 803 1470 vulnus
835 1403 982 1482 illatum;
1016 1405 1097 1468 oculi
1120 1415 1229 1470 autem
1254 1404 1331 1470 clari
1355 1413 1450 1489 atque
1474 1407 1638 1469 coruscia

439 1512 633 1598 Bacchylide
654 1511 764 1597 pulcre
785 1533 869 1576 nunc
889 1512 1040 1576 dicuntur
1060 1512 1172 1589 λείριοι.
1199 1510 1281 1575 Nam
1302 1512 1398 1576 verba
1419 1511 1504 1575 κοντοὶ
1524 1513 1640 1591 λειρίων

438 1622 468 1683 τ’
494 1620 645 1694 ίμμοίτων
677 1618 772 1691 δοίκου
800 1619 873 1697 χέον
897 1617 956 1682 hoc
981 1617 1106 1683 valent:
1131 1619 1184 1703 qai
1206 1618 1309 1681 actico
1330 1618 1459 1703 fulpore
1482 1619 1639 1699 splendere

438 1726 576 1789 solebant
599 1725 695 1801 οοκίί,
721 1724 822 1788 dolere
846 1725 905 1786 ιὀυν
930 1724 1120 1808 lacrimisque
1143 1725 1376 1808 offuscabantur.

486 1832 528 1896 nt
561 1853 662 1895 nonne
694 1830 849 1894 Ροιίοίίοίὶ
880 1851 996 1895 nomen
1029 1829 1129 1895 simul
1153 1833 1218 1894 iam
1243 1827 1445 1894 illustratur?
1470 1829 1528 1893 Est
1551 1831 1638 1894 enim

438 1937 520 2002 κάδοι
546 1939 653 2015 λείριος
678 1940 706 2001 is
730 1940 786 2022 qui
810 1937 967 2013 ποδοιρννίς
992 1940 1061 2001 sive
1085 1937 1235 2015 οίρνίιιους
1261 1939 1329 2001 sive
1354 1938 1520 2006 λευκόπους
1547 1956 1638 2000 voce·

440 2058 493 2107 tur
527 2042 623 2119 alibi,
648 2045 675 2107 is
699 2047 754 2129 qui
779 2053 818 2122 τῇ
844 2054 1037 2122 μαρμαρυγῇ
1062 2047 1130 2108 sive
1155 2045 1196 2124 τῷ
1220 2044 1432 2120 οέμοιριίρμοιτι
1457 2049 1514 2106 τῶν
1540 2042 1635 2105 ποδῶν

439 2149 550 2215 oculos
580 2148 665 2225 ferit,
691 2151 806 2231 peruia
837 2150 934 2214 frater
966 2150 1161 2214 Machaonia.
1187 2149 1324 2215 Rectene
1348 2156 1457 2214 autem
1481 2170 1520 2213 an
1545 2170 1634 2213 secus

437 2255 518 2320 Fick
543 2254 708 2330 (Bezzenb.
733 2254 831 2319 Beitr.
854 2254 962 2318 XXVI
982 2278 1012 2340 p.
1035 2254 1195 2339 313sqq.)
1219 2255 1258 2320 ad
1280 2255 1453 2336 Aesculapii
1472 2261 1634 2336 serpentem

437 2360 601 2427 rettulerit
627 2362 819 2439 Ποδαλείριον
842 2383 968 2438 nomen,
992 2363 1026 2425 id
1050 2383 1201 2446 quaerere
1225 2383 1309 2427 nunc
1332 2364 1457 2426 omitto.

485 2466 654 2533 Translata
674 2468 809 2553 denique
828 2471 956 2534 notione
977 2469 1039 2533 elai
1052 2476 1110 2534 τῶν
1123 2469 1275 2544 ὁρωμένων
1289 2469 1338 2532 lai
1351 2470 1394 2531 rei
1408 2468 1580 2542 ἀκουόμενα
1593 2506 1636 2516 -

440 2583 478 2639 ut
513 2581 598 2639 recte
631 2578 754 2661 priscus
785 2578 941 2660 interpres
966 2613 1007 2624 -
1032 2599 1088 2640 coa
1118 2575 1276 2640 altissima
1300 2583 1331 2639 et
1356 2578 1542 2639 tenuissima
1564 2575 1640 2638 ονόο-

441 2684 549 2745 dorum
575 2680 693 2745 dicitur
716 2683 885 2758 λειριδεοοοο
912 2686 980 2747 sive
1004 2683 1089 2746 clerc
1113 2683 1198 2767 apud
1222 2681 1401 2747 Homerum
1427 2682 1540 2746 [152.

486 2788 605 2873 Itaque
638 2787 744 2853 simile
775 2789 852 2874 quid
885 2789 971 2854 valet
1001 2790 1039 2854 de
1071 2791 1130 2854 hoc
1154 2789 1312 2853 adiectivo
1336 2797 1431 2874 atque
1457 2789 1494 2853 de
1517 2791 1637 2867 χλωρῷ.

442 2895 534 2975 Quod
565 2898 593 2959 ei
625 2895 748 2958 colerem
780 2898 983 2981 potissimum
1017 2896 1198 2983 significare
1225 2898 1403 2972 sumimus,
1427 2895 1638 2983 perridieulus

441 3006 503 3068 erit
539 3002 749 3089 Bacchylides
780 3001 921 3088 puellam
945 3005 1116 3068 formosam
1142 3005 1352 3083 χλωραύχενα
1379 3004 1485 3067 dicens
1510 3003 1536 3065 V
1562 3003 1637 3080 172,

443 3110 584 3189 „xima
616 3119 672 3173 not
696 3110 792 3195 being
822 3109 988 3195 generally
1021 3131 1039 3175 a
1070 3109 1336 3197 complimentary
1368 3110 1491 3195 epithet
1521 3110 1556 3174 os
1581 3110 1636 3175 the

444 3215 682 3300 complexion’'‚
704 3223 740 3279 ut
760 3219 882 3280 iocatur
894 3215 1040 3302 Kenyon.
1062 3215 1117 3280 Sin
1136 3217 1274 3280 dicimus
1285 3219 1409 3301 proprie
1423 3238 1459 3281 ea
1471 3216 1637 3301 designare

442 3343 526 3408 qnae
560 3330 636 3385 sunt
667 3330 780 3404 verpere,
804 3322 933 3406 florida,
965 3323 1040 3387 hinc
1064 3322 1102 3387 do
1125 3322 1228 3388 colore
1253 3344 1408 3387 novorum
1435 3321 1582 3387 soliorum
1608 3329 1640 3387 et

443 3430 618 3495 herbarum
641 3433 786 3515 usurpari
807 3437 955 3514 coeptum
979 3451 1056 3506 esse,
1080 3430 1163 3495 nihil
1182 3432 1311 3495 habebit
1330 3434 1431 3515 inepti
1458 3431 1496 3495 de
1516 3430 1640 3515 puellae

438 3535 522 3601 collo
547 3535 681 3599 dictum.

485 3642 550 3707 Sed
584 3663 690 3707 merae
722 3662 828 3728 nugae
859 3642 1004 3707 habenda
1034 3649 1139 3708 essent
1170 3665 1249 3728 quae
1280 3647 1409 3729 scripsi,
1434 3644 1561 3728 siquid
1587 3647 1640 3708 tri-

444 3747 610 3814 buendum
644 3757 726 3813 esset
758 3751 900 3833 opinioni
931 3770 1011 3835 quae
1042 3771 1160 3835 magna
1191 3750 1312 3815 Hehnii
1342 3754 1531 3816 auctoritate
1560 3750 1641 3815 fulta

439 3863 507 3932 est,
542 3876 656 3919 vocem
687 3856 794 3931 λείριον
819 3855 918 3919 liliam
943 3877 1015 3920 cum
1041 3858 1109 3940 ipso
1134 3855 1209 3920 flore
1232 3879 1270 3921 ex
1294 3859 1414 3921 oriente
1438 3857 1476 3922 ad
1502 3855 1639 3923 Graecos

437 3962 655 4045 demigrasse,
680 3982 696 4025 e
720 3963 842 4046 persica
865 3970 973 4025 aulem
999 3961 1112 4048 lingua
1136 3984 1203 4027 esse
1227 3964 1506 4047 interpretandam.
1532 3964 1635 4043 Quam

434 4068 584 4154 linguam
611 4070 764 4152 quoniam
788 4071 834 4132 ita
857 4066 956 4132 calleo
980 4069 1126 4153 equidem
1154 4076 1190 4132 ut
1210 4070 1441 4134 Pseudartabas
1461 4069 1527 4145 ille,
1549 4076 1633 4138 viros

438 4196 493 4239 me
527 4176 692 4259 peritiores
723 4173 804 4250 adii,
836 4194 854 4237 a
884 4175 999 4258 quibus
1022 4174 1127 4239 laetus
1151 4197 1225 4239 mox
1250 4175 1346 4240 didici
1370 4179 1437 4240 veri
1461 4178 1634 4243 dissimilli-

436 4302 527 4346 mam
562 4302 628 4345 esse
658 4279 750 4344 illam
783 4283 1048 4367 originationem,
1082 4285 1237 4366 persicam
1263 4286 1348 4347 enim
1374 4307 1482 4349 vocem
1509 4286 1591 4362 Iolci,
1617 4307 1636 4350 a

435 4392 531 4453 cuius
557 4389 659 4451 forma
683 4390 849 4471 primitiva
869 4408 1019 4469 graecum
1040 4391 1147 4462 λείριον
1169 4391 1255 4454 luere
1276 4394 1330 4474 qui
1351 4391 1512 4469 ducerent,
1534 4417 1633 4478 neque

431 4495 520 4579 quod
552 4494 591 4556 ad
623 4493 759 4557 sormam
792 4494 914 4559 adtinet
946 4499 974 4558 ei
1007 4498 1084 4559 satis
1116 4518 1185 4560 esse
1208 4503 1397 4581 cognatam,
1421 4520 1524 4584 neque
1549 4503 1632 4584 quod

430 4602 472 4667 ad
507 4598 794 4685 significationem,
824 4622 885 4665 non
910 4603 996 4665 enim
1021 4602 1120 4664 l'licm
1145 4603 1197 4667 sed
1223 4607 1353 4688 quosvis
1377 4605 1469 4670 flores
1494 4615 1634 4692 agrestes

428 4709 611 4791 designare.

459 4808 574 4878 vNihil
603 4815 706 4898 igitur
735 4813 818 4897 quod
853 4813 981 4878 videam
1005 4815 1110 4879 obstat
1132 4819 1304 4899 quominus
1328 4839 1401 4882 vere
1427 4817 1546 4883 Graeca
1571 4819 1626 4883 du-
