4525 5950
526 691 589 756 156
767 655 770 659 ⁸
1043 706 1196 755 0000000.

523 878 606 939 00001
638 871 831 949 Pseudolus,
864 870 1042 936 Ballionem
1075 879 1235 957 rogasset:
1270 869 1427 948 „Venitne
1457 872 1557 936 bomo
1582 869 1622 935 ad
1647 867 1718 935 te?”

523 977 640 1059 (1067)
662 977 759 1062 idque
781 976 884 1041 Ballio
908 980 1108 1062 negavisset,
1140 998 1204 1041 non
1229 982 1297 1041 erat
1320 998 1377 1041 eur
1400 983 1472 1061 post
1494 979 1720 1062 interpositam

523 1082 782 1167 stipulationem,
811 1081 1044 1158 1068-1078,
1070 1103 1164 1146 senex
1188 1081 1275 1145 idem
1300 1080 1372 1146 aliis
1396 1082 1503 1146 serbis
1527 1085 1652 1146 iterum
1678 1104 1721 1145 00

523 1195 631 1275 garet:
667 1187 741 1264 „sed
773 1190 972 1251 convenietin
1004 1185 1225 1265 hominem?’',
1257 1193 1315 1252 aut
1344 1208 1402 1251 cur
1425 1192 1502 1252 1000
1527 1186 1634 1252 Ballio
1660 1208 1720 1250 000

523 1297 642 1358 iterum
674 1294 735 1357 boc
766 1301 914 1378 negaret,
942 1293 996 1357 sed
1022 1296 1112 1377 quasi
1137 1297 1324 1378 pariorum
1348 1296 1537 1358 memoriam
1563 1300 1722 1377 repeteret

524 1399 678 1484 colloquii
708 1398 785 1463 olim
819 1399 920 1463 habiti
951 1401 984 1462 10
1016 1398 1030 1461 l
1056 1398 1075 1462 3
1103 1421 1179 1463 cum
1203 1397 1350 1465 Calidoro
1375 1406 1407 1464 et
1432 1398 1610 1480 Pseud010,
1637 1397 1721 1483 quod

524 1504 562 1569 ad
595 1525 662 1568 rem
694 1524 777 1568 nunc
805 1503 887 1567 nihil
911 1505 1090 1588 pertinebat
1113 1526 1148 1569 ac
1173 1511 1335 1590 praeterea
1358 1504 1483 1569 Simoni
1505 1507 1572 1568 iam
1596 1506 1633 1567 in
1657 1504 1722 1568 foro

524 1608 617 1690 (895)
647 1610 855 1694 probabiliter
885 1617 952 1673 erat
983 1610 1150 1674 traditum.
1183 1610 1276 1675 Ratio
1307 1608 1452 1695 postulat
1474 1617 1511 1674 ut
1535 1608 1627 1674 Simo
1653 1616 1721 1693 post

524 1737 570 1779 rs.
607 1711 693 1780 1078
727 1736 801 1779 cum
833 1721 977 1799 respectu
1010 1715 1101 1779 illius
1133 1715 1217 1799 quod
1247 1715 1320 1780 1000
1352 1716 1434 1779 dixit
1467 1712 1554 1780 1067
1581 1713 1652 1789 „nil
1676 1719 1721 1778 001

524 1822 608 1906 quod
629 1821 785 1897 metuas”,
810 1822 854 1884 sic
878 1827 991 1904 pergat
1016 1821 1141 1897 „<sed>
1166 1820 1242 1905 quid
1267 1821 1424 1906 estquod
1448 1839 1508 1884 nou
1534 1826 1683 1884 metuam
1698 1818 1720 1896 ¹)

524 1928 563 1991 ab
587 1923 644 1990 001
668 1924 704 1988 Id
728 1924 837 1988 audire
861 1925 995 2009 expeto’'
1020 1923 1147 2004 (1087).

570 2031 681 2096 Denuo
712 2037 818 2095 tamen
850 2030 929 2094 hanc
960 2031 1238 2116 interpolationem
1270 2035 1332 2117 ipsi
1363 2030 1481 2096 Plauto
1513 2030 1718 2095 tribuendam

524 2159 591 2204 esse
614 2157 743 2213 censeo,
768 2139 824 2220 qui
848 2137 879 2199 h.
893 2134 916 2198 l.
941 2137 1178 2221 exspatiabatur
1201 2137 1312 2201 eadem
1335 2139 1456 2202 ratione
1480 2136 1659 2221 eademque
1682 2135 1719 2199 de

524 2265 618 2309 causa
637 2252 674 2307 ut
693 2263 789 2327 supra
808 2245 840 2305 10
861 2241 876 2306 l
896 2241 916 2305 4
937 2250 969 2306 et
989 2241 1008 2306 5
1028 2242 1226 2328 indulsitque
1245 2246 1322 2308 iocis
1341 2241 1468 2307 levibus
1487 2249 1520 2307 et
1540 2262 1718 2326 00000000

523 2352 657 2434 ineptis,
690 2370 769 2432 quos
800 2354 989 2412 retractator
1020 2348 1136 2432 aliquis
1168 2347 1220 2413 vel
1250 2349 1364 2412 histrio
1391 2350 1499 2411 minus
1520 2350 1601 2411 scite
1625 2349 1718 2410 inter·

524 2457 682 2539 posuisset
696 2451 732 2533 2).
766 2452 919 2516 Eiusdem
941 2456 1068 2539 generis
1092 2456 1337 2518 001100011010
1362 2452 1541 2519 745-754
1566 2473 1717 2536 superva-

524 2581 619 2625 00000
643 2566 714 2644 0001
739 2556 928 2635 737-747,
952 2559 1005 2623 sed
1030 2559 1228 2624 0001101000
1249 2581 1323 2624 cum
1344 2558 1542 2644 Kiesslingio
1561 2578 1580 2622 a
1599 2557 1716 2623 Plauto

524 2665 742 2730 abiudicanda.

570 2873 742 2943 Conclusio
774 2878 877 2961 igitur
899 2876 962 2940 huc
986 2875 1077 2940 redit.
1102 2877 1342 2961 Argumentum
1367 2876 1518 2942 Pseudoli
1543 2883 1592 2942 001
1617 2899 1715 2942 unum

524 2992 556 3050 01
590 2983 728 3067 simplex
762 3003 819 3047 nec
853 2986 973 3047 iustam
1008 2983 1152 3048 admittit
1182 2986 1461 3048 contaminationis
1491 2987 1712 3069 suspicionem.

523 3088 734 3154 Oeconomiae
755 3092 851 3166 vitia,
873 3090 989 3174 quibus
1008 3088 1131 3153 laborat
1151 3091 1184 3152 in
1197 3097 1270 3154 actu
1283 3092 1403 3174 primo,
1417 3090 1573 3155 debentur
1585 3090 1713 3165 Plauto,

523 3199 580 3281 qui
603 3194 811 3280 interpolavit
834 3198 927 3259 certis
952 3196 989 3259 de
1015 3199 1118 3259 causis
1143 3195 1309 3279 epistolam
1335 3199 1369 3260 in
1393 3217 1485 3261 00000
1511 3196 1541 3273 1,
1566 3194 1712 3261 Pseudoli

523 3309 628 3388 partes
659 3305 694 3365 in
723 3304 823 3365 scenis
847 3300 867 3364 4
893 3300 978 3365 015.
1004 3301 1180 3385 Multiplex
1204 3301 1343 3366 Simonis
1367 3301 1488 3367 indoles
1511 3305 1645 3389 egregie
1667 3302 1711 3365 de

523 3407 662 3472 claratur
682 3414 714 3471 et
732 3414 879 3471 servatur
899 3429 955 3491 per
976 3414 1075 3472 totam
1096 3406 1257 3484 fabulam,
1280 3429 1335 3473 noc
1354 3410 1478 3472 minore
1490 3416 1558 3474 arte
1570 3412 1712 3494 pingitur

523 3512 671 3577 Pseudoli
702 3515 868 3597 ingenium
899 3512 1074 3577 calliditate
1105 3513 1235 3597 quidem
1265 3521 1445 3598 praestans,
1469 3512 1525 3578 sed
1546 3497 1713 3606 praetl'or·

523 3628 619 3683 tunae
651 3625 824 3702 potestate,
857 3626 894 3682 ut
927 3618 980 3695 fit,
1005 3619 1100 3683 hebes
1124 3625 1157 3682 01
1179 3619 1369 3684 invalidum.
1394 3618 1529 3705 Reliqua
1554 3622 1637 3685 vitia
1659 3620 1712 3683 mi·

522 3728 702 3789 000100001
722 3728 889 3788 momenti.
913 3724 1127 3808 Exemplum,
1148 3725 1232 3809 quod
1253 3724 1388 3790 Plautus
1407 3727 1639 3810 interpretatus
1653 3732 1711 3801 est,

522 3833 655 3914 optimis
667 3832 790 3914 graecis
803 3829 1045 3894 adscribendum
1059 3838 1107 3894 001
1119 3829 1319 3916 dignumque
1331 3831 1510 3896 babendum
1523 3829 1712 3904 Menandro,

525 3938 616 3998 00100
640 3937 811 3999 0001001100
836 3941 943 3999 temen
968 3956 1030 3998 000
1053 3942 1187 4000 0000101.

560 4194 585 4255 l)
602 4192 641 4240 Sic
658 4207 701 4256 pro
719 4194 836 4240 metuar
854 4196 917 4240 reete
931 4192 1059 4240 ediderunt
1077 4192 1167 4250 Bothe,
1186 4193 1289 4251 loreas,
1306 4193 1362 4241 Iao.

557 4274 586 4337 2)
604 4272 640 4321 De
658 4289 700 4321 000
719 4274 781 4321 vocis
799 4274 922 4322 theatri
940 4274 995 4321 vide
1013 4272 1110 4321 Biermu
1128 4290 1151 4337 p.
1171 4276 1209 4322 18.
