4525 5950
539 672 606 740 336
898 691 939 736 oa
961 691 1077 737 harma
1100 692 1206 738 auran
1228 691 1370 738 Arauros

537 861 571 922 in
609 863 700 942 poste
738 854 941 921 meridionali
980 862 1099 940 portae.
1143 855 1236 921 Hanc
1269 860 1548 923 enumerationem
1583 879 1643 924 nso
1679 881 1740 924 non

537 969 661 1049 partem
692 964 844 1047 exiguam
875 963 1093 1046 inscriptionis
1123 965 1224 1046 partis
1250 962 1417 1040 adversae,
1442 984 1525 1048 quae
1550 964 1740 1030 detruncato

536 1069 619 1134 forte
650 1068 779 1133 fortuna
808 1065 914 1152 lapide
945 1069 1050 1132 ricino
1072 1069 1106 1131 in
1130 1070 1252 1152 pariete
1276 1067 1390 1154 templi
1413 1066 1481 1156 legi
1503 1076 1653 1154 poterat,
1679 1071 1741 1135 Eu·

538 1174 706 1240 stratiades
729 1196 760 1239 v.
781 1173 811 1238 d.
836 1173 938 1238 edidit
952 1170 987 1253 ¹).
1023 1172 1108 1239 (lum
1131 1195 1241 1239 meuse
1265 1173 1437 1241 Februario
1460 1178 1539 1240 anni
1563 1180 1740 1262 superioris

535 1279 618 1364 lapis
648 1300 665 1344 e
697 1300 791 1344 muro
821 1277 947 1343 solutus
978 1281 1079 1343 totins
1108 1282 1329 1365 inscriptionis
1359 1288 1526 1366 aspectum
1552 1284 1740 1366 praeberet,

537 1388 658 1451 occasio
680 1385 754 1450 data
777 1391 827 1450 est
849 1406 925 1449 cum
942 1382 1052 1449 lateris
1071 1385 1236 1471 hueusque
1255 1386 1372 1451 occulti
1390 1385 1520 1473 legendi
1542 1395 1618 1452 tum
1641 1391 1741 1473 partis

537 1494 603 1556 iam
623 1490 727 1556 editae
745 1489 967 1576 corrigendam
991 1511 1066 1555 nam
1085 1512 1148 1555 non
1167 1499 1216 1557 est
1227 1491 1480 1558 obliviscendum
1493 1493 1741 1560 Eustratiadem

537 1600 571 1662 in
594 1597 733 1662 editione
756 1596 899 1660 facienda
923 1599 1050 1661 nonnisi
1073 1618 1236 1684 gypseum
1260 1607 1415 1685 ectypum
1439 1598 1641 1665 adhibuisse.

584 1701 735 1769 Continet
763 1707 873 1768 autem
903 1704 1070 1787 inscriptio
1094 1703 1298 1769 traditionem
1323 1712 1531 1789 quaestorum
1558 1706 1741 1771 Minervae.

537 1808 666 1874 Titulus
696 1811 802 1893 periit.
839 1806 1014 1894 catalogus
1044 1811 1113 1894 ipsa
1144 1809 1269 1874 divisus
1292 1817 1341 1875 est
1363 1813 1398 1874 in
1421 1808 1593 1875 columnas
1620 1820 1690 1876 tres
1712 1822 1742 1877 et

537 1918 623 2000 ipsas
657 1922 746 1999 parte
777 1917 939 1999 superiore
969 1915 1104 1978 orbatas.
1136 1915 1304 1981 Praeterea
1327 1937 1346 1980 a
1369 1915 1480 1981 dextra
1502 1924 1599 2001 parte
1625 1916 1742 2003 lapidis

538 2021 715 2086 abscissum
733 2026 781 2085 est
801 2020 941 2084 frustum
962 2020 1178 2106 triangulare,
1199 2042 1262 2106 qua
1281 2042 1314 2086 re
1333 2020 1483 2086 columna
1503 2025 1606 2087 tertia
1626 2026 1677 2088 ita
1697 2033 1741 2088 est

539 2133 688 2211 corrupta
706 2132 744 2190 ut
763 2124 853 2190 nullo
877 2125 972 2190 modo
995 2128 1099 2191 sanari
1122 2129 1240 2209 possit,
1265 2125 1407 2211 reliquae
1430 2128 1669 2193 tautummodo
1693 2130 1742 2194 de

540 2235 634 2297 tritae
668 2238 761 2310 suut,
797 2233 984 2315 praesertim
1019 2229 1169 2297 columna
1199 2231 1312 2296 media.
1345 2232 1487 2318 Denique
1519 2237 1555 2297 in
1589 2234 1742 2300 columna

538 2341 642 2424 prima
666 2337 729 2402 duo
752 2337 908 2401 foramina
930 2341 1006 2400 sunt
1028 2337 1158 2401 infossa.

583 2442 726 2507 Traditio
756 2450 805 2507 est
835 2444 909 2507 anni
942 2439 1045 2528 368s7
1077 2441 1141 2521 (Ol.
1178 2442 1252 2508 103.
1268 2442 1312 2518 1),
1342 2443 1376 2507 id
1408 2443 1490 2527 quod
1526 2444 1693 2511 discimus
1725 2468 1741 2511 s

538 2547 704 2613 columnae
726 2547 758 2611 II
781 2549 928 2613 versibus
954 2547 1143 2624 lis-125,
1169 2548 1225 2612 ubi
1249 2549 1309 2613 snb
1334 2549 1465 2613 vocibus
1488 2550 1650 2624 στέφανοι
1677 2552 1741 2616 ἐπέ-

538 2677 609 2717 τειοι
639 2674 772 2718 coronae
795 2659 1024 2719 enumerantur
1046 2654 1197 2719 archonte
1220 2654 1404 2740 Nausigeue
1426 2663 1647 2722 consecratae.
1681 2658 1741 2722 Du·

537 2761 628 2825 bium
659 2781 721 2824 nou
753 2767 802 2825 est
832 2762 910 2844 quin
941 2760 994 2825 hio
1025 2780 1146 2824 anuum
1175 2760 1359 2824 traditionis
1387 2767 1574 2837 teneamus,
1607 2761 1689 2829 licet
1711 2770 1739 2828 st

538 2863 616 2929 alibi
648 2886 711 2930 vox
740 2867 873 2936 ἐπέτειος
901 2901 942 2912 -—
968 2864 1022 2930 sed
1045 2885 1214 2949 perperam
1239 2901 1281 2912 -
1306 2867 1349 2929 sit
1372 2865 1536 2942 adhibita;
1562 2888 1648 2934 nam
1671 2879 1740 2935 ants

537 2992 631 3037 voces
661 2970 808 3050 στέφανοι
840 2970 969 3036 ἐπέτειοι
993 2969 1078 3036 linea
1102 2979 1275 3036 ostracus
1298 2969 1408 3036 relicta
1432 2978 1464 3037 et
1487 2983 1646 3057 superest
1670 2979 1739 3041 anni

539 3076 643 3166 36716
666 3077 813 3154 traditio,
838 3098 935 3162 quam
959 3079 1086 3142 novicia
1109 3080 1271 3141 continere
1294 3076 1485 3141 videbimus.

583 3182 715 3246 Divisae
737 3190 786 3248 est
808 3182 974 3268 catalogus
997 3185 1031 3246 in
1056 3190 1120 3246 tres
1144 3189 1269 3268 partes,
1294 3180 1524 3266 amplectentes

539 3289 567 3353 1.
604 3288 683 3367 Res,
715 3309 796 3372 quae
819 3290 1065 3354 asservabantur
1089 3290 1118 3351 εἰ
1142 3291 1183 3367 τῷ
1209 3287 1450 3367 Ἐκατιιμπέδῳ,
1474 3289 1507 3352 h.
1530 3311 1559 3354 e.
1588 3294 1624 3356 in
1651 3293 1735 3360 Gella

607 3394 841 3478 centumpedali
859 3394 1080 3459 Parthenouis.
1100 3394 1317 3459 Recensentur
1336 3393 1396 3458 hae
1407 3396 1440 3457 in
1454 3393 1626 3462 columnis
1638 3403 1737 3484 prima

606 3507 638 3566 et
662 3499 761 3566 altera
784 3522 904 3565 necnon
927 3503 960 3563 in
984 3508 1073 3585 parte
1097 3501 1219 3564 tertiae.

535 3604 566 3670 2.
603 3605 666 3671 Res
685 3609 829 3690 primum
850 3608 878 3668 ἐι
899 3608 940 3683 τῷ
962 3609 1140 3681 Παρθενῶνι,
1163 3606 1194 3668 h.
1208 3625 1235 3670 e.
1255 3607 1288 3668 in
1301 3607 1384 3669 atrio
1396 3604 1593 3671 occidentali
1606 3609 1736 3675 Partha·

601 3713 703 3788 nonis,
724 3718 900 3776 asservatas
921 3710 975 3775 sed
990 3710 1063 3775 inde
1074 3714 1109 3775 in
1121 3708 1245 3776 Oellam
1257 3709 1537 3795 centumpedalem
1551 3716 1732 3782 translatas.

601 3816 664 3881 Eae
676 3814 831 3902 leguntur
842 3816 915 3881 inde
928 3837 945 3880 a
959 3837 1051 3880 versu
1070 3815 1113 3880 38
1126 3816 1278 3900 usquead
1291 3837 1421 3881 versum
1434 3813 1477 3881 70
1489 3817 1669 3887 columnae
1681 3822 1731 3886 lll.

535 3920 565 3986 3.
603 3922 665 3987 Res
696 3925 727 3986 in
762 3922 884 4008 templo
916 3924 1057 4006 Antiquo
1081 3928 1275 3999 asservatas,
1299 3923 1373 3988 inde
1397 3943 1415 3987 a
1439 3943 1536 3987 versu
1563 3923 1612 3991 72
1636 3949 1731 4013 usque

601 4028 642 4093 ad
667 4027 730 4092 124
758 4029 903 4094 eiusdem
926 4027 1103 4093 columnae.

579 4130 771 4200 Columnam
802 4137 939 4219 primam
972 4136 1224 4219 superscriptam
1252 4134 1350 4198 fuisse
1378 4134 1408 4196 ἐι
1435 4134 1476 4212 τῷ
1504 4135 1731 4216 ‘suessanae

533 4261 596 4305 non
619 4245 669 4304 est
692 4240 777 4324 quod
797 4240 911 4305 dicam.
937 4240 1102 4305 Lehuerue
1120 4236 1145 4318 ²)
1166 4239 1360 4305 Michaelem
1379 4245 1509 4304 secutus
1530 4246 1732 4309 enumerarit

532 4348 718 4431 praecipuas
748 4366 815 4422 ree,
849 4366 930 4430 quae
961 4346 1096 4411 diversis
1127 4346 1287 4410 aetatibus
1318 4344 1364 4408 ibi
1389 4344 1522 4409 fuerunt
1546 4345 1726 4433 depositas;

534 4472 671 4538 quarum
695 4450 876 4537 complures
899 4455 932 4516 in
956 4458 1063 4516 nostra
1085 4453 1292 4536 inscriptione
1316 4458 1625 4521 commemorantur.

571 4711 596 4772 l)
614 4709 652 4758 Cf.
669 4708 759 4769 Ἐφιιμ.
778 4708 851 4769 'Am
872 4706 944 4766 1874,
961 4725 984 4772 p.
1002 4708 1052 4756 462
1069 4710 1093 4756 et
1112 4708 1171 4757 c.1.
1182 4710 1209 4757 Δ.
1229 4707 1264 4757 ΙΙ.
1282 4707 1340 4760 678.

566 4792 593 4847 2)
613 4781 677 4840 llbcr
695 4791 733 4839 dis
751 4790 913 4839 Athonischen
931 4790 1186 4839 Sobatarsrseiohnisse
1203 4790 1244 4839 dea
1262 4789 1353 4839 viertan
1371 4788 1567 4849 Jabrlrundertn,
1586 4808 1612 4857 p.
1631 4793 1663 4841 92
1679 4807 1725 4857 sqq.
