4525 5950
870 677 913 725 nn
935 676 1081 724 monson
1104 678 1188 725 eron
1210 677 1377 725 nomon.
1649 656 1715 724 155

529 865 596 910 esse
615 865 676 929 quo
697 849 840 928 tempore
859 842 1002 908 nondum
1024 841 1193 909 bellatores
1213 848 1381 908 uterentur
1399 844 1581 909 thoracibus
1600 844 1715 920 cineis,

529 973 631 1037 neque
663 953 750 1016 enim
782 952 837 1036 qui
870 950 1051 1014 thoracatns
1083 952 1125 1014 sit
1156 951 1314 1016 eiusmodi
1337 957 1464 1015 scutum
1488 957 1561 1035 apte
1583 956 1719 1015 tractare

530 1079 638 1143 posse,
670 1078 772 1141 neque
803 1062 985 1121 setectum
1011 1057 1148 1121 thoracis
1173 1061 1261 1122 aenei
1285 1056 1427 1144 indigere
1443 1055 1466 1136 ¹)
1474 1078 1483 1136 ;
1510 1056 1716 1143 Mycenaeum

530 1172 639 1230 autem
671 1172 810 1228 aetatem
834 1184 896 1227 non
921 1169 1049 1227 tantum
1072 1165 1329 1247 antiquissimam
1354 1170 1386 1228 et
1409 1163 1565 1239 mediam,
1590 1161 1643 1227 sed
1667 1183 1717 1227 ex·

529 1278 668 1336 tremam
684 1291 819 1354 quoqne,
842 1275 999 1354 quantum
1020 1290 1058 1333 ex
1077 1273 1294 1334 monumentis
1314 1289 1394 1354 quae
1413 1289 1451 1334 ex
1471 1269 1529 1333 hac
1547 1272 1719 1354 supersunt

530 1378 650 1444 efficere
674 1376 768 1454 licet,
792 1379 826 1441 in
850 1377 965 1461 quibus
985 1384 1208 1460 proponuntur
1228 1375 1349 1441 milites
1369 1397 1426 1462 pro
1447 1378 1547 1441 scutis
1567 1375 1721 1440 talaribus

529 1488 644 1551 armati
668 1483 780 1570 clipeis
804 1505 822 1548 a
844 1485 1027 1549 recentioris
1047 1486 1161 1548 aetatis
1180 1482 1292 1568 clipeis
1311 1489 1438 1548 tantum
1458 1489 1589 1548 eotenus
1608 1482 1721 1547 disere

529 1592 696 1677 partibus,
728 1589 814 1675 quod
843 1596 901 1654 aut
932 1592 1070 1654 minores
1101 1586 1215 1669 sunt²)
1247 1596 1304 1654 aut
1333 1589 1448 1655 leviter
1472 1589 1601 1675 oblongi
1616 1586 1641 1669 ³)
1663 1593 1721 1653 ant

529 1699 567 1763 ab
601 1701 669 1762 ima
704 1703 794 1781 parte
828 1695 944 1760 leviter
979 1697 1123 1760 excavati
1137 1693 1173 1776 ⁴),
1211 1694 1356 1760 militum
1387 1716 1491 1760 carere
1521 1695 1721 1780 imaginibus

529 1806 778 1870 thoracatorum.
815 1802 926 1886 Neque
963 1801 1046 1886 apud
1081 1800 1262 1867 Homerum
1296 1800 1442 1866 militum
1474 1803 1506 1866 bt
1538 1801 1721 1865 thoracibus

529 1912 633 1975 eineis
663 1908 852 1972 indutorum
882 1910 913 1972 bt
944 1905 1043 1971 simul
1075 1909 1276 1972 munitorum
1306 1910 1406 1972 scutis
1436 1906 1590 1973 talaribus
1615 1904 1721 1971 ullum

528 2023 654 2081 certum
685 2017 862 2099 vestigium
894 2020 952 2078 est.
984 2017 1130 2077 Adneum
1162 2012 1241 2099 fingi
1273 2013 1414 2078 vidimus
1445 2014 1607 2078 thoracem
1637 2013 1720 2099 Agn-

529 2125 710 2188 memnonis
735 2133 763 2186 Λ
780 2119 820 2185 19
842 2142 907 2205 sqq.
933 2119 1071 2184 Patrocli
1095 2118 1214 2198 11804,
1238 2119 1375 2185 Achillis
1398 2141 1416 2184 a
1438 2119 1580 2185 Vulcano
1603 2122 1719 2184 armati

531 2228 647 2304 Σ610,
672 2228 787 2313 quibus
811 2247 885 2291 cnm
908 2225 987 2290 locis
1010 2224 1134 2311 singuli
1157 2226 1325 2291 cohaerent
1345 2247 1455 2291 versus
1475 2230 1517 2305 (A
1532 2224 1584 2302 58,
1599 2233 1626 2289 Π
1641 2224 1717 2304 803,

532 2334 650 2412 2480)
674 2334 790 2418 quibus
811 2334 1078 2419 Agamemnonis,
1099 2331 1257 2408 Patrocli,
1278 2330 1414 2397 Achillis
1435 2332 1562 2402 ἀσπίδες
1583 2332 1719 2417 pendere

531 2442 681 2506 dicuntur
709 2441 742 2502 ἐκ
767 2445 939 2514 τελαμῶνος
964 2441 1190 2503 convenienter
1213 2438 1252 2503 ad
1275 2445 1403 2503 sentum
1427 2441 1613 2525 antiquum,
1638 2439 1722 2524 qnod

530 2547 748 2613 sustinebatur
779 2546 891 2621 fascia,
924 2547 1065 2631 gerentis
1097 2544 1178 2610 collo
1210 2545 1423 2620 circumdata,
1456 2566 1517 2610 non
1541 2545 1581 2610 ud
1604 2545 1722 2631 clipeos

529 2656 734 2729 recentiores,
759 2655 814 2737 qui
838 2655 925 2716 intus
948 2653 1099 2716 instructi
1119 2659 1209 2716 erant
1230 2652 1407 2716 manubriis
1427 2658 1459 2716 et
1478 2651 1555 2718 loris
1578 2652 1617 2717 ud
1636 2653 1722 2718 brac

529 2760 640 2825 chium
664 2757 795 2824 laevum
818 2757 1039 2834 inserendum
1065 2757 1120 2823 sed
1144 2760 1385 2842 antiquissimos
1408 2760 1505 2823 etiam
1527 2758 1663 2844 clipeos,
1684 2764 1721 2823 nt

529 2886 625 2951 supra
653 2867 764 2930 monui
778 2863 814 2943 5),
838 2885 877 2929 ex
904 2866 1102 2952 imaginibus
1125 2867 1160 2929 in
1184 2868 1269 2930 vasis
1292 2865 1477 2952 Mycenaeis
1500 2865 1634 2950 depictis
1658 2865 1721 2931 effi·

529 2972 678 3039 ciendum
698 2971 826 3037 videtur
846 2971 1029 3058 pependisse
1050 2974 1083 3037 ἐκ
1105 2979 1300 3049 τελαμῶνος,
1321 2976 1468 3058 quamvis
1490 2994 1529 3038 ne
1553 2974 1720 3040 manubria

529 3079 659 3165 quidem
691 3081 736 3144 eis
768 3079 936 3143 defuerint.
961 3079 1071 3163 Neque
1095 3078 1189 3144 aliter
1212 3100 1245 3145 se
1269 3079 1388 3145 hebent
1411 3086 1501 3144 scuta
1523 3079 1629 3145 multo
1652 3079 1718 3144 illis

529 3185 684 3251 talaribus
716 3187 840 3249 minora
863 3187 1051 3270 saepiusque
1074 3186 1113 3250 ab
1137 3190 1273 3272 utroque
1296 3184 1395 3250 latere
1418 3189 1547 3271 penitus
1569 3189 1668 3251 incisu
1681 3185 1718 3266 ⁰),

530 3291 634 3357 efficta
667 3295 700 3354 in
731 3297 815 3356 vasis
847 3294 1051 3378 geometricis
1082 3290 1183 3377 vulgo
1211 3292 1323 3370 dictis,
1346 3313 1428 3377 qnae
1451 3314 1551 3378 aequo
1574 3295 1644 3357 iure
1667 3292 1720 3357 hic

530 3396 639 3462 afferre
658 3395 744 3462 licet.
770 3396 861 3477 Quod
884 3418 958 3462 vero
983 3398 1234 3483 Agamemnonis
1257 3399 1376 3463 ἀσπίδα
1401 3410 1429 3463 Λ
1444 3397 1487 3463 32
1509 3397 1719 3476 ἀμφιβρότην,

531 3501 673 3567 Patrocli
695 3513 720 3567 Π
736 3502 801 3567 803
819 3505 1019 3581 repudiosas
1040 3510 1204 3589 nuncupat
1223 3509 1315 3589 posita
1335 3507 1442 3590 aptius
1462 3505 1500 3570 de
1519 3511 1608 3569 scuto
1628 3502 1722 3568 talari

533 3631 630 3695 qnam
660 3609 699 3675 de
731 3608 832 3696 clipeo
864 3610 916 3676 vel
946 3618 1036 3676 scuto
1066 3614 1191 3677 minore
1221 3614 1249 3675 si
1273 3615 1359 3698 egit,
1383 3610 1465 3676 nihil
1487 3615 1575 3676 vetat
1598 3610 1722 3676 credere

531 3715 589 3780 illa
612 3719 759 3794 nomina,
784 3719 912 3801 propria
935 3738 1046 3782 eorum
1069 3720 1104 3783 vi
1127 3717 1290 3806 neglecta,
1315 3720 1349 3782 in
1372 3717 1449 3782 haec
1470 3716 1623 3783 translata
1643 3738 1721 3796 esse,

532 3829 570 3888 ut
594 3822 698 3887 Τ281
726 3825 849 3888 Aeneae
873 3822 926 3887 vel
949 3821 1088 3909 clipeum
1109 3824 1163 3889 vel
1183 3831 1310 3889 scutum
1332 3826 1439 3888 minus
1458 3826 1504 3888 ita
1522 3826 1627 3888 vocari
1647 3844 1722 3889 mox

533 3929 717 3995 videbimus
731 3928 765 4008 ²).
798 3929 896 3995 Porro
927 3930 1010 4015 quod
1042 3930 1177 3995 Achillis
1206 3933 1303 4002 ἀσπίς
1335 3930 1453 3995 dicitur
1484 3941 1510 3995 Σ
1532 3929 1595 3995 481
1628 3929 1719 3994 πέντε

565 4144 589 4204 1)
608 4142 646 4191 Sic
669 4142 730 4206 rpnd
753 4143 875 4191 Romanos
892 4141 1020 4190 secundnm
1036 4142 1114 4190 Servii
1131 4141 1206 4191 Tullii
1224 4141 1363 4191 institutum
1379 4142 1481 4192 aecnnda
1497 4142 1578 4191 cleeris
1593 4141 1666 4191 scutis
1683 4156 1721 4192 ar·

532 4230 596 4275 mata
613 4225 749 4274 thoracibus
766 4224 804 4273 vcl
821 4223 902 4272 loricis
918 4223 1025 4281 carebat;
1044 4224 1073 4272 cf.
1091 4222 1143 4272 Iris.
1161 4222 1174 4271 1
1192 4225 1224 4271 43
1242 4224 1312 4273 Dion.
1330 4223 1364 4272 1v
1383 4224 1423 4273 18.

566 4307 593 4370 2)
612 4307 648 4355 Cf.
666 4307 817 4355 Sohlicmsun
835 4306 920 4369 Tiryns
937 4304 986 4355 tuh.
1004 4304 1069 4355 XIV.

566 4392 593 4452 8)
613 4390 656 4439 Sic
671 4390 697 4438 in
715 4390 809 4453 pictura
826 4388 912 4438 murali
930 4389 1038 4453 Mycenis
1053 4388 1165 4449 inventa;
1181 4387 1212 4436 ci.
1227 4388 1281 4449 Ἐφ.
1296 4386 1357 4451 ἀρχ.
1372 4388 1435 4441 1887
1445 4405 1493 4437 eres.
1510 4389 1550 4439 ll.
1566 4388 1715 4438 testreet

568 4474 597 4534 4)
615 4471 779 4534 I‘nrtwingler
799 4487 822 4519 u.
839 4470 945 4519 boschio
964 4469 1120 4535 Mykenischc
1137 4470 1215 4518 Vusen
1233 4486 1256 4534 p.
1274 4470 1331 4519 424.
1342 4473 1365 4520 8.

570 4554 597 4617 b)
614 4555 693 4617 Supra
711 4569 735 4616 p.
752 4552 807 4603 127.

568 4636 595 4699 ⁶)
620 4635 784 4697 Furtwiinglcr
807 4634 878 4683 Arch.
903 4634 955 4682 Zcit
980 4633 1041 4681 1885
1066 4650 1090 4699 p.
1109 4634 1148 4683 la.
1169 4632 1241 4683 llrich
1266 4634 1366 4684 Pernice
1392 4632 1465 4683 nuber
1486 4634 1538 4684 eine
1555 4634 1725 4699 geometrische

536 4715 620 4766 Vace”.

569 4800 598 4863 1)
615 4799 675 4847 Vide
693 4797 757 4847 inire
773 4815 795 4864 p.
816 4798 870 4848 lta.
