4525 5950
884 1425 975 1514 1111
1016 1426 1367 1515 CARNEIS.

1070 1689 1195 1730 sonlrslr

948 1869 978 1934 J.
1012 1857 1303 1935 VURTHEIM.

1037 2167 1224 2211 -wo—

1116 2425 1141 2489 Ι.

577 2645 688 2730 Nuper
717 2643 880 2729 Euripidis
911 2642 1052 2709 Alcestin
1075 2642 1221 2729 relegens
1243 2643 1332 2708 haesi
1353 2645 1387 2708 in
1412 2644 1559 2709 versIbus
1583 2643 1724 2730 aliquot.

532 2752 588 2835 qui
617 2753 682 2814 iam
713 2755 787 2814 ante
817 2770 870 2814 me
900 2754 1057 2814 vexarunt
1087 2747 1267 2834 permultos
1296 2769 1398 2833 neque
1420 2749 1552 2813 fortasse
1575 2755 1651 2833 post
1674 2770 1726 2814 me

532 2854 696 2919 vexabunt
730 2856 904 2939 pauciores.
939 2852 1009 2919 Non
1044 2853 1130 2938 quod
1164 2853 1270 2938 fugiat
1299 2875 1356 2918 noe
1387 2853 1464 2937 quid
1495 2853 1581 2917 dicet
1611 2862 1707 2938 poeta
1715 2873 1724 2929 ;

532 2961 624 3023 cuiue
648 2958 744 3023 verba
766 2960 899 3023 minime
922 2967 997 3022 sunt
1016 2959 1165 3035 obscura,
1186 2957 1261 3023 licet
1280 2960 1474 3023 constructio
1493 2980 1555 3023 non
1576 2958 1615 3022 ab
1636 2960 1725 3023 omni

532 3070 621 3149 parte
653 3066 696 3127 sit
726 3067 910 3148 perspicua;
936 3062 991 3127 sed
1014 3085 1124 3128 sensus
1148 3064 1210 3128 loci
1233 3067 1361 3148 penitus
1384 3065 1505 3148 percipi
1527 3065 1641 3146 nequit
1663 3065 1725 3126 nisi

532 3190 549 3234 e
572 3190 605 3233 re
628 3169 849 3255 mythologice
871 3175 1000 3252 petatur
1022 3169 1190 3234 auxilium.
1215 3169 1257 3232 Et
1277 3170 1423 3233 adierunt
1442 3167 1564 3231 dudum
1584 3167 1725 3232 editores

531 3275 651 3339 fontem
671 3273 930 3361 mythologieum
952 3311 992 3321 —
1014 3277 1135 3358 optime
1154 3275 1215 3338 sibi
1235 3276 1351 3337 conscii
1371 3273 1410 3338 ad
1423 3274 1561 3357 tragicos
1573 3275 1725 3357 antiquos

532 3377 698 3444 ascendere
728 3371 795 3442 non
823 3399 914 3462 posse
943 3380 1005 3442 nisi
1035 3381 1091 3462 qui
1113 3378 1212 3442 huius
1235 3378 1332 3442 fontis
1354 3376 1491 3462 lympha
1514 3379 1724 3461 antiquorum

531 3483 700 3547 hominum
721 3482 759 3546 11
778 3482 872 3546 rebus
891 3485 988 3546 sacris
1007 3484 1208 3567 opinionibus
1225 3484 1268 3546 sit
1278 3484 1425 3546 initiatus
1437 3518 1491 3557 -,
1504 3487 1725 3565 resperserunt

532 3586 660 3671 quidem
692 3587 846 3651 editiones
876 3607 950 3652 suas
979 3587 1120 3671 guttulis
1142 3607 1223 3672 quae
1247 3587 1395 3651 manibus
1418 3585 1517 3650 semel
1538 3588 1725 3670 iterumque

530 3694 691 3755 immersis
721 3691 951 3768 adhaesemnt,
987 3692 1041 3755 sed
1073 3698 1110 3756 ut
1140 3694 1219 3776 ipsis
1250 3691 1358 3755 studia
1387 3689 1445 3754 illa
1466 3689 1666 3775 profuerint,
1688 3692 1724 3753 in

531 3795 665 3860 lectores
695 3817 810 3879 parum
840 3797 914 3861 inde
945 3796 1135 3860 redundavit
1166 3796 1329 3861 utilitatis.
1354 3795 1445 3859 Unus
1467 3794 1600 3859 fortasse
1625 3796 1725 3860 huius

532 3899 714 3984 tragoediae
744 3900 847 3963 editor
877 3908 926 3964 eet
956 3901 1178 3984 excipiendus,
1210 3900 1434 3965 Hermannum
1466 3897 1597 3984 Hayley
1633 3898 1723 3974 solo,

533 4007 589 4089 qui
619 4004 768 4069 Herculis
798 4003 924 4069 fabulae
947 4005 1102 4069 editorem
1127 4007 1439 4090 praestantissimum
1462 4010 1592 4069 secutus
1618 4006 1725 4068 varios

533 4109 617 4174 unde
648 4107 757 4174 fabula
780 4112 928 4192 provenit
951 4110 1083 4195 mythos
1108 4108 1279 4185 afferendo,
1305 4107 1494 4183 ordinando,
1516 4107 1723 4193 explicando,

532 4236 588 4300 pro
618 4215 741 4278 viribus
769 4216 848 4288 suis¹
866 4214 968 4278 faeere
997 4233 1077 4297 quae
1100 4213 1241 4277 facienda
1264 4220 1354 4277 erant
1374 4212 1581 4277 laudabiliter
1604 4217 1655 4276 est
1677 4233 1725 4276 eo

532 4324 636 4382 natus.
669 4317 730 4396 Qui
761 4318 838 4382 licet
867 4339 935 4381 rem
967 4317 1006 4382 ad
1036 4317 1131 4382 finem
1158 4320 1291 4381 minime
1314 4317 1517 4402 perduxerit,
1541 4323 1591 4379 est
1614 4322 1723 4381 tamen

471 4462 475 4470 ·
532 4423 616 4507 quod
633 4423 846 4508 gaudeamus:
867 4423 981 4486 bonam
1001 4425 1076 4486 iniit
1091 4425 1187 4487 viam.
1208 4421 1385 4506 Excerpere
1405 4427 1513 4486 autem
1527 4427 1560 4485 et
1571 4420 1724 4507 colligere

532 4527 687 4611 quidquid
717 4528 791 4592 boni
821 4525 906 4611 apud
936 4526 1015 4590 alios
1037 4530 1201 4592 invenitur
1224 4547 1260 4590 ac
1284 4528 1329 4590 sic
1352 4548 1456 4589 novom
1477 4527 1512 4588 in
1536 4524 1722 4590 scholarum

531 4653 627 4697 usum
658 4652 769 4716 parare
796 4631 968 4695 editionem
999 4631 1081 4696 infra
1111 4652 1144 4695 se
1175 4632 1305 4706 habuit,
1337 4631 1539 4695 abominatus
1562 4633 1722 4695 nimirum

531 4740 564 4799 ri
589 4742 646 4799 τῶν
670 4735 972 4815 ρακιοσυρραπταδῶν
995 4735 1094 4811 piace.
