4525 5950
753 683 794 729 mr
816 681 975 729 meconio
1000 672 1304 732 vtxonobtnn..
1585 661 1626 728 47

431 848 576 913 nondum
600 868 674 913 vera
697 848 759 912 loci
783 847 951 932 explicatio
974 852 1099 932 reperte
1121 853 1170 912 est
1193 845 1336 932 latetque
1361 846 1482 932 aliquid
1507 851 1540 912 in
1561 869 1629 912 ver·

433 956 483 1020 bis
523 954 667 1031 „lumina
702 960 804 1018 morte
838 953 1012 1038 resignat’',
1044 952 1128 1037 quod
1162 973 1219 1017 nos
1254 952 1357 1017 adhuc
1389 954 1494 1039 fugit,
1529 953 1625 1038 idque

432 1061 532 1127 aliam
557 1063 644 1126 riam
666 1063 830 1147 ingressus
854 1062 989 1124 scrutari
1010 1064 1104 1144 atque
1127 1080 1237 1125 eruere
1261 1066 1395 1125 conatus
1419 1082 1501 1125 sum.

478 1168 593 1232 Exstat
624 1174 734 1232 autem
764 1167 849 1254 opud
879 1166 1025 1231 Plinium
1056 1165 1128 1230 Nat.
1160 1165 1246 1230 Hist.
1271 1165 1317 1230 XI
1344 1165 1408 1232 150
1439 1168 1491 1231 hic
1516 1165 1627 1231 locus:

434 1274 670 1352 „morientibus
700 1273 773 1339 illos
804 1279 860 1354 (sc.
886 1271 1006 1352 oculos)
1037 1274 1159 1357 operire
1190 1293 1364 1357 rursusque
1397 1272 1430 1335 in
1454 1294 1523 1354 repo
1541 1279 1627 1353 pote-

424 1381 538 1463 facere
571 1379 735 1462 Quirt'tiam
770 1401 874 1460 moyere
907 1379 971 1442 rita
1002 1400 1116 1442 comm
1148 1385 1209 1455 eat,
1241 1380 1287 1442 ita
1317 1399 1405 1443 more
1437 1378 1568 1459 condito
1589 1385 1627 1442 ut

430 1507 536 1571 neque
566 1487 606 1551 ab
638 1477 768 1551 homine
799 1505 987 1570 supremum
1019 1505 1071 1549 eos
1102 1486 1239 1569 spectari
1261 1484 1307 1548 fas
1330 1487 1373 1548 sit
1396 1490 1429 1549 et
1453 1483 1539 1549 caelo
1563 1505 1626 1549 non

431 1592 558 1659 ostendi
577 1592 697 1658 nefas''.
721 1591 819 1657 Nulla
838 1612 932 1656 cause
952 1611 1019 1656 esse
1040 1590 1178 1668 videtur,
1200 1590 1407 1675 quamobrem
1425 1590 1627 1667 dubitemus,

433 1720 550 1764 verene
582 1700 633 1764 hic
664 1719 741 1764 usus
764 1719 783 1764 a
806 1697 912 1763 Plinio
936 1697 1074 1762 traditus
1097 1700 1157 1776 sit3
1182 1701 1309 1762 tantum
1332 1696 1407 1763 licet
1429 1697 1462 1762 id
1486 1697 1627 1783 ambigi,

433 1827 514 1870 num
537 1811 621 1870 recte
645 1807 858 1891 perspexerit,
884 1803 960 1890 quid
984 1802 1124 1882 Quirites
1148 1803 1210 1867 sibi
1232 1806 1432 1888 propositum
1456 1804 1628 1879 haberent,

434 1931 511 1976 cum
541 1914 678 1976 mortuis
711 1910 818 1977 oculos
848 1913 882 1974 in
912 1931 991 1996 rogo
1021 1909 1242 1994 patefacerent.
1275 1908 1322 1975 De
1353 1910 1511 1975 eiusmodi
1534 1912 1629 1974 iustis

434 2016 624 2082 funebribus
658 2024 691 2082 et
726 2019 951 2102 exsequiarum
983 2015 1267 2081 consuetudinibus
1298 2037 1400 2102 nuper
1431 2019 1500 2102 egit
1530 2038 1562 2081 v.
1596 2015 1628 2080 d.

435 2121 486 2188 W.
520 2119 641 2187 Oaland
657 2122 692 2199 ¹),
724 2125 779 2208 qui
807 2122 978 2186 Fraterum
992 2122 1018 2201 2)
1042 2124 1276 2206 suspicantem:
1307 2122 1382 2199 „the
1405 2122 1544 2188 Romans
1568 2120 1629 2186 aud

433 2228 625 2314 apparently
657 2229 711 2293 the
741 2228 882 2293 Siamese
913 2226 1033 2313 opened
1056 2227 1111 2292 the
1135 2227 1212 2292 dead
1236 2249 1327 2292 mans
1350 2248 1425 2314 eyes
1448 2235 1481 2293 at
1504 2229 1558 2293 the
1581 2228 1628 2291 fu-

435 2333 526 2399 neral
548 2356 643 2421 pyra,
662 2338 731 2420 just
755 2355 789 2399 as
814 2356 859 2400 we
883 2334 999 2399 should
1022 2332 1210 2419 unbandage
1234 2334 1288 2399 the
1307 2355 1382 2420 eyes
1402 2335 1438 2399 of
1451 2355 1491 2399 an
1510 2355 1626 2420 enemy

434 2444 518 2506 aiter
547 2441 741 2527 conducting
769 2441 838 2506 him
863 2441 968 2506 tobis
992 2439 1219 2517 destination''‚
1244 2460 1432 2526 oppugnans
1454 2444 1523 2526 ipse
1546 2441 1627 2505 hanc

436 2548 552 2632 probat
582 2550 792 2613 sententiam:
826 2550 881 2624 ,3in
913 2547 1089 2612 Auschluss
1121 2567 1161 2611 an
1193 2545 1248 2611 das
1279 2548 1360 2612 oben
1391 2547 1585 2633 Dargelegte
1601 2543 1625 2626 ³)

437 2653 558 2718 kbnnte
592 2675 666 2718 man
703 2654 779 2719 eher
810 2676 866 2718 aur
895 2653 950 2719 der
981 2653 1141 2739 Meinung
1170 2655 1303 2740 geneigt
1335 2655 1419 2735 sein,
1452 2653 1524 2717 dass
1555 2652 1628 2717 dem

435 2759 560 2825 'I'odten
587 2764 668 2845 jetnt
698 2761 750 2826 die
777 2763 892 2849 Augen
920 2760 1059 2848 gedffnet
1088 2759 1214 2826 werden
1244 2761 1336 2833 (bow.
1360 2759 1411 2825 die
1433 2759 1629 2846 Bedeclrung

434 2889 500 2932 von
524 2867 581 2931 den
605 2868 721 2953 Augen
744 2888 1008 2955 weggenommeu
1032 2867 1136 2949 wird),
1162 2868 1257 2930 demit
1278 2891 1310 2930 cr
1336 2867 1376 2930 im
1398 2867 1529 2931 Jerceeite
1551 2867 1629 2930 ricl-

433 2976 480 3057 tip
504 2975 560 3037 dea
591 2972 660 3056 ch
684 2976 829 3039 erkeaaca
853 2974 981 3039 tonora&
1006 2971 1178 3040 Galandius
1201 2995 1270 3038 rem
1293 2995 1352 3039 acu
1375 2977 1520 3061 tetigisse
1543 2974 1626 3038 mihi

431 3080 574 3147 videtur.
605 3081 718 3166 Itaque
750 3088 890 3147 statuere
914 3083 1019 3146 ausim
1042 3081 1122 3146 hanc
1146 3080 1185 3147 ob
1209 3101 1338 3146 causam
1362 3081 1470 3147 oculos
1490 3084 1627 3147 mortuis

429 3190 465 3252 in
491 3208 569 3273 rogo
593 3188 770 3253 iacentibus
794 3191 916 3272 aperire
936 3188 1095 3253 Romanos
1114 3186 1223 3253 solitos
1243 3209 1326 3266 esse,
1347 3194 1384 3252 ut
1403 3186 1627 3253 defunctorum

431 3296 559 3359 animae
590 3301 699 3379 (quas,
732 3301 769 3358 ut
799 3315 894 3379 supra
918 3295 1226 3372 demonstravimus,
1255 3296 1341 3378 ipsas
1365 3296 1432 3359 sine
1456 3292 1523 3359 ullo
1547 3293 1625 3359 duce

431 3399 520 3464 Ditis
551 3398 685 3463 domum
718 3406 824 3484 petere
856 3397 969 3465 Graeci
1001 3399 1080 3465 olim
1112 3400 1294 3479 credebant)
1329 3399 1552 3465 descendentes
1586 3400 1625 3465 ad

430 3505 552 3570 inferos
585 3508 669 3570 riam
700 3509 844 3571 invenire
875 3513 1012 3590 possent.
1046 3505 1203 3585 Quoniam
1226 3527 1301 3571 vero
1325 3505 1376 3571 vel
1402 3513 1494 3591 poeta
1517 3506 1626 3571 ultimi

430 3612 595 3698 Odysseae
630 3612 704 3676 libri
740 3611 793 3677 vel
827 3612 972 3699 vulgaris
1008 3611 1119 3698 populi
1153 3614 1260 3697 opinio
1296 3613 1420 3676 umbris
1455 3613 1626 3677 hominum

428 3718 633 3784 Mercurium
669 3717 783 3784 ducem
819 3722 1033 3805 comitemque
1065 3719 1182 3784 inferni
1215 3721 1339 3784 itineris
1374 3719 1497 3784 addidit
1529 3726 1627 3805 atque

429 3847 531 3913 quem
556 3825 651 3890 deum
670 3828 738 3890 iam
757 3828 882 3909 antiqui
901 3827 962 3890 sibi
981 3825 1138 3890 finxerant
1157 3823 1285 3905 χθόνιον,
1305 3825 1391 3890 idem
1411 3826 1624 3904 ψυχοπομπὸς

429 3936 504 3999 sire
528 3933 726 4011 ψυχαγωγὸς
751 3932 854 3996 factus
878 3937 943 4008 est,
968 3953 1030 3997 non
1053 3931 1237 3996 mirandum
1261 3938 1327 4008 est,
1351 3934 1379 3995 si
1401 3938 1493 4016 poeta
1512 3932 1626 3997 Roma·

426 4060 510 4113 nus,
535 4059 611 4102 cum
633 4040 719 4103 cives
742 4059 816 4103 suos
836 4038 895 4103 hac
919 4045 1026 4102 vetere
1045 4037 1273 4102 consuetudine
1293 4036 1401 4102 oculos
1422 4044 1625 4103 mortuorum

466 4316 493 4374 l)
513 4314 630 4370 Murcum,
648 4313 718 4371 lasa,
734 4310 770 4361 πο.
787 4312 811 4368 2,
826 4311 961 4360 Perellelen
975 4326 1004 4360 zu
1018 4312 1063 4359 den
1079 4310 1244 4360 Altindischen
1259 4311 1572 4376 Beetettungsgebrinchen
1583 4314 1625 4367 8¹1.

466 4398 495 4456 2)
512 4395 599 4444 Journ.
618 4394 702 4443 huthr.
720 4393 781 4442 lust.
799 4392 850 4453 xv,
868 4409 892 4457 p.
914 4393 954 4445 Ἡ.

467 4481 493 4538 8)
513 4479 552 4525 Sc.
569 4478 694 4535 Murcum,
718 4475 761 4524 ll.
778 4476 823 4524 θῦε
849 4475 893 4523 -In
910 4474 992 4524 lrlend
1009 4475 1105 4539 gleubte
1123 4490 1178 4524 men
1194 4474 1287 4533 triber,
1303 4476 1368 4525 does:
1391 4476 1427 4524 ‚it
1441 4476 1482 4525 the
1498 4493 1579 4543 corpas
1596 4478 1624 4527 be

426 4558 517 4609 burierl
541 4558 598 4607 with
621 4558 663 4607 tho
687 4558 733 4606 ieet
752 4557 817 4615 ticd,
834 4556 875 4605 the
892 4556 963 4622 spirit
979 4556 1028 4605 will
1045 4554 1072 4605 be
1091 4556 1206 4605 hindered
1224 4558 1249 4606 in
1266 4558 1298 4606 ite
1316 4562 1451 4608 morament
1469 4558 1493 4608 in
1510 4558 1552 4608 the
1570 4566 1626 4610 next

424 4637 529 4690 world'.
557 4640 611 4688 Dice
634 4640 693 4689 allec
715 4639 807 4705 epricht
830 4638 950 4688 deutlich:
975 4640 1017 4688 der
1035 4638 1193 4688 Verstorbene
1208 4640 1268 4688 rrird
1287 4640 1408 4704 gelescelt,
1426 4641 1501 4689 demit
1518 4657 1544 4690 er
1562 4642 1628 4692 nicht

425 4721 572 4773 heimltehre
595 4723 642 4770 und
666 4723 711 4770 den
737 4720 930 4770 Ueberlebenden
948 4722 1045 4779 schede;
1064 4721 1107 4770 che
1124 4736 1151 4769 er
1164 4720 1251 4783 jedooh
1269 4722 1308 4770 <lie
1326 4723 1395 4771 Reice
1413 4722 1451 4771 ine
1468 4723 1571 4773 Jeneeits
1589 4740 1628 4774 en·

424 4806 501 4862 tritt,
522 4805 616 4853 werden
633 4804 684 4853 ihm
701 4804 739 4853 die
756 4803 838 4853 Binde
857 4802 1039 4868 ehgenommen,
1056 4803 1132 4853 demit
1151 4804 1194 4853 der
1211 4804 1279 4853 Gciet
1296 4804 1346 4853 sich
1364 4805 1408 4854 trei
1425 4804 1541 4869 berregd'.
