4525 5950
1114 684 1356 733 numerandae.

1029 919 1141 975 urea
1165 917 1454 975 arceremus.
1508 995 1510 998 Α

690 1107 749 1194 §4
780 1130 811 1194 p.
838 1107 942 1173 1300:
974 1103 1047 1172 ίπον
1079 1109 1143 1187 γὰρ
1166 1111 1198 1172 εί
1209 1109 1319 1173 δέναι
1345 1110 1420 1179 τινὲς
1447 1108 1499 1183 ἤδη
1523 1112 1686 1188 Φιίσανπει
1710 1111 1837 1187 ψευδεῖς

644 1213 815 1294 ίφσίνησαν,
837 1222 900 1287 πῶς
921 1211 943 1280 ίί
961 1239 1000 1292 γε
1018 1214 1089 1289 μηδ’
1103 1216 1197 1287 αὐτὸς
1217 1211 1324 1280 elisa
1343 1217 1470 1292 ὀλίγων
1483 1219 1623 1293 προσήκει
1638 1218 1836 1295 πιςειίεσίαι;

642 1321 731 1387 Haec
754 1320 884 1406 quidem
907 1324 976 1387 sine
999 1342 1092 1387 sensu
1114 1325 1161 1386 ita
1180 1325 1296 1407 scripta
1315 1329 1406 1401 sunt;
1430 1343 1556 1408 prorsus
1577 1326 1707 1408 requiro
1735 1325 1848 1407 ἰδεῖνΙ

642 1434 675 1495 et
698 1423 813 1493 εἶδεν.
837 1428 996 1514 Frequens
1016 1436 1064 1493 est
1084 1448 1121 1493 ea
1140 1429 1298 1505 confusio;
1319 1427 1482 1494 luculenta
1501 1428 1648 1515 exempla
1665 1428 1836 1495 Mehlerus

643 1555 736 1600 meus
758 1534 846 1600 dedit
869 1535 980 1600 Μνιινν.
1007 1533 1094 1600 1852
1118 1557 1149 1621 p.
1173 1534 1238 1600 405
1251 1555 1299 1620 sq.

687 1769 745 1855 §8
777 1792 806 1856 p.
833 1769 930 1836 1301.
960 1768 1182 1869 Supplendum
1212 1778 1277 1836 est:
1315 1773 1345 1835 ε’ν
1370 1774 1470 1850 ἐκείνῳ
1494 1774 1536 1850 τῷ
1563 1774 1660 1850 σίγῶνι
1685 1774 1840 1853 (ἐκείνη

645 1878 729 1957 μὲν)
752 1877 795 1941 σίν
819 1876 944 1956 δίκαια,
968 1880 1064 1955 τούτῳ
1089 1878 1119 1942 δὲ
1144 1880 1297 1941 τσίναντία
1322 1879 1532 1958 ἐμαρτύρησα.

688 2110 747 2195 §9
770 2133 801 2197 p.
829 2110 932 2176 1302:
959 2112 1010 2174 καί
1035 2113 1098 2190 γὰρ
1123 2105 1157 2183 ἦν
1182 2112 1271 2189 περὶ
1296 2111 1500 2189 ἕξηκσςίν.
1521 2111 1602 2191 Quid
1627 2112 1688 2176 hoc
1715 2113 1840 2199 signifi·

643 2237 713 2282 care
743 2216 864 2294 debeat,
896 2239 958 2282 non
989 2218 1164 2283 obscurum
1195 2224 1261 2283 est:
1294 2221 1361 2283 iam
1384 2221 1552 2304 sexagenta
1575 2220 1662 2283 cives
1684 2217 1839 2302 pluresve

642 2324 774 2388 fortasse
798 2326 902 2389 vocati
921 2324 1048 2389 fuerant
1067 2331 1099 2390 et
1118 2345 1201 2389 nunc
1221 2324 1259 2389 de
1278 2323 1438 2389 darithou
1457 2327 1491 2388 in
1511 2323 1700 2409 suffragium
1723 2326 1837 2389 ibitur.

642 2428 711 2494 Iam
731 2433 874 2515 quaesivi
894 2430 932 2494 de
953 2429 1100 2495 hocloco
1120 2431 1231 2494 Mem.
1247 2428 1334 2496 1873
1354 2452 1384 2516 p.
1402 2429 1475 2495 168.
1497 2429 1589 2516 Apud
1608 2429 1838 2516 Phrynicbum

642 2538 676 2601 in
706 2538 818 2600 Anecd.
842 2536 902 2601 Bk.
927 2558 957 2622 p.
983 2534 1035 2603 67.
1050 2535 1094 2601 20
1126 2544 1329 2602 recensentur
1355 2536 1529 2601 adiectiva:
1557 2537 1837 2613 ὐτερίεμιςσκιιῆς,

644 2641 893 2720 ὑπερσωιιριίτης,
919 2643 1174 2722 ὑπερευριίβατσς.
1199 2643 1405 2708 Adieclivum
1429 2649 1476 2708 est
1501 2644 1729 2721 ὑπεράνθρωπσε
1753 2643 1837 2729 quod

642 2748 837 2814 reddendum
861 2751 923 2813 erit
946 2747 1120 2815 Heliodoro
1145 2751 1199 2834 qui
1224 2771 1254 2835 p.
1279 2747 1391 2813 394.2
1416 2747 1489 2812 Did.
1515 2748 1629 2816 κάλλος
1655 2750 1756 2825 ὑπὲρ
1781 2748 1837 2814 ἄν·

645 2857 793 2931 ίραπιν
823 2854 1034 2942 appellavisse
1065 2855 1215 2921 creditur.
1252 2853 1370 2920 Scribit
1400 2854 1577 2940 Xenophon
1607 2853 1774 2939 Ephesius
1804 2878 1835 2941 p.

643 2961 754 3028 3906
786 2961 921 3029 Horeb:
954 2962 1069 3044 τέχνας
1104 2962 1296 3043 σωφροσύνης
1329 2961 1425 3040 ὑπὲρ
1456 2961 1834 3040 penetrantibus,

642 3069 727 3155 qnod
764 3070 1093 3148 ὑπεργυναίνους
1128 3073 1284 3155 scriptum
1320 3070 1473 3156 oportuit.
1509 3067 1603 3154 Apud
1634 3066 1766 3133 Isaeum
1798 3070 1834 3133 de

640 3176 891 3242 Philoctemonis
915 3176 1090 3241 hereditate
1113 3178 1131 3261 §
1155 3176 1213 3241 14:
1246 3185 1283 3256 τῇ
1308 3177 1364 3252 μὲν
1389 3176 1451 3255 γὰρ
1474 3180 1605 3252 sacrari,
1630 3176 1690 3250 ec·
1716 3171 1753 3239 οὗ
1777 3176 1835 3252 ifi-

644 3298 775 3347 πλευσεν
808 3284 850 3352 είς
884 3286 1041 3360 Σικελίαν,
1078 3283 1130 3357 ἤδη
1164 3283 1208 3346 dcl
1241 3282 1292 3346 tto
1324 3282 1375 3345 καί
1411 3283 1588 3355 πεντήκοντ’
1618 3278 1690 3358 ἔτη,
1731 3285 1773 3361 τῷ
1804 3284 1833 3346 δὲ

643 3389 837 3470 πρεσβυτέρῳ
859 3391 971 3454 τούτων
991 3390 1072 3454 odeo
1095 3389 1189 3469 ὑπὲρ
1210 3387 1363 3452 είκσσιν
1385 3388 1455 3467 ἔτη,
1474 3386 1693 3453 commendare
1713 3393 1833 3453 ausim:

642 3497 903 3575 ὑπερείκισιν
925 3495 992 3576 ἔτη,
1014 3499 1108 3561 sicuti
1127 3498 1160 3559 in
1181 3498 1322 3561 oratione
1341 3494 1413 3560 adv.
1434 3494 1587 3560 Neaeram
1607 3492 1681 3578 §89
1695 3516 1730 3579 p.
1746 3494 1833 3561 1375

640 3608 724 3667 recte
755 3603 908 3667 scribitur
937 3603 976 3667 ab
1007 3602 1176 3667 omnibus:
1210 3602 1262 3665 ἐὰν
1293 3604 1337 3677 μη
1362 3598 1642 3680 ὑπερεξακισχίλιοι
1667 3593 1834 3672 Ἀθηναίων

640 3709 850 3786 ψηφίσωνται.
882 3708 993 3793 ltaque
1024 3709 1137 3774 eodem
1167 3707 1261 3773 modo
1292 3710 1324 3772 in
1358 3709 1498 3772 oratione
1529 3706 1601 3770 adv.
1632 3705 1832 3773 hlubulidem

640 3815 722 3879 mihi
753 3817 894 3901 persuasi
925 3836 1038 3880 verum
1072 3834 1157 3879 esse:
1184 3814 1321 3891 καὶγὰρ
1346 3809 1378 3885 ἦν
1403 3811 1721 3891 ὑπερεξηκνςίς·
1749 3815 1781 3878 b.
1806 3836 1832 3879 e.

638 3921 676 3986 de
707 3920 802 4006 paulo
833 3920 978 4008 pluribus
1008 3942 1105 4007 quam
1129 3923 1294 4007 sexaginta
1317 3926 1390 3985 ante
1413 3941 1464 3985 me
1488 3921 1554 3984 iam
1577 3923 1830 4005 pronunciatum

640 4027 752 4095 fuerat.

686 4249 703 4333 ᾗ
725 4246 766 4311 10
785 4269 814 4333 p.
838 4245 941 4311 1302:
962 4252 1019 4309 τῶν
1040 4246 1173 4312 πλείςων
1193 4247 1258 4310 ε’κεί
1273 4245 1439 4312 ιίκσύντων.
1461 4244 1680 4310 Hincefficere
1692 4249 1829 4332 poteria,

640 4354 724 4439 quod
747 4353 831 4418 haud
855 4357 932 4419 satis
956 4356 1020 4418 scio
1044 4374 1083 4418 an
1106 4352 1247 4418 nondum
1269 4354 1473 4418 observatum
1496 4353 1610 4427 fuerit,
1632 4354 1694 4415 nisi
1717 4374 1831 4419 omnes

641 4461 756 4526 bonam
787 4466 871 4525 certe
893 4462 1015 4525 civium
1038 4467 1161 4545 partem
1183 4460 1376 4525 habitavisse
1398 4463 1431 4524 in
1454 4460 1570 4523 iisdem
1594 4461 1687 4544 pagis
1712 4460 1832 4545 quibus

563 4565 566 4569 ’
640 4574 745 4653 patres
776 4566 854 4632 olim
885 4566 1036 4651 adscripti
1066 4572 1164 4632 erant.
1189 4566 1236 4632 De
1260 4564 1393 4633 Cimone
1418 4566 1576 4631 Miltiadis
1601 4563 1667 4630 filio
1692 4587 1744 4631 res
1769 4588 1829 4632 non

641 4679 688 4738 est
711 4673 817 4738 dubia.
