4525 5950
951 710 1106 759 nounuos.
1563 691 1628 756 309

423 875 426 879 ⁴
478 878 522 943 30
546 856 591 942 Ut
613 852 758 943 animum
783 877 821 941 ad
845 875 974 962 aliquod
999 872 1145 941 studium
1171 875 1366 961 adiungant,
1392 851 1449 940 aut
1474 897 1573 960 equos

547 983 648 1060 alere,
672 988 730 1048 aut
753 1003 845 1047 canes
869 981 908 1046 ad
931 981 1132 1061 venandum,
1159 982 1279 1047 autad
1303 980 1509 1067 philosophos

480 1090 558 1153 Post
589 1088 746 1154 scholium
770 1088 818 1167 (1)
843 1087 961 1153 Donati
984 1093 1016 1154 et
1040 1090 1190 1174 magistri
1215 1089 1241 1152 Α
1263 1087 1350 1167 (vide
1373 1109 1469 1173 supra
1494 1110 1525 1172 p.
1550 1086 1629 1164 292)

432 1198 600 1280 sequitur:

481 1301 529 1378 (2)
554 1301 612 1388 „ad
633 1302 710 1387 ph.’'
731 1303 849 1366 vitium
870 1307 936 1377 est,
957 1303 1032 1387 quia
1050 1301 1135 1365 dixit
1156 1300 1217 1377 „ad
1237 1299 1365 1385 aliquod
1379 1300 1557 1366 studinm”.
1577 1297 1629 1377 (G)

479 1407 531 1487 (3)
554 1415 611 1472 aut
640 1411 669 1472 si
701 1407 762 1484 „ad
788 1406 1032 1493 .philosophos”‚
1064 1407 1238 1492 separanda
1268 1410 1329 1471 erit
1357 1406 1477 1472 locutio
1500 1409 1546 1471 sic
1572 1412 1630 1483 „ut

431 1517 581 1578 animum
606 1513 785 1600 adiungunt
809 1513 847 1577 ad
871 1511 1111 1599 philosophos'’.
1149 1512 1204 1590 (Β)

480 1617 566 1683 Illud
597 1619 732 1684 alterius
764 1623 812 1683 est
843 1620 1009 1705 magistri,
1041 1620 1097 1703 qui
1121 1617 1268 1683 adoritur
1291 1621 1400 1703 ipsum
1424 1618 1629 1694 Terentium,

431 1724 494 1788 hoc
525 1725 726 1789 modestioris
757 1724 865 1801 illius,
890 1727 946 1808 qui
970 1745 1212 1807 nonnumquam
1236 1722 1355 1789 Donati
1380 1728 1561 1810 opinionem
1586 1746 1631 1789 re-

430 1830 513 1905 fert,
546 1830 673 1894 uthoc
704 1828 774 1894 loco
807 1831 1047 1907 nimirum,·ct
1069 1830 1224 1894 infrave.
1251 1828 1304 1894 56.
1352 1830 1630 1915 Eugraphius

432 1933 573 2020 explicat
596 1938 704 1999 minus
727 1941 830 2000 recte:
856 1935 917 2013 „ad
941 1937 1132 2019 sapientiam
1156 1941 1251 2018 atque
1276 1934 1487 2000 doctrinam''.
1582 1982 1584 1986 -

482 2038 632 2106 Ceterum
657 2062 695 2105 ex
719 2042 752 2105 h.
777 2039 800 2106 l.
825 2041 1034 2106 manifestum
1060 2047 1125 2117 est,
1152 2042 1236 2106 hunc
1259 2045 1455 2128 magistrum
1480 2041 1507 2106 D
1529 2041 1580 2106 illi
1605 2040 1630 2108 O

433 2169 503 2213 esse
526 2149 744 2232 posteriorem.

434 2360 461 2385 ,-
484 2315 526 2379 35
551 2315 701 2379 Feruntur
723 2338 814 2379 ccmo
837 2323 866 2379 ct
887 2315 1075 2379 sustinentur
1092 2316 1254 2397 supplicio.
1275 2315 1543 2387 Additamentum
1564 2319 1629 2380 iam

434 2426 563 2486 not-avit
588 2422 636 2487 W.
673 2422 729 2502 (D)

483 2588 524 2655 47
556 2591 635 2654 Post
665 2589 824 2653 scholium
856 2571 905 2667 (3)
938 2589 1056 2654 Donati
1079 2590 1198 2673 partim
1222 2594 1254 2652 et
1278 2587 1466 2673 Philosophi
1492 2568 1628 2667 (Mnem.

433 2693 565 2758 XXXII
589 2716 619 2778 p.
646 2694 726 2773 215)
750 2696 898 2779 sequitur
920 2695 1030 2780 inepta
1054 2692 1248 2758 differentia:

483 2801 530 2878 (4)
561 2799 622 2864 Sed
646 2799 747 2864 dure
770 2803 804 2864 in
827 2800 984 2877 alterum,
1010 2800 1176 2864 duriter
1199 2800 1232 2862 in
1257 2820 1313 2864 nos
1338 2796 1459 2884 aliquid
1482 2800 1628 2864 facimus.

433 2906 594 2992 Magister
626 2904 660 2983 C,
692 2927 890 2992 quamquam
922 2927 985 2970 non
1015 2890 1162 2970 indoctus
1193 2910 1260 2983 est,
1292 2909 1399 2970 tamen
1423 2907 1630 2992 pugnacitate

433 3035 499 3078 non
530 3035 600 3078 raro
633 3012 820 3098 perducitur
850 3013 889 3077 ad
913 3012 1147 3078 enuntiandum
1171 3014 1335 3098 opiniones
1358 3015 1455 3078 nimis
1478 3012 1573 3078 falsas
1598 3019 1631 3077 et

433 3119 581 3184 audaces.
619 3117 672 3200 (O)

481 3286 525 3351 48
550 3285 680 3351 Victum
703 3289 887 3370 quaeritans

481 3393 518 3457 In
542 3393 648 3458 medio
673 3392 793 3457 scholio
816 3392 949 3472 Donati,
975 3396 1065 3458 cuius
1089 3400 1213 3477 partem
1239 3397 1364 3457 tantum
1387 3393 1509 3469 citabo,
1534 3396 1630 3458 inter-

430 3499 555 3585 polatio
578 3499 712 3585 legitur,
738 3518 835 3583 quam
859 3502 985 3564 notavit
1009 3499 1077 3563 W.:

481 3653 534 3671 ...
558 3606 641 3669 unde
666 3603 846 3690 Vergilius:
873 3608 1018 3680 „victum
1043 3603 1226 3668 infelicem''
1247 3624 1274 3668 e.
1288 3625 1317 3688 q.
1331 3624 1356 3667 s.
1381 3604 1473 3681 (lien.
1488 3602 1628 3689 111649)

433 3700 479 3764 4-
512 3710 560 3789 (3)
591 3717 620 3773 et
643 3718 717 3792 post
749 3718 864 3774 tantum
895 3711 1022 3773 laborem
1047 3709 1209 3786 „uictum”,
1234 3732 1292 3773 non
1318 3708 1454 3786 „cibum”
1478 3710 1569 3788 dicit,
1594 3717 1628 3772 ut

441 3818 471 3881 V
469 3816 613 3896 erqiliuc:
639 3823 694 3893 „ot
710 3817 835 3897 potiens
857 3838 975 3897 operum
993 3837 1147 3899 percoque
1169 3822 1286 3879 maesto
1306 3815 1464 3879 iuoecim'’
1485 3813 1576 3894 (Geo.
1597 3813 1628 3878 ΙΙ

435 3920 518 4005 472)
545 3959 584 3968 -
610 3929 642 3985 et
665 3943 727 3987 non
753 3920 950 4006 „quaerens”
974 3920 1029 3986 sed
1054 3920 1277 4006 „quaeritans”
1303 3920 1386 3985 dixit

481 4026 655 4092 infeliciter
678 4026 860 4093 aemulatur
883 4026 1047 4092 Donatum
1071 4026 1219 4112 exemplo
1239 4048 1353 4114 parum
1377 4027 1498 4091 idoneo.
1530 4025 1583 4107 (O)

481 4215 521 4278 51
561 4212 658 4277 Don.:
683 4210 877 4297 proclive
901 4219 949 4276 est
973 4233 1066 4297 porro
1089 4210 1289 4275 inclinatum.
1347 4210 1457 4295 Mag:
1483 4211 1535 4275 vel
1559 4234 1628 4297 pro·

431 4342 513 4385 num
537 4317 804 4403 inclinatumque.
829 4315 881 4397 (O)

481 4486 524 4550 54
560 4484 741 4551 Perduxere
764 4484 843 4549 illuc
867 4506 994 4562 secum,
1019 4491 1057 4548 ut
1080 4505 1143 4550 nna
1166 4488 1267 4561 esset,
1292 4504 1402 4547 meum

481 4593 560 4658 Don.
589 4592 654 4672 (l):
679 4593 822 4656 invitum
842 4594 905 4657 isse
924 4590 1135 4677 Pamphilum
1156 4591 1207 4655 his
1225 4590 1332 4655 verbis
1351 4587 1527 4675 significat;
1549 4612 1629 4675 per-

434 4700 648 4765 ducuntur
672 4700 758 4763 enim
783 4700 972 4765 necessitate
994 4700 1095 4762 coacti
1121 4734 1163 4746 -
1187 4699 1241 4760 loc
1263 4695 1352 4759 etiam
1374 4696 1491 4759 verbum
1514 4696 1629 4760 iudices

432 4805 633 4891 pronuntiare
662 4804 767 4869 solem.
815 4802 882 4870 Gur
911 4803 1034 4869 iudices
1066 4804 1126 4869 hoc
1157 4803 1254 4868 verbo
1277 4804 1465 4889 praesertim
1488 4805 1538 4867 usi
1564 4805 1629 4867 sint

1451 4923 1484 4976 2⁰
