4525 5950
536 681 603 746 318
1058 700 1215 747 marrus.

578 865 625 930 ΙΙΙ
649 865 710 930 5.]
747 864 809 929 Ubi
832 863 901 929 illic
924 871 974 929 est
997 863 1102 929 scelus
1125 869 1181 950 qui
1206 887 1257 930 me
1281 865 1443 953 perdidit?

579 970 660 1037 Don.
684 969 749 1050 (4):
773 969 813 1034 ad
837 969 1057 1048 intellectum,
1080 993 1144 1036 non
1166 971 1206 1036 ad
1227 973 1322 1038 verba
1342 974 1483 1060 redegit,
1506 982 1541 1038 et
1561 983 1615 1040 est
1635 976 1741 1062 figura

533 1076 715 1154 σύλλημψις
736 1097 792 1161 per
810 1097 945 1162 genera,
963 1115 1006 1124 -
1026 1077 1055 1139 V
1051 1078 1196 1158 crqibr'us:
1210 1101 1288 1160 pora
1306 1079 1339 1141 iu
1351 1081 1465 1166 sraela
1482 1089 1591 1145 mant
1603 1082 1635 1160 (Ι
1649 1083 1739 1162 212),

532 1186 586 1248 ced
614 1183 664 1246 hic
685 1186 792 1265 fipurc
821 1189 865 1245 eat
883 1205 943 1264 per
965 1205 1109 1249 numos.
1135 1222 1177 1233 —
1202 1206 1277 1249 nam
1301 1189 1378 1269 quia
1402 1184 1553 1261 „scelus”
1581 1187 1741 1254 scelestus

531 1287 745 1374 intellegitur,
770 1288 864 1353 modo
889 1288 988 1373 „qui”
1013 1288 1200 1367 subiunxit,
1224 1312 1286 1354 non
1311 1291 1452 1375 „quodi
1483 1290 1540 1371 (Ο)

579 1393 748 1459 Emblsma
770 1396 897 1458 notavit
921 1393 971 1458 W.

579 1561 600 1624 4
631 1560 703 1646 ligo
727 1562 870 1645 pretium
892 1560 932 1625 ob
956 1558 1132 1625 stultitiam
1157 1561 1224 1627 fero

578 1667 615 1730 ln
646 1665 752 1731 media
784 1666 988 1732 adnotatione
1024 1667 1142 1732 Donati
1172 1668 1210 1733 de
1234 1668 1411 1734 differentia
1434 1672 1521 1736 inter
1546 1677 1740 1758 pretinm

533 1780 566 1838 et
600 1775 831 1858 praemium
862 1794 937 1837 oum
970 1773 1127 1858 exemplis
1160 1773 1355 1860 Vergilianis
1388 1776 1649 1844 Wessnerus
1684 1781 1739 1845 hoc

533 1878 692 1944 emblema
722 1880 863 1944 notavit:
888 1878 936 1957 (2)
958 1879 1003 1942 cic
1026 1886 1055 1942 ct
1080 1879 1209 1943 Plautus
1232 1881 1348 1943 locutae
1370 1889 1415 1944 ert
1439 1884 1599 1964 „pretium
1623 1887 1660 1948 ob
1682 1886 1739 1948 oci-

533 1984 606 2049 noa’'
629 2007 686 2068 pro
709 1985 859 2049 cama
878 1984 1009 2067 pretium
1032 1989 1160 2067 (Argum
1182 1986 1270 2052 Αείπ.
1297 1985 1341 2065 3).
1372 1985 1426 2066 (0)

581 2152 601 2217 3
637 2152 748 2219 Denuo
778 2157 812 2217 in
843 2154 988 2219 medium
1019 2151 1160 2218 scholion
1191 2154 1380 2239 Philosophi
1412 2155 1546 2222 devenit
1572 2159 1737 2226 adnotatio

535 2261 685 2345 magistri
709 2282 729 2324 a
752 2259 974 2325 Wessuero
998 2260 1154 2337 indicata,
1179 2259 1245 2340 (3):
1268 2261 1347 2337 „Sed
1364 2262 1418 2324 dcc
1436 2262 1533 2327 dicit:
1553 2265 1614 2343 ric,
1632 2266 1735 2352 inquit,

531 2365 713 2447 periclitor:
747 2366 775 2429 ai
809 2367 863 2429 hoc
897 2387 1025 2442 macero,
1060 2365 1121 2429 ecio
1156 2389 1201 2429 mc
1225 2374 1333 2448 posteo
1363 2390 1421 2430 noa
1445 2369 1734 2449 periclitatum''.

534 2470 711 2557 Impugnat
734 2476 843 2536 autem
866 2492 928 2536 non
953 2470 1118 2536 Donatum
1143 2471 1203 2551 (1),
1228 2472 1283 2537 sed
1304 2471 1539 2558 Philosophum
1565 2476 1631 2556 (2),
1656 2477 1733 2541 unde

535 2576 682 2653 afficitur,
706 2577 790 2661 quod
814 2579 913 2641 etiam
938 2598 993 2661 per
1017 2598 1051 2642 ss
1074 2576 1253 2642 vemsimile
1277 2584 1342 2656 est,
1363 2578 1603 2665 huncquoque
1623 2587 1734 2669 magis

534 2690 623 2747 trum
654 2681 774 2748 scholia
806 2704 864 2747 sua
895 2683 1066 2748 confecisse
1097 2689 1170 2768 post
1199 2681 1295 2748 illum
1328 2692 1362 2749 et
1392 2685 1584 2752 adhibuisse
1610 2695 1732 2753 textum

532 2787 663 2854 scholiis
693 2788 875 2874 philosophi
906 2791 972 2853 iam
1003 2791 1179 2855 munitum.
1209 2790 1313 2855 Antea
1336 2790 1396 2855 hoc
1419 2811 1547 2876 quoque
1576 2795 1732 2870 vidimus,

532 2901 639 2960 totum
670 2896 852 2981 philosophi
882 2894 1042 2959 scholium
1066 2917 1129 2960 non
1154 2899 1281 2960 tantum
1304 2896 1365 2960 hac
1385 2896 1659 2983 interpolatione,
1683 2899 1732 2964 sed

533 3004 632 3067 etiam
663 2998 784 3067 Graeca
815 3001 933 3066 Donati
964 3001 1165 3067 adnotatione
1191 3038 1235 3051 -
1258 3001 1456 3078 „Menander
1479 3006 1543 3068 sic:
1582 3004 1623 3069 ἂν
1649 3006 1729 3075 tsi?

533 3128 561 3172 e.
582 3128 611 3192 q.
633 3128 657 3173 s.
684 3145 726 3155 —
751 3110 784 3171 in
817 3107 895 3171 duas
926 3115 1033 3191 partes
1056 3106 1104 3185 (2)
1127 3113 1161 3172 et
1184 3108 1232 3187 (4)
1256 3128 1324 3172 esse
1348 3107 1502 3174 divisum.
1529 3107 1583 3175 cf.
1612 3112 1729 3176 hinem.

533 3211 662 3276 XXXII
685 3235 716 3298 p.
742 3211 819 3277 238.
852 3210 906 3291 (G)

578 3378 599 3444 8
631 3380 696 3445 Nec
719 3379 796 3465 quid
821 3399 905 3444 nunc
929 3400 980 3443 me
1004 3379 1120 3443 faciam
1145 3382 1210 3443 scio

577 3486 667 3572 Mag.
691 3487 755 3565 (l):
780 3506 838 3551 nos
862 3484 962 3570 „quid
986 3484 1136 3561 faciam’',
1160 3490 1285 3550 veteres
1306 3490 1416 3549 autem
1438 3484 1535 3560 „me”
1556 3487 1730 3554 addebant!

577 3591 657 3657 Don.
682 3592 749 3671 (2);
775 3599 803 3655 ct
827 3598 900 3656 nota
924 3591 1040 3655 faciam
1065 3597 1188 3668 <cum>
1214 3588 1356 3656 ablativo
1379 3610 1464 3654 casu.
1497 3589 1553 3670 (O)

579 3759 617 3822 11
644 3758 744 3823 Viden
768 3780 820 3824 me
844 3760 910 3822 tuis
934 3756 1075 3823 consiliis
1099 3760 1254 3822 miserum
1278 3757 1472 3842 impeditum
1498 3779 1569 3824 asse
1594 3760 1650 3840 (C)

575 3865 675 3929 Dent
702 3863 924 3949 „Impeditus”
948 3868 996 3928 est
1021 3867 1164 3948 proprie,
1190 3866 1246 3949 qui
1269 3863 1364 3948 pedes
1387 3864 1483 3928 habet
1506 3863 1677 3951 illigatos,
1697 3883 1730 3929 ut

529 3970 678 4057 progredi
699 3993 760 4035 non
781 3972 891 4055 possit.
940 3969 1029 4054 Mag.
1047 3972 1202 4035 inaniter:
1223 3969 1340 4034 sedhic
1353 3969 1392 4033 ad
1405 3973 1580 4055 negotium
1594 3972 1728 4038 rettulit.

578 4153 620 4217 16
654 4152 716 4217 Sed
739 4154 807 4216 sine
831 4150 999 4236 paululum
1028 4151 1067 4216 ad
1090 4172 1143 4216 me
1167 4158 1205 4215 ut
1229 4150 1356 4215 redeam

576 4257 673 4323 Dou.:
708 4258 757 4323 ad
786 4279 826 4322 se
858 4257 997 4322 redire
1021 4257 1150 4334 dicitur,
1174 4260 1230 4343 qui
1253 4259 1400 4321 animum
1423 4260 1538 4342 recipit
1564 4266 1599 4324 et
1624 4260 1726 4326 sedem

531 4368 664 4444 mentis;
687 4362 868 4450 Vergilius:
890 4366 1017 4441 „victus
1036 4362 1075 4426 ad
1096 4362 1206 4448 (Verg.
1226 4366 1274 4442 in)
1294 4383 1328 4427 se
1346 4362 1450 4428 redit'’
1471 4360 1568 4441 (Gau.
1584 4365 1629 4431 IV
1642 4366 1727 4446 443).

576 4470 745 4555 Magister,
779 4490 876 4555 quem
910 4470 1034 4534 notavit
1058 4468 1127 4535 W.:
1159 4477 1188 4533 et
1218 4469 1268 4531 hic
1298 4470 1335 4533 dc
1366 4490 1488 4551 corpore
1509 4471 1614 4535 dicit:
1639 4474 1682 4535 ad
1700 4494 1728 4535 cc

530 4584 629 4641 cutem
652 4576 739 4653 redit,
765 4575 817 4660 qui
842 4597 942 4638 omem
965 4595 1026 4637 cese
1047 4574 1177 4639 decictc‘t.
1213 4572 1266 4654 (O)

574 4683 685 4758 Prima
707 4684 857 4767 magistri
880 4681 978 4746 rerba
1004 4687 1054 4758 „ct
1076 4681 1125 4743 hic
1148 4682 1178 4745 d.
1205 4704 1229 4745 c.
1254 4679 1307 4745 d.”
1340 4681 1517 4765 respiciunt
1540 4684 1725 4769 exemplum

530 4785 764 4874 Vergilianum.
