4525 5950
638 677 682 742 48
942 694 984 741 nn
1008 693 1169 741 nasonem
1193 684 1497 747 astronomum,

639 861 673 923 in
697 879 777 945 pyra
798 859 971 923 iacentium
995 857 1158 943 aperiendi
1176 861 1226 923 uti
1246 858 1383 936 videret,
1403 880 1523 924 novum
1542 878 1664 922 munus
1685 856 1832 935 „lumina

640 972 743 1030 morte
773 963 976 1051 resignandi’'
1000 964 1076 1029 huic
1100 965 1158 1030 deo
1182 965 1357 1030 caducifero
1382 967 1505 1030 tribuit.
1529 964 1663 1049 Aliquid
1689 961 1774 1041 tale,
1798 969 1832 1026 ut

641 1071 698 1136 deo
717 1071 867 1136 videlicet
890 1071 986 1136 alicui
1009 1092 1028 1135 a
1051 1076 1144 1156 potita
1166 1074 1328 1136 tribuatur
1351 1072 1435 1156 quod
1457 1073 1583 1159 proprie
1606 1073 1753 1137 hominis
1772 1076 1834 1144 est,

641 1178 761 1242 factum
784 1199 851 1242 esse
875 1178 957 1241 mihi
979 1178 1118 1255 videtur,
1142 1178 1197 1242 ubi
1220 1177 1382 1264 Vergilius
1402 1179 1496 1258 (Aen.
1516 1177 1559 1243 lv
1573 1176 1639 1242 696
1651 1182 1738 1263 sqq.)
1758 1174 1835 1239 Irim

640 1284 764 1348 inducit
802 1284 936 1361 „dextra
970 1287 1089 1348 crinem
1120 1284 1241 1349 Elissae
1271 1286 1437 1349 morientis
1469 1291 1646 1361 secantem,
1679 1289 1721 1348 ut
1753 1283 1837 1347 hunc

642 1390 710 1455 Diti
741 1397 898 1455 consecret
928 1392 1130 1474 animamque
1161 1393 1289 1476 reginae
1320 1411 1447 1476 corpore
1476 1390 1613 1456 solvat'’.
1639 1389 1730 1454 Nam
1755 1391 1838 1453 sicut

641 1496 816 1561 sacerdotes
851 1498 965 1561 bovem
996 1495 1201 1561 immolantes
1232 1496 1314 1582 pilos
1345 1495 1467 1581 aliquot
1498 1499 1581 1561 inter
1612 1517 1737 1560 cornua
1770 1499 1837 1560 eius

642 1604 801 1669 abscidere
833 1610 866 1670 et
895 1606 928 1667 in
959 1606 1071 1690 ignem
1097 1606 1260 1688 imponere
1291 1610 1521 1668 consueverant
1534 1604 1570 1682 ¹),
1602 1605 1650 1666 ita
1682 1603 1741 1667 hic
1771 1621 1839 1665 mos

641 1712 847 1795 antiquorum
860 1709 886 1790 ²)
910 1709 1038 1775 videtur
1061 1710 1176 1788 fuisse,
1197 1715 1235 1774 ut
1254 1710 1465 1775 morientibus
1483 1731 1567 1774 unus
1586 1729 1626 1773 ex
1644 1711 1840 1794 propinquis

640 1816 839 1882 adstantibus
879 1819 981 1882 crines
1017 1816 1140 1902 aliquot
1174 1817 1350 1894 desecaret,
1392 1817 1509 1902 quibus
1542 1815 1678 1880 desectis
1718 1816 1840 1879 mortui

640 1926 785 1989 victimis
815 1923 954 2001 similes,
979 1923 1027 1988 dis
1050 1924 1183 1989 infernis
1207 1924 1314 1989 devoti
1339 1929 1528 2008 putarentur
1540 1921 1575 2002 ³).
1607 1919 1718 1988 Cuius
1743 1924 1841 1986 moris

642 2029 822 2117 Vergilius,
846 2039 994 2096 veterum
1017 2033 1141 2096 rituum
1164 2033 1378 2116 peritissimus
1401 2036 1513 2115 poeta,
1536 2032 1735 2094 memoriam
1757 2050 1842 2093 reve

642 2141 728 2203 cavit
740 2135 775 2216 ⁴),
807 2137 860 2202 sed
884 2141 930 2202 ita
954 2159 1028 2202 eum
1051 2141 1209 2215 mutavit,
1235 2144 1272 2202 ut
1294 2137 1483 2223 plerumque
1506 2137 1743 2220 Proserpinae,
1768 2157 1842 2200 non·

642 2265 821 2330 numquam
847 2244 942 2322 Iridi,
975 2245 1134 2330 siquidem
1165 2266 1251 2309 mors
1282 2244 1463 2310 voluntaria
1493 2250 1558 2321 est,
1589 2264 1643 2308 eas
1669 2242 1841 2308 desecandr‘

642 2358 749 2437 partes
780 2350 918 2437 agendas
949 2350 1049 2416 daret.
1080 2351 1238 2417 Similiter
1260 2355 1363 2438 igitur
1386 2352 1545 2416 Mercurio
1568 2370 1652 2415 nova
1678 2350 1840 2434 quaedam

643 2464 783 2543 potestas
815 2479 833 2522 a
863 2457 1005 2543 Vergilio
1036 2457 1143 2523 delata
1174 2464 1238 2535 est,
1270 2461 1316 2522 ita
1347 2463 1384 2521 ut
1414 2460 1464 2522 vis
1487 2461 1596 2542 virgae
1620 2458 1695 2521 eius
1722 2456 1839 2543 triplex

643 2566 695 2628 sit.
727 2563 774 2628 Ea
802 2565 888 2628 enim
912 2565 944 2627 et
967 2566 1090 2629 animas
1114 2586 1130 2630 e
1154 2567 1220 2628 vita
1243 2567 1455 2650 migrantium
1479 2564 1568 2628 ducit
1589 2563 1791 2648 reducitque
1814 2565 1842 2628 et

643 2691 770 2735 somnos
794 2669 848 2734 dat
871 2669 1048 2756 adimitque
1071 2672 1102 2734 et
1124 2669 1232 2735 oculos
1254 2682 1457 2736 mortuorum
1480 2673 1514 2735 in
1537 2691 1615 2757 rogo
1639 2675 1761 2755 aperit.
1795 2669 1841 2734 Ita

642 2776 731 2842 locus
754 2778 846 2857 (Aen.
867 2776 911 2841 IV
931 2777 1091 2862 242sqq.)
1114 2778 1153 2842 ab
1176 2781 1264 2842 omni
1287 2787 1376 2864 parte
1395 2786 1479 2843 recte
1502 2799 1535 2842 se
1558 2777 1678 2842 habere
1699 2777 1840 2843 videtur.

678 3057 704 3116 1)
723 3055 759 3103 Cf.
778 3057 837 3103 Aen.
856 3054 891 3102 Vl
910 3055 966 3103 245.

676 3137 705 3200 2)
723 3138 757 3185 De
776 3136 872 3184 Graecis
888 3137 917 3184 ct.
936 3137 992 3184 lior.
1011 3136 1062 3184 Alc.
1080 3135 1180 3200 itsqq.,
1200 3135 1238 3185 nbi
1255 3134 1372 3193 Θάνατος
1388 3137 1469 3184 eodem
1487 3151 1585 3184 munere
1602 3136 1726 3199 iungitur.

678 3219 705 3281 8)
722 3219 747 3268 F.
766 3218 888 3274 Wieseler,
908 3217 996 3266 Philol.
1014 3218 1049 3267 IX
1067 3217 1129 3268 712:
1151 3218 1214 3267 nain
1232 3219 1288 3267 oder
1305 3220 1345 3267 dm
1364 3219 1431 3267 Haer
1448 3217 1564 3282 hingeben
1582 3217 1700 3268 bedentet
1718 3221 1771 3269 sein
1787 3221 1839 3269 oder

644 3301 685 3349 dae
709 3302 791 3364 Haupt
813 3300 849 3348 sle
871 3300 946 3365 Opicr
969 3300 1128 3363 derbringen,
1152 3302 1201 3348 sich
1226 3302 1283 3349 oder
1300 3300 1338 3349 ein
1355 3301 1454 3349 anderes
1472 3302 1557 3350 Wesen
1575 3301 1629 3348 dem
1647 3302 1718 3351 ‘l'ode
1736 3304 1837 3361 velhem

644 3382 685 3430 das
712 3380 947 3440 Haarnbschneideu,
974 3383 998 3430 in
1024 3382 1103 3431 sofern
1130 3398 1154 3430 cs
1177 3398 1223 3430 ron
1246 3383 1304 3431 oder
1325 3399 1355 3431 an
1381 3383 1510 3432 Mensehen
1528 3382 1664 3446 geschicht,
1683 3387 1788 3434 vertritt
1803 3384 1837 3433 die

643 3465 717 3514 Stella
734 3466 774 3513 des
793 3463 1025 3529 Meuscbcnopfers'¹.
1044 3465 1080 3513 (is.
1098 3481 1121 3529 p.
1141 3463 1189 3514 714
1205 3469 1230 3513 et
1247 3466 1388 3530 praesertim
1405 3465 1467 3514 Plin.
1482 3481 1519 3529 cp.
1535 3464 1582 3512 vn
1597 3464 1639 3526 2¹1,
1650 3465 1684 3515 la
1695 3483 1763 3531 sqq:
1782 3467 1838 3515 ‚reis

644 3548 718 3597 moris
733 3552 769 3596 est
786 3547 936 3596 summittere
953 3546 1090 3611 capillum''.

679 3632 706 3694 4)
726 3632 802 3679 Macr.
820 3632 869 3678 Sat.
889 3628 907 3675 V
927 3631 1051 3693 laasqq.

662 3831 724 3841 ...-

1095 3998 1138 4044 AD
1162 3997 1384 4044 eburneum.

690 4163 827 4229 Flamin.
847 4186 872 4229 c.
888 4164 906 4227 5
924 4163 1044 4244 (Sint).
1062 4161 1176 4230 Graeci
1194 4170 1350 4248 quotquot
1365 4162 1583 4228 Flamininum
1596 4173 1831 4250 conspexerant,

647 4269 706 4341 τὰς
738 4271 842 4339 πόλεις
874 4271 1016 4339 ἀπιόντες
1049 4272 1296 4344 ἀνεπίμπλασαν
1330 4271 1440 4339 ἐννοίας
1477 4276 1530 4342 τῆς
1567 4272 1640 4347 πρὸς
1674 4275 1769 4336 αὑτὸν
1798 4276 1830 4340 ὥς

648 4377 781 4455 ἐχούσας
805 4378 943 4453 ἡγεμόνα
965 4386 1018 4450 τῆς
1041 4378 1220 4455 ἐλευθερίας.
1242 4375 1357 4457 Urbes,
1372 4396 1433 4461 quo
1447 4375 1548 4440 Flam.
1561 4379 1693 4441 nondum
1708 4386 1828 4453 cmm,

647 4482 709 4546 dici
728 4503 789 4546 non
807 4490 940 4567 possunt
958 4484 1065 4545 holm
1084 4480 1348 4562 (excussorium.
1369 4481 1556 4567 Legendum
1573 4491 1671 4568 puto:
1695 4487 1828 4564 ἐχούσης.

646 4587 698 4653 Sic
721 4592 804 4653 enim
831 4589 895 4654 fers
917 4588 968 4653 illi
990 4589 1135 4654 homines
1154 4586 1380 4672 loquebantur:
1402 4586 1574 4665 ,Graeciae
1593 4588 1729 4656 libertas
1748 4597 1829 4656 nacta

647 4704 694 4759 est
719 4695 832 4761 ducem
857 4699 912 4780 qni
935 4717 992 4781 pro
1016 4717 1053 4760 ea
1075 4695 1232 4781 pugnet”.
1640 4694 1671 4761 J.
1695 4698 1727 4763 J.
1751 4698 1792 4763 H.
