4525 5950
649 673 718 738 218
1088 688 1410 737 onsnavl'uoneunnr

651 873 746 918 causa
774 852 907 916 iudicati
941 856 1049 935 capto,
1081 854 1128 916 ita
1159 851 1196 915 do
1228 873 1263 915 eo
1296 854 1429 938 pignore
1451 851 1534 916 nihil
1557 854 1734 936 quaeritur,
1759 850 1840 935 quod

652 956 926 1024 senatusconsulto
958 958 1018 1021 sub
1048 956 1158 1020 Marco
1188 960 1380 1042 imperatore
1403 959 1486 1022 facto
1509 960 1539 1022 ei
1562 957 1672 1022 datum
1697 965 1763 1034 est,
1789 959 1842 1041 qui

652 1067 820 1151 pecuniam
844 1064 882 1127 ob
905 1065 1144 1127 restitutionem
1168 1063 1303 1128 aedificii
1327 1064 1511 1140 crediderit;
1537 1062 1589 1129 vel
1612 1065 1842 1128 constitutione

652 1170 763 1235 Severi
785 1176 818 1233 et
841 1166 1020 1234 caracallae
1041 1168 1124 1253 quod
1148 1169 1259 1233 datum
1283 1177 1331 1234 est
1352 1168 1496 1255 pupillo,
1521 1172 1612 1234 cuius
1635 1172 1773 1254 pecunia
1795 1190 1844 1233 res

652 1275 893 1360 qualiscumque
917 1282 1024 1359 empta
1047 1276 1098 1337 sit.
1123 1273 1172 1337 Ex
1196 1275 1321 1339 diverso
1346 1273 1428 1339 nihil
1451 1282 1652 1359 compertum
1676 1280 1727 1338 est
1749 1273 1788 1337 de
1807 1294 1843 1339 eo

651 1385 803 1468 pignore,
835 1380 918 1464 quod
949 1379 1076 1464 publice
1106 1383 1262 1465 competit
1292 1381 1488 1445 tributorum
1520 1383 1647 1445 nomine
1675 1401 1787 1444 eorum
1811 1381 1843 1442 in

652 1487 742 1552 bonis
773 1488 830 1571 qui
860 1493 1048 1550 censeantur
1063 1483 1096 1564 ¹).
1127 1485 1228 1562 Nam,
1255 1485 1337 1570 quod
1360 1489 1392 1549 in
1417 1488 1486 1570 ipsa
1509 1506 1543 1550 re
1566 1485 1739 1549 tributaria
1762 1506 1845 1549 eom-

652 1592 783 1677 petit2),
815 1597 890 1656 tunc
921 1590 1053 1655 demum
1083 1593 1218 1655 existere
1250 1594 1374 1676 potuit,
1406 1612 1506 1676 quum
1538 1593 1721 1675 provinciae
1746 1611 1846 1654 acces·

651 1704 770 1763 serunt.
807 1696 895 1775 Quod
927 1705 1089 1781 praeterea
1119 1696 1193 1761 fisco
1225 1697 1320 1761 datur
1350 1699 1384 1760 in
1415 1698 1510 1761 rebus
1539 1718 1668 1775 eorum,
1694 1699 1752 1781 qui
1775 1717 1845 1760 con-

652 1805 824 1878 traxerint,
856 1802 888 1865 id
923 1823 1049 1887 quoque
1084 1824 1192 1867 recens
1224 1823 1290 1867 esse
1320 1803 1459 1878 videtur,
1490 1823 1552 1867 non
1584 1803 1623 1867 ab
1654 1805 1777 1867 aerario
1808 1801 1846 1866 ad

652 1909 764 1974 fiscum
790 1906 999 1983 translatum,
1024 1911 1091 1973 sive
1114 1908 1220 1992 placet
1237 1907 1365 1973 fictione
1384 1910 1604 1973 conventionis
1622 1907 1845 1972 introductum

653 2019 771 2101 pignus
794 2034 861 2078 esse
875 2012 910 2092 ³),
935 2015 1003 2077 sive
1021 2013 1054 2076 id
1074 2013 1260 2078 descendere
1281 2034 1298 2078 e
1316 2013 1388 2100 lege
1407 2016 1626 2089 vicesimania,
1648 2034 1747 2099 quam
1768 2012 1847 2077 tulit

653 2122 822 2205 Augustus
841 2117 880 2182 de
900 2120 1053 2183 vicesima
1072 2118 1301 2183 hereditatium
1321 2121 1354 2182 in
1375 2118 1541 2204 publicum
1561 2118 1740 2204 pendenda,
1762 2117 1847 2202 quod

653 2223 821 2310 colligitur
839 2244 877 2288 ex
897 2224 1076 2308 fragmento
1088 2222 1126 2287 de
1137 2225 1208 2287 iure
1220 2222 1287 2288 fisci
1297 2225 1326 2307 (ᾖ
1341 2223 1374 2302 5)
1387 2223 1441 2288 sed
1453 2230 1524 2309 post
1536 2223 1796 2289 emendationem
1810 2221 1846 2302 ⁴).

651 2331 695 2396 111
718 2332 794 2396 facit
817 2332 985 2415 negotium
1010 2328 1158 2394 Tiberius
1177 2329 1356 2394 Alexander
1376 2330 1552 2414 praefectus
1574 2332 1733 2416 Aegypti,
1752 2331 1846 2394 onius

653 2437 755 2502 edicto
769 2435 804 2515 ⁵),
836 2455 917 2500 anno
948 2458 979 2520 p.
1004 2433 1079 2501 Ohr.
1104 2434 1158 2510 68,
1190 2444 1328 2521 negatur
1358 2434 1433 2500 fisco
1465 2438 1585 2521 pignus
1607 2442 1791 2520 competere
1813 2438 1845 2499 in

653 2542 834 2606 debitorum
849 2541 874 2620 ὓ)
896 2542 985 2605 bonis
1008 2541 1088 2614 μήτε
1109 2541 1259 2615 δράματος
1274 2541 1298 2620 ³)
1318 2540 1555 2621 κατεσχημένου
1573 2542 1654 2615 μήτε
1673 2548 1731 2605 τῶν
1752 2541 1846 2617 ὑπορ-

652 2649 770 2728 χόντων
794 2647 1012 2725 κρατουμένων,
1037 2646 1166 2730 proinde
1188 2648 1318 2710 iubetur
1340 2646 1434 2712 fiscus
1448 2648 1484 2725 ⁸),
1510 2654 1547 2712 ut
1569 2649 1689 2733 pignus
1712 2647 1846 2723 habeat,

653 2754 698 2833 (ἢ)
730 2753 920 2830 κατέχεσθαι
952 2756 1019 2831 (τοῦ
1044 2754 1196 2832 ὑποπποῦ)
1225 2753 1258 2815 τὸ
1282 2751 1428 2832 tow),
1454 2754 1471 2826 ν’)
1496 2755 1687 2831 προγράφειν
1711 2752 1762 2818 ἵνα
1788 2777 1846 2827 ριν)-

652 2858 712 2929 dele
733 2861 775 2936 τῷ
796 2858 917 2936 τοιούτῳ
938 2857 1128 2936 συμβάλλῃ,
1150 2859 1166 2932 ἢ
1187 2859 1262 2935 μέρν
1282 2865 1340 2921 τῶν
1361 2859 1561 2936 ὑπαρχόντων
1582 2859 1678 2922 αὐτοῦ
1696 2858 1846 2940 κατέχενν

652 2964 699 3043 (id
730 2970 793 3028 est:
826 2965 954 3049 pignori
984 2962 1147 3044 adnotare)
1179 2965 1207 3027 ἒν
1240 2972 1303 3036 τοῖς
1327 2963 1478 3039 δημοσίοις
1502 2965 1845 3042 γρομμπποφυλπκ1ονς

652 3070 724 3146 πρὸς
756 3070 926 3145 ὀφείλημα.
957 3067 1020 3133 Sed
1043 3069 1175 3134 fortasse
1199 3091 1262 3134 non
1285 3076 1414 3134 tantum
1437 3069 1643 3134 tribuendum
1666 3078 1712 3134 ent
1738 3069 1845 3135 edicto

652 3178 805 3261 temporis
827 3196 922 3241 causa
938 3175 976 3253 ¹⁰)
1003 3177 1203 3259 propositum
1226 3178 1406 3259 provinciae
1430 3176 1524 3256 legum
1550 3175 1691 3255 (turciae)
1715 3196 1734 3239 a
1758 3195 1846 3259 prae·

651 3282 733 3347 fecto
756 3281 886 3344 ciusdem
907 3280 1039 3342 nationis
1054 3278 1094 3361 11)
1117 3279 1276 3345 Iudaeove
1291 3281 1339 3360 ¹²),
1371 3287 1404 3345 et
1428 3302 1463 3345 eo
1487 3284 1542 3364 qui
1566 3279 1618 3346 vel
1642 3283 1687 3345 sic
1711 3280 1845 3345 auderet

657 3417 851 3428 ——n—n—

688 3495 715 3561 l)
733 3512 753 3545 ο.
773 3496 786 3543 1
805 3494 928 3551 c.t.4o;
945 3508 965 3540 ο.
985 3492 998 3540 1
1017 3492 1044 3540 0.
1062 3492 1209 3553 8.14(15);
1227 3492 1295 3541 cic.
1313 3493 1329 3540 8
1347 3491 1375 3542 C.
1394 3491 1451 3540 (1.0.

686 3577 713 3639 2)
731 3576 757 3624 L
777 3577 791 3622 t
809 3590 854 3640 pr„
872 3573 907 3635 §2
927 3575 956 3621 D.
973 3572 1067 3633 49.14;
1086 3573 1116 3621 cl.
1135 3572 1151 3620 l.
1169 3574 1201 3621 52
1218 3588 1255 3638 pr.
1274 3574 1302 3622 D.
1324 3573 1401 3631 10.1;
1419 3588 1439 3621 ο.
1458 3573 1474 3621 2
1491 3572 1518 3621 G.
1535 3573 1616 3634 eto,
1633 3588 1654 3621 c.
1675 3573 1687 3620 1
1706 3571 1733 3621 C.
1754 3571 1828 3623 ’1.00.

687 3654 1050 3718 3)ct.e.2c.8.14(15).

685 3740 714 3801 4)
731 3737 852 3802 Scriptum
874 3739 938 3785 extat
962 3738 1011 3800 lege
1034 3735 1158 3794 caesaria
1181 3736 1288 3785 restitnit
1311 3735 1418 3798 Bdcking
1440 3735 1593 3785 οἰοονίννονία.
1618 3735 1749 3800 impugnat
1767 3750 1847 3784 emen·

652 3819 772 3869 ditionem
797 3819 899 3877 Hersen,
923 3834 962 3883 op.
983 3818 1023 3866 cit.
1048 3834 1070 3882 p.
1097 3816 1181 3875 tasso.
1205 3818 1295 3882 Quodsi
1314 3833 1341 3866 ee
1358 3818 1515 3875 admittetur,
1532 3818 1610 3882 potest
1626 3831 1721 3881 qnoque
1739 3816 1847 3880 intelligi

649 3902 689 3950 lex
712 3902 740 3949 de
762 3901 872 3949 vicesima
895 3898 1107 3948 manumissionum
1131 3902 1156 3948 et
1177 3899 1215 3948 ius
1231 3899 1319 3965 populo
1336 3900 1426 3959 datum,
1444 3900 1528 3948 deinde
1544 3898 1573 3947 ad
1590 3900 1672 3948 fiscum
1688 3898 1846 3947 translatum.

652 3983 698 4033 Sed
716 3982 848 4047 simplicius
863 3985 913 4041 est,
929 3982 992 4046 quod
1009 3981 1139 4045 posuimus.

687 4067 714 4127 11)
733 4066 789 4114 cla
806 4081 846 4114 no.
862 4063 928 4114 4957
945 4066 986 4127 (ε
1007 4064 1087 4112 Brnns
1103 4063 1187 4124 (1893)
1204 4078 1244 4111 no.
1263 4063 1314 4124 09).

687 4148 714 4211 0)
738 4147 789 4195 Lin.
808 4147 853 4195 21:
877 4148 927 4192 retu
949 4145 1179 4205 προποφινλνρκοπννν
1201 4149 1237 4205 τῷ
1260 4142 1370 4204 δνμοπίιρ
1394 4144 1477 4206 λύρῃ
1496 4143 1538 4193 lin.
1557 4144 1601 4193 22:
1621 4146 1671 4191 πῦν
1689 4138 1714 4191 lu
1731 4145 1788 4202 τοῖς
1806 4140 1848 4200 ὃν·

652 4229 749 4288 pociora
766 4225 913 4289 πράγμασιν
928 4224 1011 4273 ’ὄντων
1030 4226 1066 4274 (11.
1083 4226 1179 4290 quidem
1200 4225 1328 4283 Buehoien,
1345 4226 1502 4289 Psaudreedt
1519 4242 1542 4289 p.
1561 4225 1647 4285 teila.

687 4310 715 4374 ’1)
738 4309 794 4356 Le.
818 4305 943 4367 σώματος.
968 4306 1067 4366 ”orofra
1088 4328 1112 4349 ιι
1128 4322 1253 4368 personata
1276 4306 1363 4354 habent
1379 4308 1452 4355 elium
1468 4304 1598 4370 Πράξινς]
1621 4307 1674 4367 §lt
1692 4309 1716 4354 et
1736 4306 1764 4355 P.
1783 4308 1847 4371 015.

652 4390 699 4439 rol.
717 4390 744 4439 ΙΙ
762 4389 856 4454 poesim.
875 4389 911 4438 Cf.
929 4392 1052 4453 praeterea
1069 4388 1187 4446 Wilcken‚
1205 4389 1271 4437 Ostr.
1288 4387 1300 4435 1
1318 4403 1342 4452 p.
1358 4388 1408 4436 468
1425 4392 1484 4448 (not.
1503 4389 1527 4449 1)
1548 4408 1573 4430 =
1594 4387 1658 4436 psit
1678 4387 1752 4437 taso.

686 4473 713 4534 8)
731 4471 776 4520 Ed.
794 4487 844 4535 cup.
865 4473 878 4518 ⁶
896 4470 939 4519 lin.
958 4469 1065 4519 21-24.

686 4556 714 4617 0)
732 4553 751 4603 Ι.
769 4569 789 4602 e.
808 4553 838 4600 πὸ
857 4557 937 4612 σῶμα.
956 4552 993 4600 01.
1010 4567 1088 4615 super.
1106 4552 1187 4601 adnot.

685 4637 729 4697 10)
748 4635 816 4684 Inter
832 4635 901 4683 initia
918 4632 1015 4682 Galbae.

687 4717 730 4780 ll)
747 4717 821 4765 lacit.
841 4716 905 4764 Hice.
926 4716 936 4763 1
958 4715 994 4762 11.

685 4796 845 4861 11)]οκρ1.
862 4796 943 4860 Antiq.
960 4794 1004 4844 XX
1021 4795 1093 4856 §100
1109 4796 1150 4858 (ia.
1167 4795 1249 4845 XVIII
1267 4797 1358 4860 5259).
