4525 5950
791 672 833 718 nu
856 672 1003 718 moeses
1027 673 1109 719 arun
1132 673 1300 720 nomeu.
1574 652 1638 717 185

445 841 589 923 corporis
622 842 765 923 partem,
798 859 894 922 quam
925 857 1028 924 neque
1051 839 1164 904 thorax
1188 844 1320 917 aeneus,
1344 861 1446 925 neque
1470 842 1566 904 cassis
1590 838 1643 904 vel

443 944 543 1030 galea
573 949 656 1031 tegit
673 943 711 1025 ¹),
752 951 790 1009 ut
821 946 877 1010 ubi
909 945 1096 1010 vulneratur
1124 949 1190 1011 ima
1220 967 1293 1031 pars
1322 949 1460 1022 ventris,
1494 947 1545 1012 vel
1575 945 1641 1012 clu·

444 1053 516 1128 nis,
553 1051 605 1116 vel
638 1051 752 1127 femur,
782 1050 835 1116 rel
864 1052 960 1130 tibia,
993 1052 1045 1118 vel
1071 1053 1241 1129 humerus,
1267 1052 1320 1118 rel
1344 1054 1540 1139 bracehium.
1570 1055 1638 1118 Aut

444 1159 645 1223 occasionem
678 1159 787 1223 datam
818 1166 1008 1243 spreverunt
1037 1166 1197 1238 auctores;
1224 1159 1495 1245 quemadmodum
1524 1163 1639 1245 saepis-

442 1266 546 1339 sime,
580 1269 616 1328 ut
648 1265 707 1330 hoc
738 1287 842 1330 uuum
874 1265 1019 1344 afferam,
1051 1264 1174 1331 milites
1206 1288 1281 1331 cum
1315 1266 1513 1343 occiduntur,
1537 1287 1640 1351 neque

442 1377 596 1435 narratur
629 1392 691 1456 qua
723 1375 756 1435 in
785 1379 875 1457 parte
906 1375 1045 1457 corporis
1077 1373 1195 1437 vulnus
1228 1372 1352 1448 sedeat,
1385 1394 1486 1458 neque
1523 1374 1640 1458 quibus

443 1479 546 1542 armis
569 1476 704 1543 vulnera
736 1478 902 1544 defendere
932 1483 1037 1544 conati
1070 1483 1152 1556 sint,
1184 1481 1276 1544 cuius
1307 1481 1353 1544 rei
1384 1478 1530 1565 exemplo
1566 1486 1642 1543 sunt

441 1587 531 1648 iuter
560 1583 623 1648 alia
654 1583 766 1650 e677
797 1586 854 1650 ubi
878 1585 1007 1662 Ulixes,
1034 1583 1191 1671 703sqq,
1216 1583 1324 1650 11299
1338 1606 1404 1671 sqq.
1429 1586 1485 1650 ubi
1509 1585 1639 1661 Hector,

443 1701 474 1755 Π
497 1689 653 1776 eetsqq,
679 1690 744 1756 785
758 1712 824 1776 sqq.
850 1693 906 1756 ubi
931 1691 1097 1757 Patroclus
1120 1713 1277 1780 maguum
1300 1692 1442 1757 hostium
1467 1713 1638 1756 numerum

442 1797 630 1873 obtruncat,
663 1818 801 1882 quorum
831 1801 949 1883 partim
983 1802 1112 1864 nomina
1137 1805 1349 1874 recensentur,
1375 1797 1458 1862 nihil
1481 1797 1639 1884 amplius,

444 1907 565 1989 partim
601 1925 639 1968 ne
678 1911 881 1971 recensentur
915 1905 1045 1991 quidem
1080 1909 1218 1971 nomina.
1262 1907 1329 1969 Aut
1370 1904 1515 1969 militum
1550 1925 1638 1968 arma

444 2010 696 2097 designaverunt
726 2011 856 2096 quidem
888 2018 1032 2077 auctores
1063 2011 1116 2077 vel
1147 2012 1266 2077 indicia
1296 2011 1468 2088 dederunt,
1492 2011 1576 2075 unde
1599 2030 1636 2075 ea

444 2115 558 2203 colligi
584 2121 723 2203 possint,
750 2117 924 2183 dummodo
949 2118 1026 2204 quid
1049 2118 1210 2184 voluerint
1233 2121 1405 2204 percipias,
1430 2117 1485 2182 sed
1508 2117 1567 2181 hoc
1590 2118 1636 2201 iu

443 2245 537 2302 sum,
571 2224 649 2310 quid
680 2224 844 2289 voluerint
873 2246 935 2290 non
959 2231 1099 2301 constet;
1123 2231 1162 2288 ut
1185 2226 1242 2290 ubi
1261 2224 1500 2304 χαλκοχίτωνες
1525 2223 1636 2288 dicunt

442 2351 547 2415 neque
590 2340 698 2396 tamen
738 2334 945 2417 perspicuum
980 2340 1045 2410 est,
1080 2338 1193 2397 utrum
1228 2332 1278 2396 his
1313 2332 1418 2396 verbis
1454 2330 1637 2395 thoracibus

443 2440 568 2513 aeneis,
604 2459 643 2502 au
674 2441 792 2502 tunicis
823 2436 953 2503 laminis
984 2438 1196 2524 pectoralibus
1227 2440 1392 2502 instructis
1424 2457 1477 2502 eos
1507 2436 1637 2501 indutos

443 2544 625 2621 volueriut,
660 2545 711 2610 vel
742 2546 797 2610 ubi
829 2547 1029 2624 θωρήσσεσθαι
1061 2567 1113 2610 eos
1137 2545 1281 2622 tradant,
1306 2565 1408 2629 neque
1432 2551 1537 2608 tamen
1563 2545 1638 2607 sciri

443 2657 552 2737 potest
581 2659 693 2716 utrum
725 2673 776 2717 eos
807 2652 951 2717 thoraces
982 2673 1093 2717 aeneos
1124 2652 1257 2717 induere
1280 2673 1321 2716 an
1345 2653 1493 2716 universe
1518 2651 1636 2713 armari

442 2755 625 2835 volueriut,
655 2757 707 2822 vel
741 2759 795 2822 nbi
827 2759 988 2824 thoracem
1020 2762 1065 2824 eis
1098 2760 1262 2835 tribuunt,
1294 2759 1500 2843 perspicuum
1526 2762 1635 2819 autem

440 2885 507 2929 non
542 2871 607 2940 est,
644 2871 755 2928 utrum
790 2885 868 2929 voce
903 2863 997 2944 θώρηξ
1028 2866 1191 2930 thoracem
1227 2868 1361 2930 cineum
1399 2884 1439 2927 an
1477 2867 1634 2927 amictum

439 2971 580 3037 linteum
606 2972 773 3058 designare
797 2971 977 3049 volueriut,·
1002 2971 1056 3037 rel
1079 2972 1136 3036 ubi
1160 2970 1270 3056 clipeis
1293 2969 1346 3036 vel
1371 2967 1508 3036 scutulis
1532 2971 1633 3035 miuo-

438 3078 551 3159 ribus,
582 3077 634 3143 vel
666 3079 722 3143 ubi
744 3078 921 3143 cassidibus
945 3080 1048 3143 aeneis
1072 3083 1213 3142 armatos
1236 3084 1434 3163 proponunt,
1458 3096 1538 3162 quae
1563 3081 1631 3140 tam

439 3182 622 3248 thoracatos
657 3204 753 3268 quam
789 3205 851 3247 non
884 3184 1063 3249 thoracatos
1094 3183 1219 3248 credere
1250 3186 1377 3261 sinunt;
1410 3182 1462 3247 vel
1493 3182 1549 3246 ubi
1578 3202 1631 3246 eos

439 3288 604 3354 vulnerari
630 3298 756 3354 narrant
778 3293 825 3354 ita
847 3298 885 3353 ut
909 3311 947 3354 ex
970 3293 1065 3375 ipsis,
1089 3290 1206 3376 quibus
1231 3290 1420 3355 describitur
1433 3286 1632 3366 vulneratio,

439 3395 549 3460 verbis
579 3406 731 3481 sequatur
761 3404 798 3461 ut
831 3396 990 3462 vulnerati
1013 3397 1091 3462 nudi
1114 3397 1234 3462 luerint
1257 3418 1275 3461 a
1299 3396 1483 3460 thoracibus
1508 3398 1632 3471 eineis,

441 3503 499 3568 sed
530 3504 627 3567 rerba
649 3502 708 3567 illa
731 3525 806 3568 cum
829 3507 955 3589 saepius
978 3504 1090 3569 eadem
1113 3525 1170 3589 per
1192 3503 1316 3569 diversa
1339 3505 1480 3567 carmina
1503 3502 1632 3566 obviam

441 3609 535 3684 fiant,
570 3612 729 3674 incertum
765 3609 947 3695 relinquant
980 3618 1092 3675 utrum
1127 3613 1190 3695 ipsi
1221 3631 1258 3675 ea
1288 3611 1559 3696 excogitaverint,
1592 3627 1633 3672 an

439 3718 563 3780 imitati
583 3719 647 3779 sint
666 3722 699 3782 et
720 3723 830 3781 utrum
849 3737 960 3782 eorum
980 3720 1048 3781 vim
1068 3717 1313 3802 ponderaverint
1331 3737 1371 3781 an
1399 3715 1631 3782 inconsiderata

439 3826 628 3908 receperint.
660 3822 812 3890 Ceterum
844 3826 898 3888 vix
930 3845 1009 3908 opus
1041 3830 1089 3888 est
1120 3824 1200 3901 dici,
1231 3824 1299 3888 fieri
1330 3845 1390 3888 non
1426 3843 1516 3907 posse
1552 3824 1630 3906 quin

438 3934 525 3994 inter
547 3928 630 3994 locos
654 3934 710 4014 qui
734 3952 846 4016 perse
870 3933 1004 4016 spectati
1028 3930 1163 3994 dubium
1189 3929 1369 4016 relinquant
1393 3938 1504 3994 utrum
1524 3936 1630 3993 aucto·

437 4058 489 4101 res
521 4036 658 4100 thoracis
688 4039 776 4101 aenei
799 4039 957 4101 rationem
982 4037 1153 4102 habuerint
1177 4058 1273 4102 necue
1296 4035 1394 4101 multi
1417 4039 1481 4100 sint
1504 4038 1560 4121 qui
1583 4038 1629 4099 ita

437 4143 626 4208 cohaereant
656 4164 729 4207 cum
760 4142 856 4221 locis,
888 4144 1004 4228 quibus
1035 4143 1068 4207 id
1092 4147 1170 4209 satie
1193 4149 1339 4229 apertum
1364 4146 1424 4219 sit,
1448 4151 1485 4206 ut
1508 4142 1628 4207 eisdem

438 4249 601 4314 tribuendi
625 4251 690 4313 sint
714 4250 911 4326 auctoribus,
935 4252 1043 4336 itaque
1067 4250 1106 4315 de
1129 4253 1169 4315 iis
1193 4272 1256 4315 nou
1279 4249 1372 4315 aliter
1396 4271 1493 4336 quam
1518 4250 1556 4314 de
1580 4250 1630 4314 his

438 4358 482 4420 sit
506 4354 723 4420 iudicandum.

485 4461 569 4525 Hinc
599 4468 708 4526 autem
741 4466 915 4528 necessario
947 4467 1035 4550 sequi
1068 4463 1198 4529 ridetur
1222 4470 1258 4529 ut
1283 4467 1404 4550 siquis
1428 4472 1629 4551 recteatque

444 4629 637 4637 —--——-

475 4726 501 4788 1)
523 4726 547 4775 Si
571 4732 651 4776 temen
673 4732 767 4777 scutum
789 4726 865 4776 tulere
882 4743 932 4777 eam
951 4730 1026 4792 tegit,
1045 4729 1136 4779 nullius
1155 4730 1269 4780 momenti
1287 4737 1323 4781 eet
1339 4748 1367 4781 ea
1386 4748 1436 4792 res,
1454 4733 1498 4783 hoc
1516 4734 1580 4785 euim
1596 4736 1632 4784 in·

435 4808 546 4860 comalio
563 4809 644 4874 aliquo
661 4815 727 4859 motu
745 4810 799 4860 tolli
817 4811 909 4877 potuit,
928 4811 963 4861 ita
982 4816 1007 4862 ut
1026 4812 1132 4879 exposita
1149 4813 1204 4863 telis
1221 4816 1295 4863 lieret.
