4525 5950
955 700 1108 760 6666666.
1560 693 1624 759 221

485 877 538 944 22.
565 879 662 944 Don.:
688 877 823 965 „pecto”
847 878 952 943 modo.
1022 877 1125 942 Phil.:
1150 878 1211 942 hoc
1233 879 1280 942 ita
1298 870 1453 962 explicat:
1474 879 1626 963 quoniam

439 985 598 1051 antecedit
618 988 776 1070 pactum,
807 987 952 1070 sequitur
982 984 1114 1050 modus:
1139 1005 1216 1070 ergo
1239 984 1278 1049 ab
1301 1004 1338 1048 eo
1361 982 1447 1068 qnod
1470 987 1626 1069 sequitur,

439 1091 471 1155 id
495 1092 579 1177 qnod
603 1091 773 1176 praecedit.

484 1197 577 1262 Hanc
606 1197 753 1284 regulam
784 1200 814 1262 ei
836 1200 869 1262 in
893 1197 1015 1261 deliciis
1038 1197 1137 1262 inisse
1160 1196 1273 1262 docent
1295 1197 1372 1262 haec
1396 1199 1465 1262 eius
1488 1196 1627 1263 scholia:

440 1303 479 1369 ad
510 1304 557 1368 111
581 1303 611 1369 2.
626 1304 687 1369 22:
721 1304 847 1381 „dicas”
873 1326 928 1389 pro
952 1304 1075 1381 credas,
1101 1326 1165 1368 non
1188 1306 1273 1368 enim
1298 1304 1434 1368 dicimus
1458 1307 1520 1369 nisi
1543 1305 1627 1390 quod

438 1411 615 1476 credimus:
647 1412 686 1476 ab
718 1433 754 1476 eo
787 1410 870 1496 quod
900 1413 1054 1496 sequitur,
1086 1410 1120 1475 id
1151 1410 1234 1495 quod
1266 1411 1436 1495 praecedit.
1472 1410 1561 1476 [dem
1586 1412 1627 1476 ed

438 1517 521 1582 Eun.
555 1517 597 1581 tv
630 1517 660 1582 6.
673 1516 733 1581 24;
771 1518 809 1582 ab
841 1539 878 1583 eo
909 1517 993 1601 quod
1023 1517 1183 1602 praecedit
1213 1516 1461 1602 („pr0spioere’')
1484 1517 1519 1581 id
1541 1517 1627 1603 quod

436 1627 583 1709 sequitur
605 1624 798 1708 („cavere”);
823 1623 899 1688 ibid.
921 1622 963 1688 IV
985 1620 1014 1688 7.
1030 1621 1082 1687 10.
1109 1622 1207 1687 Don.:
1230 1622 1376 1700 „servat”
1402 1645 1459 1708 pro
1483 1633 1627 1688 remanet

436 1738 469 1794 et
492 1731 648 1795 observet.
674 1728 750 1795 llle:
777 1729 829 1795 vel
854 1751 910 1814 pro
934 1730 1077 1795 sedetet
1101 1734 1223 1793 servat:
1249 1730 1287 1794 ab
1311 1750 1347 1795 eo
1371 1729 1457 1814 quod
1481 1733 1629 1816 sequitur

437 1837 471 1902 id
504 1837 586 1921 quod
618 1836 793 1923 praecedit:
825 1857 900 1900 nam
929 1857 993 1900 non
1024 1844 1130 1902 servat
1160 1838 1224 1900 nisi
1254 1838 1311 1921 qni
1342 1839 1431 1921 prius
1459 1839 1493 1901 in
1516 1837 1626 1901 eodem

438 1942 508 2008 loco
531 1942 659 2007 sederit.

484 2049 733 2134 Usurpaveritne
757 2050 818 2113 hoc
842 2048 987 2114 Donatus
1010 2048 1151 2113 nondum
1176 2051 1323 2134 cognovi.

484 2215 537 2280 46.
558 2215 656 2280 Don.:
674 2215 752 2280 bene
771 2214 971 2301 „apportet'’.
996 2215 1073 2279 Ph.:
1094 2218 1169 2300 quia
1188 2224 1412 2301 apportare
1429 2218 1550 2301 ignotis
1568 2224 1626 2285 eet.

485 2397 538 2462 56.
561 2396 657 2462 Don.:
680 2396 828 2473 „Habet”
849 2399 895 2462 sie
916 2396 1032 2461 dicitnr
1051 2397 1089 2462 de
1101 2419 1138 2462 eo
1150 2399 1206 2482 qui
1217 2395 1358 2463 letaliter
1371 2397 1556 2464 vulneratus
1567 2407 1625 2478 est,

437 2503 602 2591 Vergilius
626 2506 717 2583 (Aen.
743 2502 804 2568 XII
828 2501 916 2581 296).
942 2502 1045 2568 Ρ611.;
1066 2506 1191 2588 proprie
1210 2504 1248 2569 de
1266 2503 1496 2590 gladiatoribus
1509 2505 1627 2571 dicitur

437 2610 590 2690 „habet”‚
616 2614 691 2694 quia
713 2613 801 2695 prius
824 2610 879 2675 alii
902 2610 1031 2687 vident,
1055 2632 1152 2696 quam
1175 2614 1238 2694 ipsi
1260 2614 1398 2676 sentiant
1421 2632 1454 2676 se
1474 2633 1541 2677 esse
1561 2633 1629 2699 per·

434 2738 554 2782 cuseos.
624 2716 809 2781 Notandum
842 2722 890 2781 est
921 2716 980 2780 hoc
1003 2737 1065 2780 non
1088 2719 1296 2782 coniunctum
1320 2738 1387 2781 esse
1408 2739 1484 2782 cum
1507 2718 1628 2784 scholio

432 2827 538 2909 ipsius
569 2822 702 2900 Donati,
735 2822 818 2908 quod
840 2824 954 2899 citavi,
980 2821 1034 2886 sed
1057 2825 1250 2908 excerptoris
1272 2821 1409 2888 alicuius
1434 2822 1567 2904 Donati,
1591 2832 1629 2888 ut

436 2931 579 2997 videtur.

484 3082 536 3148 66.
569 3083 668 3149 Don.:
702 3081 954 3160 „conflictatur”
984 3083 1018 3146 id
1041 3088 1089 3147 est
1112 3084 1272 3147 atteritur.
1304 3082 1382 3147 Ph.:
1407 3082 1629 3150 conflicta·

432 3194 497 3256 tio
521 3197 569 3255 est
592 3198 696 3255 tactus
720 3192 859 3264 invicem
883 3191 1023 3274 corporis
1047 3194 1079 3254 et
1102 3186 1246 3254 collisus.

483 3358 537 3423 80.
567 3357 662 3422 Don.:
687 3356 740 3422 Sic
764 3377 849 3433 „una
871 3356 980 3421 aderat
1003 3355 1185 3442 frequens”,
1210 3361 1366 3442 utsupra
1392 3377 1486 3432 „cum
1509 3358 1626 3441 quibus

435 3474 506 3530 erat
529 3485 667 3548 cumque
691 3463 786 3528 una’'.
822 3462 913 3527 Phil:
937 3483 1108 3547 possumus
1132 3464 1218 3527 enim
1243 3469 1275 3526 et
1297 3462 1404 3526 adesse
1427 3470 1459 3527 et
1483 3463 1626 3548 frequen·

435 3578 484 3635 tes
514 3592 574 3635 non
606 3591 690 3646 esse,
721 3571 749 3634 si
779 3574 959 3653 praesentes
990 3590 1053 3634 non
1084 3567 1311 3633 adhaereamus
1341 3568 1408 3644 bis,
1432 3568 1548 3653 quibus
1572 3567 1625 3633 ad·

435 3698 559 3741 sumus.

482 3844 536 3909 84.
560 3844 660 3909 Ι)66.;
687 3842 922 3921 „Familiariter
947 3840 1078 3918 <fert>’'
1104 3843 1194 3926 quasi
1218 3840 1396 3906 familiaris.
1432 3841 1534 3906 Phil.:
1561 3841 1626 3919 „fa-

433 3948 626 4016 miliariter”
663 3949 696 4013 id
726 3956 775 4014 est
804 3951 956 4034 graviter,
989 3968 1062 4012 nam
1094 3967 1175 4031 quae
1205 3948 1296 4012 nobis
1327 3954 1402 4011 sunt
1432 3947 1623 4026 familiaria,

431 4059 548 4145 gravia
571 4062 646 4119 sunt
669 4057 776 4119 animo
799 4061 918 4119 nostro.

482 4222 534 4286 90.
560 4222 720 4299 „Efferre”
745 4217 904 4286 Graecum
929 4227 989 4296 est,
1014 4220 1099 4305 quod
1121 4224 1225 4285 vitans
1248 4220 1427 4308 Vergilius,
1448 4242 1487 4286 ne
1507 4222 1626 4288 diceret

433 4328 625 4407 „efferunt¹’,
659 4333 847 4412 „exportant
878 4326 960 4405 (scil.
993 4334 1080 4410 apes)
1111 4330 1215 4402 tectis,
1248 4330 1371 4412 inquit,
1401 4321 1529 4413 corpora
1552 4326 1625 4394 luce

431 4434 621 4501 carentum”
647 4429 778 4516 (Georg.
803 4430 846 4496 IV
872 4431 962 4512 255).

484 4602 557 4667 100.
594 4600 658 4679 „Et
688 4600 766 4665 bene
799 4599 916 4677 „funus
946 4598 1108 4684 procedit,
1132 4621 1189 4665 nos
1212 4601 1400 4685 sequimur”
1432 4599 1514 4665 dixit
1536 4604 1627 4686 quasi

427 4715 526 4795 „post
555 4711 663 4793 ipsum
694 4704 878 4772 morituri'’.
908 4704 995 4770 Haec
1019 4704 1197 4791 allegorica
1220 4708 1338 4771 comici
1359 4709 1513 4771 sermonis
1533 4710 1629 4774 inter·

426 4816 568 4902 pretatio
591 4832 685 4878 omne
708 4810 787 4876 tulit
810 4817 981 4896 punctum.
