4525 5950
616 1267 686 1357 DD
714 1266 959 1400 thuaneo
989 1267 1134 1358 APUD
1166 1266 1449 1359 HOMDRUM.

981 1505 1105 1547 SCRIPSIT

790 1690 1058 1757 MAT'PHADUS
1082 1689 1290 1757 VALD‘I'ON.

946 1994 1131 2040 —wflo—

1001 2257 1069 2342 §a

436 2487 572 2541 Esset·
594 2477 652 2540 189,
668 2477 719 2526 ²82
737 2477 812 2544 trient
829 2477 936 2528 iurene·
1018 2476 1181 2553 Diomedi,
1209 2477 1345 2542 Pandari
1366 2477 1485 2562 sagitta
1504 2496 1560 2562 par
1581 2476 1631 2540 ce-

475 2565 582 2628 gendus
600 2569 642 2614 est
658 2565 755 2614 tunica
773 2563 870 2614 lintea.
973 2609 1060 2662 mm
1080 2586 1199 2662 γύαλον
1221 2582 1302 2648 Ε98
1315 2603 1382 2669 ΜΝ·
1403 2583 1576 2647 humerum
1594 2585 1628 2647 in

435 2690 589 2754 dextrum
613 2687 799 2763 vulnerato,
822 2689 901 2754 dum
924 2711 979 2776 per
1003 2691 1175 2756 humarum
1200 2687 1389 2765 Sthenelus,
1414 2696 1451 2752 ut
1474 2691 1627 2775 sagittam

434 2804 614 2873 removeat,
639 2795 804 2882 cuspidem
828 2803 961 2883 storga
985 2796 1143 2882 protrahit
1167 2818 1214 2861 vs.
1234 2794 1308 2873 112,
1329 2798 1461 2882 sanguis
1480 2802 1629 2860 narratur

434 2905 574 2968 emicare
606 2902 657 2966 διὰ
688 2911 846 2980 στρεπτοῖο
876 2909 1022 2982 χιτῶνος,
1056 2902 1195 2968 thoracis
1227 2899 1316 2967 nulla
1344 2904 1504 2966 mentione
1527 2901 1625 2979 facta,

435 3031 535 3094 quem
573 3013 600 3073 si
637 3008 693 3073 ille
731 3030 828 3094 supra
864 3012 894 3073 ei
933 3009 1107 3086 induisset,
1149 3031 1205 3094 par
1237 3009 1338 3088 huno,
1370 3031 1434 3074 non
1463 3030 1519 3095 per
1549 3030 1625 3073 cum

434 3124 620 3182 cerneretur
649 3119 781 3202 sanguis
813 3137 983 3200 erumpens
990 3138 999 3195 ;
1032 3125 1065 3180 at
1088 3137 1164 3181 eum
1188 3116 1318 3181 induere
1342 3136 1438 3201 supra
1461 3115 1624 3180 thoracem

433 3228 570 3289 aeneum
591 3222 768 3288 absurdum
787 3230 864 3287 erat.
885 3222 996 3307 Neque
1016 3223 1157 3308 proiecto
1176 3221 1364 3299 Sthenelus,
1383 3220 1433 3286 illi
1451 3222 1625 3298 thoracato,

435 3331 502 3394 nisi
533 3332 668 3415 sagitta,
700 3336 826 3414 praeter
857 3330 1031 3394 humerum
1060 3332 1186 3415 ipsum,
1219 3336 1287 3393 tam
1318 3335 1442 3414 partem
1473 3331 1627 3413 posticam

435 3438 577 3500 thoracis
600 3455 697 3520 quam
720 3438 860 3500 anticam
884 3435 1076 3520 perforavit,
1100 3435 1264 3521 cuspidem
1288 3455 1307 3499 a
1331 3442 1420 3521 tergo
1444 3433 1628 3520 protrahere

436 3542 562 3627 potuit,
589 3562 669 3626 quae
693 3548 800 3605 tamen
823 3543 873 3606 ris
896 3544 1033 3627 sagittae
1054 3543 1109 3606 vix
1127 3563 1163 3607 ac
1183 3563 1222 3606 ne
1241 3544 1297 3606 vix
1317 3540 1448 3626 quidam
1467 3538 1627 3604 credibilis

436 3653 498 3712 est.
530 3646 660 3711 Accedit
691 3646 774 3732 quod
806 3668 850 3712 vs.
879 3644 942 3712 795
967 3646 1138 3713 Diomedes
1161 3668 1180 3712 a
1203 3647 1351 3711 Minerva
1373 3648 1541 3732 reperitur,
1566 3665 1628 3730 quo

435 3751 557 3819 vulnus
589 3752 756 3840 refrigeret
779 3756 862 3818 scuti
886 3753 1016 3818 fasciam
1040 3752 1183 3818 allevans
1206 3761 1238 3819 et
1260 3774 1405 3819 cruorem
1429 3751 1627 3817 atricolorem

434 3861 634 3945 abstergens.
667 3859 757 3939 Quod
790 3866 874 3925 recte
905 3859 1036 3925 Roichel
1052 3861 1076 3940 ¹)
1106 3866 1139 3925 et
1170 3859 1289 3925 Rohert
1302 3857 1327 3940 ²)
1351 3881 1407 3925 vv.
1431 3859 1483 3923 dd.
1508 3866 1627 3945 negant

434 3988 514 4032 eum
539 3967 639 4031 facere
662 3970 802 4052 potuisse
827 3965 978 4031 indutum
998 3968 1126 4032 thoraca
1147 3972 1251 4032 aeneo.
1271 3966 1334 4032 Fac
1353 3975 1462 4032 autem
1482 3968 1624 4043 aruisse,

434 4080 529 4139 scuto
561 4094 687 4158 quoque
717 4094 750 4137 se
774 4072 928 4149 levasset,
953 4094 988 4138 ac
1012 4095 1123 4139 rursus
1146 4073 1303 4139 induisset
1325 4080 1537 4160 pugnaturus.
1563 4071 1624 4137 Sed

434 4178 566 4265 qualem
588 4183 712 4244 invenit
736 4180 794 4245 dea
817 4183 929 4244 statim
952 4202 1060 4245 secum
1085 4180 1174 4246 ducit
1197 4180 1349 4246 adversus
1368 4179 1517 4245 Martem.
1540 4180 1627 4245 Haec

434 4308 502 4351 non
534 4285 696 4371 urguenda
721 4307 788 4351 esso
812 4286 944 4350 forsitan
969 4289 1040 4372 quis
1063 4294 1205 4365 censeat,
1231 4308 1305 4352 cum
1330 4290 1463 4351 minime
1487 4293 1628 4365 constet,

433 4395 495 4479 qui
524 4397 618 4477 potita
641 4414 716 4458 cum
740 4393 846 4458 Marte
870 4393 1061 4459 Diomedem
1083 4400 1257 4459 certantem
1282 4394 1374 4471 fecit,
1398 4393 1535 4459 eundem
1560 4415 1628 4460 esse

472 4669 500 4730 l)
520 4667 678 4717 Homerische
697 4669 802 4718 Waden‘
822 4685 846 4734 p.
865 4668 956 4734 72sqq.

473 4752 502 4813 2)
519 4750 619 4799 Studien
638 4765 681 4799 rur
699 4749 757 4799 Ilias
774 4767 797 4815 p.
817 4750 856 4802 tt.
