4525 5950
1069 704 1221 752 rasurus.
1679 683 1741 748 137

546 876 686 937 amatori
719 872 873 949 tradatur,
909 875 971 937 nisi
1001 869 1168 937 Calidorus
1195 879 1321 934 mature
1351 870 1524 934 intercedat
1556 877 1651 954 atque
1681 876 1744 933 stet

541 982 691 1063 pactione
712 1000 786 1043 cum
808 978 951 1043 Ballione
972 977 1051 1042 olim
1073 980 1170 1050 inita,
1192 979 1309 1040 etenim
1330 976 1428 1040 buius
1447 978 1603 1060 pactionis
1619 996 1743 1060 quoque

540 1088 666 1149 mentio
689 1085 758 1149 fieri
783 1084 893 1149 debuit
916 1087 950 1148 in
975 1085 1024 1147 his
1048 1082 1185 1160 litteris,
1209 1086 1259 1145 uti
1283 1103 1356 1146 mor
1381 1082 1556 1166 apparebit.
1585 1080 1655 1145 Hac
1678 1103 1743 1145 cor·

544 1194 686 1255 rectione
710 1197 903 1255 evanescunt
927 1188 1092 1255 obstacula
1115 1210 1195 1273 quae
1220 1188 1425 1252 offendimus:

596 1298 624 1359 1.
651 1295 871 1381 Disorapantia
896 1299 1052 1381 temporis
1075 1299 1160 1358 iuter
1183 1315 1271 1358 cras
1296 1301 1328 1357 et
1351 1293 1473 1357 bodie
1497 1291 1632 1356 tollitur.

593 1402 613 1464 2
639 1409 671 1466 et
696 1401 726 1466 3.
751 1403 858 1466 Poena
881 1403 1138 1486 prostitutionis,
1161 1420 1256 1482 qnam
1276 1398 1381 1463 Ballio
1403 1401 1573 1462 minitatur
1587 1396 1652 1460 225
1666 1419 1743 1482 sqq.,

544 1511 672 1571 iustum
691 1508 856 1571 horrorem
876 1509 993 1571 inicere
1013 1512 1116 1589 potest
1128 1505 1316 1580 Phoenicio,
1335 1504 1582 1588 spectatoribus,
1595 1501 1742 1568 Calidoro

542 1621 575 1678 et
604 1613 780 1690 Pseudolo,
810 1611 1067 1698 quandoquidem
1096 1614 1246 1697 ignorant
1273 1609 1441 1674 mulierem
1469 1609 1562 1673 hodie
1590 1609 1644 1674 vel
1674 1630 1742 1673 cras

543 1719 721 1784 abductum
744 1721 785 1782 iri
810 1740 827 1783 e
851 1718 944 1783 domo
963 1718 1096 1782 lenonis.
1121 1716 1182 1782 Sed
1202 1719 1229 1780 si
1250 1715 1375 1779 tollitur
1394 1736 1430 1779 ex
1453 1714 1591 1799 epistula
1610 1729 1740 1799 pactum

545 1849 621 1891 cnm
657 1826 781 1901 milite,
815 1847 912 1909 quem
944 1846 1071 1889 sensum
1104 1831 1181 1888 tnnc
1213 1823 1308 1887 habet
1339 1823 1570 1906 spectatoribus
1601 1844 1648 1886 vs.
1675 1821 1741 1887 226

544 1933 612 2008 „Ea
633 1935 748 2018 pacisci
772 1932 866 1996 modo
887 1934 966 2007 scis,
991 1930 1044 1994 sed
1069 1930 1152 2015 quod
1176 1930 1295 2014 pacta’s
1319 1950 1380 1992 non
1405 1931 1464 1991 scis
1488 1928 1644 2003 soluere”,
1666 1950 1740 1992 cum

540 2036 704 2102 nihildum
748 2036 796 2101 illi
833 2037 1015 2102 audiverint
1052 2036 1090 2099 de
1126 2034 1233 2118 aliqua
1269 2036 1415 2118 pactione
1447 2031 1634 2097 Phoeniciil
1668 2034 1740 2099 Hoc

540 2147 646 2229 igitur
670 2149 718 2207 est
741 2144 825 2228 quod
850 2142 934 2218 dixi,
954 2145 987 2204 in
1009 2140 1134 2206 tabellis
1153 2140 1317 2204 Phoenicii
1338 2149 1619 2204 commemoratam
1640 2141 1738 2205 fuisse

540 2251 723 2333 pactionem
756 2245 896 2313 Calidori
921 2268 994 2311 cnm
1019 2245 1123 2311 milite
1148 2245 1288 2310 breviter
1311 2244 1457 2329 quidem,
1483 2245 1537 2309 sed
1562 2254 1666 2309 tamen
1692 2250 1739 2310 ita

537 2364 574 2419 ut
601 2357 671 2418 eius
694 2357 973 2418 reminiscerentur
997 2357 1190 2436 spectatores
1214 2350 1252 2414 ad
1276 2352 1361 2414 hunc
1386 2372 1525 2415 versum.
1551 2351 1593 2414 Et
1617 2350 1654 2416 de
1678 2352 1736 2416 hoo

539 2459 666 2524 loedere
690 2481 798 2524 revera
822 2459 884 2523 dici
908 2465 1013 2543 potest
1036 2461 1140 2542 ipsam
1165 2458 1376 2521 Phoenicium
1400 2455 1482 2520 illud
1506 2465 1629 2541 pactam
1651 2478 1735 2533 esse,

537 2566 618 2629 dum
643 2564 754 2629 foedus
777 2586 852 2628 cum
875 2567 980 2628 inviso
1005 2563 1111 2627 milite
1136 2586 1196 2628 non
1221 2565 1324 2646 ipsam
1349 2561 1401 2626 sed
1427 2561 1605 2626 Ballionem
1625 2563 1735 2627 fecisse

537 2669 745 2735 statuendum
770 2674 822 2735 sit.

584 2775 615 2839 4.
656 2775 792 2840 Laetitia
823 2782 853 2840 et
879 2775 1055 2859 desperatio
1079 2773 1221 2840 Calidori
1244 2778 1402 2860 genuinae
1426 2781 1501 2837 sunt
1525 2781 1557 2838 et
1580 2777 1683 2838 iustae
1708 2778 1735 2839 si

536 2886 683 2967 primum
707 2905 725 2948 a
747 2883 858 2947 lenone
882 2885 1043 2968 cognoscit
1067 2881 1294 2946 venditionem.

584 2991 603 3053 5
637 2998 667 3054 et
702 2989 732 3054 6.
771 2990 959 3054 Rectissime
995 2988 1173 3053 Pseudolus
1206 2992 1240 3052 in
1275 2990 1389 3072 primis
1424 2990 1525 3052 scenis
1560 3009 1660 3073 usque
1695 2987 1734 3052 ad

535 3120 585 3162 vs.
609 3095 672 3160 381
697 3096 757 3160 hoo
777 3105 905 3158 tantum
926 3098 996 3182 agit
1016 3101 1053 3157 ut
1072 3097 1280 3159 inveniantur
1299 3094 1362 3157 XX
1381 3095 1487 3158 minae
1508 3094 1546 3157 ad
1567 3095 1733 3159 emendam

535 3203 727 3277 mulierem,
752 3223 848 3287 quam
873 3204 937 3265 iam
961 3204 1098 3265 veniisse
1123 3201 1265 3264 nondum
1290 3206 1494 3285 cognoverat.

583 3310 750 3392 Proposita
782 3307 934 3391 epistolae
967 3310 1159 3371 correctione
1191 3309 1288 3370 etiam
1313 3305 1432 3370 leviora
1458 3308 1540 3369 vit-ia
1565 3304 1732 3382 tolluntur,

536 3436 618 3499 quae
644 3416 770 3478 notavit
793 3412 973 3497 Langenus.
1000 3414 1149 3480 Primum
1174 3413 1211 3475 ad
1238 3434 1284 3476 vs.
1310 3412 1398 3496 ilsqq

675 3518 757 3597 Quid
783 3529 831 3582 est
855 3519 938 3603 quod
965 3524 999 3581 tu
1026 3520 1227 3583 exanimatus
1249 3518 1307 3581 hos
1331 3517 1450 3582 multos
1474 3518 1541 3582 dies

676 3622 792 3689 Gestae
816 3623 950 3688 tabellas
974 3631 1096 3700 tecum,
1123 3645 1175 3688 eas
1198 3623 1350 3687 lacrumis
1372 3623 1455 3687 lavis

673 3729 783 3815 Neque
807 3732 855 3793 tui
881 3731 1068 3813 participem
1093 3728 1205 3794 consili
1228 3749 1422 3813 quemqnam
1447 3726 1544 3793 lacis?

534 3838 574 3900 de
610 3839 726 3921 quibus
758 3836 816 3900 hoc
848 3835 1012 3899 observat:
1047 3833 1226 3920 „Auffallig
1256 3838 1299 3898 ist
1328 3835 1436 3910 dabei,
1470 3833 1535 3898 und
1567 3836 1654 3899 nicht
1684 3838 1732 3898 im

532 3946 722 4028 geringsten
754 3940 950 4027 begriindet,
984 3940 1055 4004 dass
1088 3939 1255 4006 Calidorus
1278 3941 1345 4004 sich
1370 3941 1458 4004 nicht
1483 3941 1600 4005 bereits
1624 3941 1733 4005 frtiher

533 4048 598 4112 und
625 4047 885 4133 unaufgefordert
906 4067 945 4110 an
966 4045 1144 4111 Pseudolus
1163 4046 1296 4132 gewand
1317 4047 1382 4122 bat,
1405 4045 1445 4109 da
1464 4047 1549 4111 diese
1568 4047 1624 4110 ihn
1643 4055 1731 4112 sonet

532 4154 616 4218 doch
639 4158 756 4217 immer
772 4156 805 4217 in
826 4155 934 4217 seinen
948 4152 1213 4236 Verlegenheiten
1227 4174 1264 4215 zu
1278 4151 1381 4215 helsen
1394 4152 1546 4237 pflegte'',
1556 4176 1601 4217 vs.
1620 4153 1661 4216 16
1674 4152 1729 4239 flg.

579 4260 622 4323 Et
646 4281 676 4343 p.
705 4257 768 4322 199
793 4258 832 4322 ad
857 4281 904 4323 vs.
930 4258 991 4322 22:
1019 4258 1141 4333 „Manu
1166 4257 1258 4322 sollte
1278 4266 1432 4322 erwarten
1453 4258 1629 4323 Pseudolus
1648 4260 1729 4323 habe

531 4368 590 4429 ibn
615 4363 813 4448 (epistolam)
833 4364 932 4429 solort
951 4363 1097 4449 gelasen:
1118 4364 1185 4427 dies
1204 4363 1370 4449 gescbielrt
1386 4364 1497 4449 jedoch
1519 4365 1727 4451 keineswegs‚

532 4471 667 4535 eonderu
693 4471 747 4534 der
770 4469 889 4534 Sklave
913 4470 1021 4534 macht
1045 4471 1198 4534 annichst
1220 4468 1341 4533 aller-lei
1364 4470 1496 4536 Scherae
1516 4472 1581 4534 und
1596 4473 1730 4557 beginnt

529 4583 596 4641 erst
629 4578 678 4640 bei
711 4598 757 4639 vs.
784 4577 824 4639 41
852 4599 890 4640 au
914 4575 1032 4641 lesan'’.
1058 4576 1091 4641 Si
1117 4575 1205 4640 nulla
1230 4577 1296 4641 dies
1320 4577 1510 4641 venditionis
1534 4580 1566 4641 in
1591 4578 1729 4661 epistula

530 4686 594 4749 fuit
633 4689 898 4757 commemorata,
935 4704 998 4747 non
1035 4691 1103 4747 erat
1138 4682 1317 4768 pericnlum
1354 4687 1387 4747 in
1424 4705 1513 4748 mora
1543 4692 1729 4768 poteratque

531 4793 602 4855 sinc
640 4788 754 4853 damno
791 4788 969 4854 Pseudolus
1005 4792 1101 4854 iocari
1138 4802 1308 4876 antequam
1344 4789 1463 4878 legeret
1500 4798 1532 4855 et
1563 4788 1729 4857 Calidorus
