4525 5950
1058 693 1232 743 uourmol.
1697 678 1738 744 21

540 862 596 924 cui
633 863 670 925 ut
704 859 801 925 fidem
830 860 967 925 habeam
998 859 1147 944 equidem
1179 879 1198 923 a
1228 880 1281 924 me
1311 861 1487 945 impetrare
1511 883 1572 926 nou
1597 882 1739 946 possum.

541 964 652 1029 Nimis
686 967 773 1030 enim
807 985 845 1030 ea
880 966 978 1031 verba
1011 969 1159 1050 pugnant
1193 985 1255 1028 non
1287 965 1416 1049 quidem
1449 987 1523 1030 cum
1554 980 1739 1053 praegresso

541 1071 686 1156 epitheto
718 1070 903 1147 ἀθεμίστων,
935 1069 1019 1154 quod
1051 1070 1165 1150 ίορθθνε
1195 1077 1328 1134 carentes
1358 1068 1506 1157 intellegi
1537 1077 1660 1157 potest,
1685 1072 1740 1138 eod

541 1197 619 1240 cum
643 1177 744 1260 impia
766 1174 963 1262 Polyphemi
985 1177 1127 1240 oratione
1152 1173 1238 1240 1275
1260 1195 1345 1260 eqq.:

728 1280 831 1354 νηπιθς
858 1280 932 1357 ἔστ’,
957 1277 978 1343 ὦ
1001 1277 1086 1358 ξεῖν’,
1112 1281 1129 1355 ἢ
1155 1280 1280 1354 πηλίθεν
1304 1280 1501 1358 είλιίλουθοις,

728 1382 758 1458 ὅς
783 1409 824 1458 με
848 1386 930 1457 θεοὺς
956 1385 1061 1450 κέλεαι
1088 1384 1104 1458 ἢ
1130 1384 1274 1462 oseriae·
1299 1384 1316 1460 ἣ
1341 1384 1512 1449 οίλὲοισθοιι·

726 1491 760 1554 οὐ
785 1491 847 1569 γὰρ
871 1490 1038 1562 Κύκλωπες
1064 1491 1136 1563 Διὸς
1161 1490 1309 1568 οιίνιίχοί
1332 1490 1482 1567 ἀλέγουσι

725 1596 791 1661 οὐδὲ
814 1598 885 1660 θεῶν
907 1597 1064 1676 parerer,
1090 1595 1155 1659 ἐπεὶ
1182 1589 1200 1667 ἦ
1224 1596 1303 1659 πολὺ
1328 1595 1468 1675 Φέρτεροί
1492 1596 1586 1670 είμεν.

541 1702 622 1782 Quis
651 1723 729 1768 vero
752 1701 860 1768 credat
882 1703 1002 1767 bonum
1026 1706 1173 1787 poetam,
1198 1700 1302 1786 qualie
1325 1706 1374 1766 eet
1397 1701 1496 1765 huius
1517 1699 1593 1765 libri
1617 1706 1737 1779 auctor,

542 1808 642 1874 talem
673 1814 804 1894 gentem
836 1807 939 1872 dicere
970 1809 1113 1894 potuieee
1145 1807 1235 1871 θεοῖσι
1267 1803 1463 1870 πεποιθίνοιί
1494 1805 1597 1884 Quare
1628 1804 1738 1871 uullue

542 1915 657 1980 dubito
676 1917 755 1999 quin
774 1915 885 1999 gravia
904 1911 1021 1998 aliquio
1040 1913 1094 1977 hic
1105 1911 1205 1977 lateat
1217 1933 1313 1989 error,
1327 1933 1423 1996 quem
1436 1914 1593 1997 corrigere
1606 1933 1736 1997 nequeo,

541 2019 774 2085 Deficientibue
797 2017 945 2095 scholiis,
970 2016 1049 2103 quid
1072 2023 1196 2084 veteres
1219 2019 1272 2083 hic
1294 2017 1434 2102 legerint
1456 2020 1653 2104 ignoramus.

588 2234 688 2301 1259.
726 2231 802 2310 ἦμίς
826 2259 871 2299 τοι
896 2235 1039 2313 Τροίηθεν
1063 2235 1349 2314 ἀποπλαγχθέντες
1377 2235 1501 2317 Ἀχοιιοί

726 2341 891 2406 ποντοίοισ’
916 2341 1072 2416 οίνίμοισιν
1096 2342 1168 2420 ὑπὲρ
1192 2340 1280 2418 μέρος
1305 2349 1427 2416 λοιῑπμοι
1452 2341 1610 2417 θολοίσσης

725 2445 841 2511 rotnace
863 2445 1008 2523 ειίμενοι,
1033 2444 1135 2520 ἄλλην
1158 2446 1232 2525 recu,
1258 2443 1346 2510 ἄλλοι
1370 2446 1498 2512 κέλευθοι

525 2618 530 2626 ,
728 2550 875 2627 ἤλθομεν·
900 2548 977 2615 οὕτω
1001 2576 1059 2617 που
1083 2553 1160 2625 Ζεὺς
1184 2552 1272 2626 ἤθελε
1295 2552 1497 2626 μητίσασθαι.

543 2657 598 2722 Sic
633 2659 822 2744 interpungi
857 2655 955 2736 solet,
990 2660 1190 2744 conspirante
1221 2656 1359 2724 scholio:
1397 2658 1431 2722 ἐν
1464 2657 1668 2736 πσρολλνίλον
1699 2658 1734 2721 τθ

541 2760 630 2827 οιὺπί.
654 2761 696 2827 τοὶ
719 2763 782 2840 reip
806 2761 857 2826 δύο
880 2758 910 2826 ἓν
935 2764 1143 2837 σημαίνουσιν.
1173 2762 1236 2828 Sed
1259 2761 1407 2849 displicet
1429 2765 1513 2828 inere
1538 2762 1733 2849 tautologia,

540 2889 640 2953 quare
662 2867 794 2945 malim,
820 2865 923 2933 deleta
946 2860 1094 2954 uirgula,
1118 2870 1274 2934 scribere:

722 2974 838 3039 σοινοίθε
862 2974 987 3050 εοέμενοι
1010 2974 1111 3050 ἄλλην
1135 2972 1208 3052 tear,
1234 2971 1320 3040 ἄλλοι
1347 2970 1478 3039 κίλεινθοι

725 3079 872 3154 ἤλθομεν·

538 3189 561 3251 i.
576 3207 603 3251 e.
625 3185 720 3248 οίὶοοε
738 3185 818 3249 oium
836 3185 946 3249 ιὀοίοοοοοο
965 3207 1052 3270 quom
1071 3209 1128 3271 quo
1143 3186 1280 3268 patriam
1301 3193 1434 3267 repetere
1452 3186 1628 3250 οοίοθο-οιοιο.
1653 3187 1735 3265 Quia

537 3294 627 3359 enim
648 3291 759 3355 σίεσθον
783 3289 871 3357 valet
893 3292 1000 3370 θρμῖιν,
1024 3292 1189 3357 commode
1214 3294 1306 3376 iungi
1329 3297 1434 3376 potest
1457 3312 1530 3356 cum
1552 3294 1732 3357 accusativo

540 3396 644 3469 ἄλλην
668 3398 741 3462 itte.

585 3598 685 3664 1325.
721 3603 774 3664 τοῦ
798 3600 854 3674 μὶν
877 3596 944 3663 ὅσον
968 3604 997 3663 τ’
1022 3598 1192 3678 ίρρινῒοιν
1217 3599 1293 3676 ἐρῶν
1317 3600 1464 3676 οίπίκοψοι
1489 3600 1666 3677 πορσοτοίς.

534 3705 620 3771 'l'am
650 3706 702 3771 hic
732 3726 830 3791 quam
860 3705 985 3771 duobus
1016 3704 1150 3790 reliquie
1179 3704 1258 3770 locis
1290 3705 1386 3772 ν167
1411 3712 1442 3771 et
1466 3716 1495 3770 Ψ
1511 3705 1575 3771 327
1605 3710 1732 3773 numeri

533 3810 716 3878 admittunt
734 3811 887 3895 (adeoque
905 3810 1026 3893 favent)
1047 3813 1216 3877 vetustiori
1237 3812 1359 3877 formae
1383 3809 1519 3891 ίρίρννοι(
1537 3817 1559 3893 ).
1588 3809 1635 3878 cf.
1656 3818 1731 3878 nota

535 3917 700 3984 editorum
724 3916 764 3982 ad
787 3926 816 3980 Ψ
831 3913 906 3981 327.

583 4134 683 4200 ι492.
720 4135 771 4200 κοί
796 4132 862 4197 τίτ’
887 4133 947 4211 ἐγὼ
972 4132 1128 4197 Κύκλωπος
1155 4132 1343 4212 προσηύδων·
1369 4135 1456 4213 οίμφί
1481 4136 1507 4200 δ’
1527 4137 1637 4215 ἑταῖροι

718 4243 899 4318 μειλιχίοισι
921 4237 1059 4303 σθπεσσιν
1084 4238 1204 4316 ε’ριίπυον
1227 4236 1357 4304 ἄλλοθεν
1380 4239 1494 4311 ἄλλος·

721 4345 890 4425 ησχίτλιε,
915 4344 1002 4407 τίπτ’
1026 4344 1136 4414 ἐθέλεις
1163 4341 1338 4422 ἐρεθιζέμεν
1362 4343 1467 4422 ἄγριον
1491 4344 1601 4426 οίνθροι;

719 4442 749 4519 ὃς
774 4450 826 4512 κοί
851 4454 901 4514 νῦν
925 4447 1065 4513 τοσσόνδε
1089 4450 1198 4525 βολῶν
1221 4449 1315 4526 βέλος
1340 4451 1448 4527 ἤνοιγε
1472 4459 1529 4524 reia

718 4545 805 4627 οιῦτίς
830 4555 859 4627 ἐς
884 4556 1012 4633 ἤπειρον,
1038 4553 1089 4619 καί
1115 4555 1150 4627 δίς
1174 4554 1283 4634 φοίμεν
1305 4553 1372 4621 οὗθ’
1396 4556 1543 4622 ὀλέεσθαι.

529 4662 622 4729 Haec
654 4667 728 4746 apte
762 4667 794 4726 et
826 4660 998 4746 prudenter
1029 4659 1160 4725 Ulixem
1192 4666 1322 4726 monent
1354 4659 1492 4739 sodales,
1524 4665 1580 4745 qui
1611 4662 1723 4729 ducem

529 4789 629 4835 suum
652 4769 772 4833 iterum
791 4765 1030 4853 Polyphemum
1049 4765 1241 4851 compellare
1261 4766 1422 4833 volentem
1443 4767 1608 4845 cohibent,
1630 4771 1726 4834 veriti
