4525 5950
924 668 1173 716 rnrsroannuas.
1580 651 1645 717 267

501 832 552 896 Va.
589 831 665 898 517.
702 832 779 918 Lys.
813 833 962 911 (ταχέως
992 832 1042 908 δ’)
1076 829 1176 912 ἕτερόν
1209 857 1239 896 τι
1272 834 1459 909 πονηρότερον
1494 835 1646 910 βούλευμ’

1275 940 1465 1014 ἐπεπύσμεθ’
1491 940 1528 1003 όιν
1553 942 1645 1014 ὑμῶν.

452 1042 504 1107 Ita
539 1043 577 1107 do
614 1063 672 1108 sno
709 1043 875 1128 supplevit
905 1042 1102 1121 vLeeuwen,
1139 1050 1308 1130 postquam
1339 1044 1462 1111 Dobrae
1493 1043 1578 1117 αὖθις
1610 1046 1647 1123 δ’,

453 1148 594 1213 Dindorf
621 1150 743 1213 κᾶπειτ’
776 1155 1019 1234 proposuerunt.
1052 1148 1116 1214 His
1149 1152 1297 1214 omnibns
1326 1151 1409 1215 mihi
1432 1158 1561 1236 propter
1583 1173 1648 1217 cor-

451 1256 602 1319 rectionis
627 1254 813 1320 facilitatem
838 1253 1035 1339 praeplacet:

679 1357 777 1438 ἕτερον
802 1359 854 1437 <δ’
878 1359 1000 1436 ἐτέρου)
1026 1384 1055 1424 τι
1080 1360 1273 1439 πονηρότερον
1299 1363 1363 1425 ari.

500 1578 553 1642 Vs.
582 1576 658 1643 536.
683 1575 767 1661 κᾷτοι
791 1579 904 1654 ξοιόνειν
926 1577 1158 1659 ξυζωσάμενος,

795 1684 933 1758 κυάμους
957 1688 1133 1763 τρώγων·

724 1790 860 1866 πόλεμος
884 1789 915 1853 δὲ
940 1787 1064 1867 γυναιξὶ
1089 1790 1230 1864 μελήσει.

454 1894 588 1961 Nullam
620 1896 673 1959 hic
696 1895 788 1960 video
813 1895 1036 1960 difficultatem
1059 1900 1092 1959 et
1115 1916 1245 1981 prorsus
1268 1896 1401 1981 repudio
1423 1897 1554 1961 editoris
1577 1919 1647 1963 con-

450 2004 608 2066 iecturam
632 2002 821 2079 Φρύρων,
851 2000 934 2085 quod
961 2001 1120 2086 quomodo
1144 2000 1298 2086 probulus
1321 2002 1422 2067 facere
1445 2005 1587 2087 potuerit
1610 2024 1647 2068 eo

449 2110 523 2191 ipso
544 2114 703 2192 tempore,
721 2129 784 2193 quo
802 2107 984 2171 οοιιιοόιιοοεό
1002 2113 1059 2172 aut
1071 2114 1164 2184 ουτοι,
1178 2110 1370 2194 aenigmatis
1381 2112 1483 2173 instar
1494 2111 1575 2173 mihi
1587 2116 1645 2174 est.

496 2326 549 2390 Vs.
575 2325 651 2391 598.
676 2326 769 2391 Prob.
796 2327 871 2389 ἀλλ’
895 2321 979 2396 όσσις
1004 2325 1091 2389 ἐστὶ
1117 2330 1266 2390 στῦσοιι
1291 2326 1419 2399 δυνατός
1443 2366 1485 2375 -

450 2432 544 2497 Hanc
584 2431 742 2497 librorum
777 2434 969 2517 scripturam
1005 2430 1185 2497 uLeeuwen
1220 2432 1388 2498 emendare
1421 2433 1483 2498 sibi
1517 2433 1646 2498 videtur

454 2537 573 2602 edendo
598 2537 636 2602 do
660 2558 733 2603 suo:

676 2645 750 2707 ἀλλ’
773 2639 857 2714 ὅστις
881 2645 1117 2709 στόσοισόιιι
1144 2642 1272 2715 δυνατός
1297 2680 1349 2709 -.

447 2748 483 2813 Si
520 2755 700 2833 suspectam
736 2769 810 2813 curn
844 2751 916 2833 ipso
952 2748 1104 2814 haberem
1136 2749 1275 2814 formam
1305 2755 1434 2826 στῡσοιι,
1471 2751 1643 2816 scriberem

449 2856 575 2939 potius,
597 2857 672 2939 quia
691 2856 781 2920 verbi
801 2856 946 2919 σσύεσόιιι
966 2855 1219 2940 frequentissimi
1239 2876 1396 2941 nusquam
1417 2855 1494 2921 alibi
1513 2861 1644 2941 apparet

451 2965 606 3038 aoristus,

675 3069 749 3130 ἀλλ’
773 3064 857 3138 όστις
881 3068 1081 3132 στύεσθαι
1106 3067 1234 3139 bovaria
1260 3105 1313 3133 -.

448 3173 510 3238 Sed
541 3194 600 3237 non
633 3172 726 3236 video
756 3172 868 3256 quidni
898 3176 1054 3249 aoristns,
1086 3175 1114 3236 si
1145 3176 1306 3258 genuinus
1337 3181 1403 3251 est,
1427 3177 1552 3240 activus
1576 3195 1643 3240 esse

449 3282 567 3364 possit,
599 3277 870 3363 quemadmodum
902 3281 1020 3363 ubique
1044 3281 1150 3343 activa
1174 3283 1222 3343 est
1245 3280 1378 3363 perfecti
1400 3280 1501 3345 forma
1526 3280 1642 3344 ἔστυκοι

449 3392 481 3449 ot
516 3383 700 3448 inauditum
734 3391 783 3448 est
814 3383 958 3458 ἔστυμοιι.
996 3382 1045 3450 Of.
1078 3405 1109 3448 v.
1134 3405 1160 3449 c.
1193 3380 1344 3462 ἵστσμοιι,
1378 3386 1480 3462 ἔστην,
1512 3383 1640 3458 ἕστηκοι.

448 3489 585 3553 Omnino
610 3490 875 3573 acquiescendum
899 3490 1035 3554 arbitror
1057 3492 1242 3574 aptissimae
1262 3497 1374 3573 (quam
1395 3491 1458 3556 sibi
1476 3490 1643 3556 consulens

447 3598 590 3678 ineptam
624 3600 730 3674 vocat)
763 3594 863 3659 simul
895 3601 927 3659 et
950 3595 1132 3660 lenissimae
1156 3595 1316 3660 Florentis
1339 3594 1513 3662 Christiani
1537 3618 1642 3661 emen·

448 3701 586 3766 dationi:

674 3808 749 3869 οέλλ’
773 3804 856 3876 όστις
881 3804 895 3869 ἔ
904 3831 939 3869 τι
965 3810 1120 3870 στῦσοιι
1145 3805 1273 3878 δυνατός
1298 3843 1351 3872 -.

448 3911 495 3975 De
521 3933 553 3975 re
576 3912 616 3975 cf.
641 3931 688 3976 vs.
715 3909 778 3975 661
804 3909 888 3982 όστις
911 3913 945 3988 γ’
971 3911 1097 3989 ἐνόρχης
1122 3913 1188 3974 ἐστ’
1211 3914 1294 3991 ἀνήρ.

493 4113 544 4179 Vs.
571 4112 647 4179 671.

505 4217 646 4304 Coryph.
670 4221 695 4282 εἰ
720 4220 782 4296 γὰρ
808 4217 924 4282 ἐνδώσει
949 4242 997 4291 τις
1019 4222 1101 4294 ημῶν
1120 4221 1269 4285 τοῖσδε
1292 4219 1348 4284 κόιν
1369 4223 1501 4298 σμικρὰν
1522 4222 1637 4302 λοβόν,

671 4323 753 4386 οὐδὲν
779 4324 973 4402 ἐλλείψουσιν
999 4322 1123 4390 οιότοιι
1149 4331 1298 4403 λιτιιροῦς
1322 4329 1527 4405 χειρουργίας.

446 4429 560 4493 Editor
591 4427 746 4494 adnotans
773 4426 903 4512 ,,οιῦτυι]
928 4428 1083 4495 sanum?”
1109 4434 1209 4496 sensit
1231 4434 1343 4518 opinor
1366 4453 1463 4516 quam
1485 4432 1638 4518 languide

447 4536 498 4598 hic
530 4533 675 4598 additum
707 4538 749 4599 sit
780 4557 954 4620 pronomen
978 4537 1281 4603 demonstrativum.
1307 4537 1405 4622 Spero
1428 4539 1493 4604 iore
1515 4545 1554 4603 ut
1576 4542 1639 4624 ipsi

448 4640 572 4724 placeat
596 4648 752 4725 quantum
776 4643 859 4706 mihi
884 4640 1013 4721 αὖθις,
1031 4646 1167 4727 portica.
