4525 5950
648 679 691 745 90
1166 698 1309 746 sumnus.

645 866 789 949 equitem
823 882 982 948 equosque
1013 883 1089 927 mox
1119 863 1226 927 media
1247 865 1281 926 in
1305 860 1478 928 Germania
1501 863 1589 929 fore'’
1613 871 1715 930 ratus.
1740 865 1836 945 Quam

648 972 763 1033 misere
793 989 869 1033 eum
893 988 964 1052 spes
988 966 1140 1033 fefellerit
1161 988 1200 1033 ne
1223 967 1354 1033 Tacitus
1377 968 1507 1053 quidem
1531 969 1632 1035 celare
1656 978 1775 1055 potest.
1797 971 1837 1036 De

646 1078 716 1161 ipso
739 1073 870 1139 oonsilio
894 1074 1061 1138 videamus
1081 1071 1329 1159 Germanicique
1349 1077 1382 1138 in
1403 1096 1440 1140 eo
1461 1077 1640 1161 peragendo
1662 1077 1837 1161 prudentia.

648 1178 741 1246 Mille
765 1200 862 1244 naves
886 1178 925 1243 ad
949 1199 1020 1243 sam
1044 1199 1110 1243 rem
1136 1182 1278 1244 construi
1302 1181 1411 1256 iubet,
1435 1200 1573 1264 quarum
1598 1189 1689 1245 erant
1714 1182 1837 1267 „plures

645 1286 799 1370 adpositis
833 1286 997 1369 utrimque
1031 1283 1257 1368 gubernaculis
1292 1305 1443 1349 converso
1473 1294 1512 1349 ut
1543 1294 1673 1371 repente
1705 1289 1837 1373 remigio

644 1392 719 1456 hinc
742 1389 795 1456 vel
818 1389 908 1455 illino
932 1389 1161 1475 appellerent’'.
1184 1391 1345 1472 Appellare
1368 1391 1420 1455 hic
1444 1412 1507 1456 non
1531 1402 1579 1457 eet
1600 1393 1786 1478 „appellere
1804 1393 1839 1458 ad

643 1496 759 1561 littus’'
791 1496 845 1561 sed
877 1497 1053 1581 „dirigere,
1085 1518 1279 1582 cursumque
1302 1496 1459 1563 flectere'’.
1495 1495 1543 1565 cf.
1568 1497 1611 1562 H.
1635 1498 1694 1575 ΙΙΙ,
1721 1498 1765 1565 47
1788 1499 1838 1563 nbi

646 1603 755 1667 eadem
785 1623 836 1667 res
867 1602 978 1667 eodem
1010 1602 1202 1666 describitur
1231 1601 1344 1666 modo:
1378 1605 1468 1686 „pari
1500 1606 1663 1688 utrimque
1696 1625 1791 1689 prora
1811 1612 1840 1668 et

645 1706 797 1773 mutabili
827 1710 985 1794 remigio,
1017 1708 1141 1793 quando
1165 1707 1238 1772 hinc
1260 1706 1314 1772 vel
1336 1706 1426 1772 illinc
1450 1707 1609 1793 appellere
1632 1710 1840 1775 indiscretum

645 1822 677 1878 et
707 1816 875 1877 innoxium
900 1813 981 1878 est”.
1016 1812 1078 1878 Sed
1102 1813 1178 1899 quid
1203 1814 1340 1877 navibus
1365 1833 1445 1897 opus
1468 1815 1527 1892 sit,
1551 1835 1632 1898 quae
1658 1821 1728 1879 tam
1754 1814 1840 1880 facile

646 1940 777 1984 cursum
802 1927 928 1984 mutare
951 1919 1139 2003 subitoque,
1166 1939 1241 1983 oum
1268 1939 1349 2003 opus
1376 1925 1441 1995 eet,
1468 1921 1501 1982 in
1523 1923 1718 1985 contrariam
1737 1920 1839 1986 volare

647 2033 771 2111 partem
796 2027 936 2110 possint,
960 2046 1034 2088 oum
1059 2032 1167 2088 tamen
1191 2046 1255 2088 non
1278 2023 1317 2088 ad
1343 2022 1501 2108 proelium
1525 2025 1639 2090 navale
1663 2029 1840 2091 mittuntur

649 2131 704 2196 sed
728 2130 767 2195 ad
792 2130 1048 2215 transportandos
1071 2129 1193 2194 milites
1216 2136 1515 2214 commeatumque,
1540 2130 1624 2196 dicat
1646 2134 1704 2216 qui
1729 2131 1841 2197 intelli-

648 2243 715 2323 gat.
741 2235 886 2300 Fortasse
909 2235 961 2299 hic
986 2243 1093 2299 tamen
1117 2235 1155 2299 de
1179 2255 1267 2300 more
1290 2235 1421 2300 Tacitus
1439 2256 1526 2312 rem,
1547 2258 1609 2321 quo
1629 2239 1740 2322 magis
1758 2237 1843 2302 tieret

650 2340 827 2419 mirabilis,
870 2339 1066 2425 amplificare
1108 2340 1256 2416 studens,
1299 2349 1525 2406 ornamentum
1560 2341 1689 2427 aliquod
1726 2341 1843 2407 addidit

649 2447 835 2531 imprudens
864 2448 1049 2530 invitusque
1081 2445 1164 2529 quod
1196 2447 1235 2510 ab
1259 2445 1410 2511 hocloco
1434 2469 1563 2532 prorsus
1586 2455 1670 2512 esset
1693 2447 1841 2513 alienum.

649 2553 697 2619 De
726 2554 821 2617 rebus
852 2553 891 2616 ab
922 2555 992 2636 ipso
1024 2548 1215 2616 Germanico
1245 2558 1316 2636 post
1346 2555 1463 2616 miram
1486 2551 1578 2617 illam
1602 2555 1841 2639 navigationem

651 2662 751 2746 gestis
775 2658 954 2723 videamus.
979 2679 1005 2721 o.
1031 2656 1060 2722 8.
1831 2666 1839 2677 ·

697 2813 727 2840 „.
742 2814 748 2828 .
764 2812 794 2828 ..
825 2761 914 2827 lacus
942 2762 1017 2826 inde
1040 2767 1073 2826 et
1098 2762 1261 2825 Oceanum
1285 2783 1385 2846 usque
1410 2762 1449 2826 ad
1472 2763 1632 2827 Amisiam
1656 2763 1778 2829 flumen
1801 2784 1843 2828 se·

648 2868 752 2934 cunda
774 2870 980 2952 navigatione
1005 2868 1202 2952 pervehitur.
1233 2864 1351 2932 Classis
1375 2868 1518 2932 Amisiae
1542 2888 1595 2932 ore
1617 2867 1732 2933 relicta
1755 2868 1841 2933 laevo

647 2995 757 3052 amne;
783 2981 987 3059 erratumque
1010 2976 1043 3037 in
1068 2995 1103 3038 eo
1127 2972 1212 3058 quod
1236 2995 1296 3037 non
1318 2974 1468 3038 subverit
1488 2978 1685 3059 transposuit
1706 2975 1842 3040 militem

648 3081 774 3145 dextras
809 3082 841 3142 in
873 3087 972 3144 terras
1002 3082 1144 3142 iturum:
1176 3081 1222 3143 ita
1251 3078 1360 3163 plures
1392 3078 1460 3143 dies
1492 3079 1663 3145 efficiendis
1694 3082 1843 3166 pontibus

648 3184 845 3269 absumpti’'.

696 3283 811 3355 Vocem
831 3312 880 3352 ore
898 3289 1021 3353 addidit
1041 3289 1272 3374 Nipperdeius,
1294 3295 1378 3353 recte
1396 3296 1434 3353 ut
1453 3292 1579 3374 opinor;
1601 3291 1843 3355 eedocoeittraaa

644 3398 749 3482 posuit
772 3395 930 3480 quomodo
954 3396 1160 3459 emendemus
1185 3416 1299 3479 parum
1323 3395 1437 3469 refert,
1461 3398 1569 3460 omnia
1588 3397 1675 3461 enim
1696 3397 1751 3463 hic
1770 3401 1843 3462 satis

649 3507 725 3566 sunt
754 3504 937 3585 perspicua,
971 3501 1144 3566 dummodo
1176 3502 1234 3566 hoc
1263 3508 1428 3565 teneamus
1451 3503 1549 3566 verba
1566 3502 1674 3584 plures
1698 3505 1765 3567 dice
1788 3505 1843 3586 effe

646 3608 761 3671 ciendis
793 3607 936 3688 pontiden
971 3608 1116 3689 absumpti
1150 3608 1202 3670 hic
1232 3609 1337 3691 posita
1367 3628 1435 3671 esse
1466 3613 1504 3671 ut
1534 3610 1645 3672 statim
1670 3611 1842 3674 verborum

646 3720 833 3797 erratumque
863 3734 889 3776 e.
911 3735 940 3797 q.
961 3735 985 3776 s.
1022 3716 1104 3778 natio
1137 3712 1331 3787 redderetur,
1365 3734 1439 3777 nam
1469 3716 1503 3776 in
1535 3735 1643 3777 rerum
1674 3721 1841 3798 gestarum

646 3819 755 3883 ordine
778 3817 860 3882 illud
885 3818 948 3882 luit
971 3818 1143 3894 ultimurn;
1169 3818 1389 3883 huiuscemodi
1413 3822 1499 3883 enim
1521 3817 1577 3883 ille
1600 3818 1676 3884 ordo
1702 3819 1784 3884 fuit:

692 3949 720 3988 e.
753 3924 789 3988 In
814 3945 868 3988 ore
892 3926 1032 3988 Amisiae
1057 3925 1095 3987 ad
1119 3927 1223 4008 ripam
1247 3927 1410 3988 sinistram
1434 3923 1601 4008 appellunt
1623 3945 1732 3990 naves.

693 4031 719 4092 b.
754 4029 804 4094 Ibi
826 4030 998 4094 escendunt
1021 4028 1159 4103 milites,
1185 4050 1323 4114 quorum
1344 4038 1451 4094 tamen
1469 4028 1632 4107 nonnulli,
1653 4033 1841 4117 priusquam

756 4141 875 4199 terrem
899 4141 1058 4211 tenerent,
1084 4135 1192 4198 hausti
1217 4142 1302 4199 sunt.

691 4264 715 4304 e.
752 4240 832 4325 Ripa
856 4243 984 4305 sinistra
1007 4240 1206 4324 aliquamdiu
1230 4241 1352 4305 milites
1375 4244 1436 4305 iter
1460 4240 1591 4305 faciunt.

693 4348 723 4409 d.
755 4346 871 4410 Pontes
894 4346 976 4410 fiunt
1000 4351 1037 4410 ut
1060 4344 1223 4430 reliquum
1247 4350 1309 4410 iter
1332 4346 1442 4410 dextra
1465 4350 1567 4430 possit
1590 4347 1659 4412 fieri
1681 4350 1762 4433 ripa.

694 4450 781 4516 Haeo
806 4461 928 4528 tamen,
948 4438 1148 4536 'quamquem
1172 4451 1313 4535 aliquam
1337 4455 1506 4536 requirunt
1529 4451 1807 4537 explanationem,
1827 4476 1843 4520 a

648 4557 758 4622 Tacito
790 4579 851 4622 non
883 4560 980 4621 nimis
1010 4564 1153 4622 contorte
1184 4558 1357 4622 obscurare
1390 4564 1466 4621 sunt
1497 4565 1634 4642 narrata.
1660 4557 1723 4624 Sed
1746 4582 1843 4645 quarn

647 4662 784 4748 cupidus
813 4683 880 4727 esse
911 4661 1021 4726 debuit
1049 4665 1193 4746 scriptor,
1228 4665 1283 4746 qui
1315 4666 1490 4727 immanem
1527 4663 1623 4728 illum
1658 4662 1843 4731 Germanioi

646 4789 803 4844 errorem,
835 4772 941 4853 copias
972 4790 1035 4833 non
1066 4789 1102 4833 ea
1126 4770 1212 4852 ripa,
1237 4789 1299 4854 qua
1322 4769 1522 4855 pergendum
1546 4778 1630 4848 erat,
1655 4774 1843 4857 exponentis
