4525 5950
536 663 580 729 22
1061 657 1235 728 1101111101.

531 871 571 915 ne
595 849 680 935 quod
703 848 837 913 antehac
860 847 982 912 factum
1005 851 1072 912 erat
1090 843 1299 928 (474-486)
1318 850 1530 932 repeteretur;
1552 845 1607 911 sed
1626 866 1725 931 aeque

532 960 642 1041 inepta
671 960 749 1021 sunt
778 976 858 1041 quae
887 953 1061 1040 posthaec
1085 953 1182 1019 verba
1205 952 1327 1031 aliena,
1352 955 1386 1018 ni
1409 952 1513 1030 fallor,
1538 973 1653 1018 manus
1676 951 1727 1017 ad·

533 1060 633 1125 didit:

714 1165 739 1228 εί
764 1163 794 1228 δὲ
818 1162 1037 1244 φθεγξαμένου
1060 1165 1104 1227 τε’
1130 1164 1146 1238 ἢ
1174 1163 1363 1235 αὐδιίσαντος
1386 1160 1509 1240 όικουτε,

713 1270 768 1335 σύν
791 1294 841 1334 κεν
866 1267 957 1349 ἄραξ’
983 1264 1053 1344 ἧμιν
1078 1270 1227 1349 κεφαλὰς
1251 1267 1303 1333 καὶ
1328 1269 1396 1341 νήια
1422 1267 1511 1346 δοῦρα

714 1375 867 1455 μαρμόριρ
891 1374 1032 1453 ὀκριόεντι
1056 1375 1181 1452 βαλών·
1206 1374 1313 1439 τόσσον
1336 1374 1399 1452 γόιρ
1422 1372 1502 1450 ἵησι,

532 1502 613 1567 quae
645 1482 747 1545 oratio
780 1501 882 1566 neque
912 1503 991 1544 ααιισ
1023 1480 1119 1564 ipson
1152 1480 1394 1545 abhortantibus
1426 1480 1592 1556 conuenit,
1624 1498 1729 1563 neque

532 1588 643 1653 referri
678 1592 783 1672 potest
818 1586 858 1652 ad
891 1591 1090 1671 antegressa,
1127 1587 1184 1650 ubi
1220 1584 1374 1672 Cyclops,
1410 1587 1464 1670 qui
1502 1605 1629 1662 caecus,
1666 1606 1730 1649 uon

532 1693 664 1768 surdus,
697 1697 781 1768 erat,
815 1692 930 1755 ααόόίόο
961 1691 1060 1754 Ubicir
1091 1691 1232 1755 οοαοόίόόι
1261 1690 1314 1770 (cf.
1340 1688 1404 1756 475
1418 1696 1499 1774 sqq.)
1529 1710 1586 1754 uec
1608 1710 1730 1755 navem

531 1819 589 1863 nec
619 1803 734 1863 nautas
766 1818 841 1862 saxo
873 1796 1050 1874 colliserat,
1084 1798 1139 1862 sed
1170 1799 1239 1862 saxi
1261 1799 1349 1861 iactu
1373 1816 1489 1881 aquam
1514 1797 1730 1874 excitaverat,

531 1923 612 1988 quae
635 1902 771 1968 refluens
794 1923 910 1967 navem
933 1901 1118 1988 reppulerat
1141 1902 1180 1968 ad
1204 1900 1294 1967 litus.
1326 1901 1423 1967 Omni
1445 1903 1550 1987 igitur
1573 1921 1671 1966 sensu
1693 1902 1730 1966 hi

530 2029 643 2074 versus
665 2010 712 2088 (in
736 2009 852 2092 quibus
875 2010 974 2073 etiam
996 2007 1160 2073 abundant
1184 2007 1280 2073 verba
1305 2007 1321 2082 ἢ
1343 2005 1548 2087 αὐδήσαντος)
1567 2012 1676 2072 carent
1696 2011 1730 2072 et

532 2135 549 2180 e
573 2120 664 2180 textu
689 2114 879 2180 exturbandi
902 2113 1065 2179 videntur.

579 2331 679 2397 1509.
716 2333 861 2408 Τήλεμος
885 2329 1128 2409 Εὐρυμίδης.

532 2438 656 2504 Nomen
676 2439 938 2523 patronymicum
957 2442 1143 2521 suspectum
1163 2437 1246 2500 mihi
1265 2435 1454 2516 admodum,
1475 2439 1551 2521 quia
1570 2438 1609 2502 ob
1627 2436 1730 2503 breve

533 2569 550 2608 ν
582 2544 722 2622 Εὕρυμος
753 2563 817 2607 non
847 2547 953 2628 potest
985 2542 1124 2607 derivari
1155 2562 1257 2626 neque
1287 2563 1306 2607 a
1337 2542 1429 2623 ριιμός
1460 2563 1562 2628 usque
1592 2545 1737 2623 1ρυμιί.

534 2649 631 2714 Recte
656 2670 690 2714 se
714 2648 846 2714 haberet
868 2669 899 2714 1.
924 2669 951 2713 a.
975 2646 1239 2728 Εὑδρομίδνς.

577 2848 663 2916 κ78.
692 2851 808 2927 τείρετο
833 2849 858 2913 δ’
882 2850 992 2927 όνδρῶν
1016 2849 1109 2926 θυμὸς
1135 2850 1186 2912 ὑπ’
1211 2850 1323 2926 ε’ρεσίνις
1349 2850 1513 2926 όλεγειιιῆς

714 2955 843 3035 ἦμετέρρ
868 2956 984 3034 ματίῃ,
1010 2954 1075 3019 derel
1102 2953 1201 3019 οὐκέτι
1227 2956 1358 3034 Φαίνετο
1382 2955 1504 3034 τομτνὶ.

530 3061 645 3127 Nescio
681 3081 721 3125 au
757 3060 859 3126 dativi
889 3059 1152 3125 instrumentales
1185 3060 1315 3141 ἦμετίρρ
1346 3063 1446 3145 ματίῃ
1476 3062 1631 3147 iungendi
1661 3064 1729 3127 sint

531 3169 638 3253 potius
674 3187 749 3231 cum
784 3166 892 3231 verbis
926 3165 1025 3230 οὐκέτι
1059 3167 1187 3242 Φαίνετο
1219 3169 1348 3244 τομτιὶ,
1380 3169 1490 3252 itaque
1521 3166 1653 3253 virgula
1685 3169 1729 3233 sit

531 3271 663 3338 delenda
692 3279 764 3358 post
795 3273 913 3351 paria,
945 3272 1090 3358 ponenda
1113 3283 1186 3358 post
1209 3274 1386 3350 ἀλεγεινῆς.
1411 3273 1614 3358 Quamquam
1638 3276 1728 3339 enim

531 3379 601 3442 ἐτεί
627 3377 819 3464 plerumque
842 3384 892 3443 est
914 3379 1019 3464 prima
1043 3381 1221 3444 sententiae
1246 3400 1326 3456 1011,
1351 3381 1478 3464 saepius
1500 3385 1608 3444 tamen
1632 3378 1730 3463 plura

530 3485 629 3551 verba
648 3487 912 3569 praemittuntur,
924 3483 1016 3549 velut
1036 3494 1061 3549 E
1076 3482 1130 3550 27.
1153 3494 1176 3548 Ζ
1191 3482 1267 3550 474.
1292 3496 1318 3549 Θ
1332 3485 1408 3563 268,
1423 3483 1499 3551 397.
1521 3495 1549 3549 Ψ
1563 3485 1594 3552 2.
1607 3490 1635 3565 Φ
1648 3485 1727 3553 405.

532 3589 602 3655 Hac
625 3596 734 3655 autem
756 3593 1012 3677 interpunctione
1036 3589 1142 3655 multo
1166 3591 1308 3657 vividior
1331 3592 1368 3656 fit
1391 3594 1502 3657 oratio.

578 3807 687 3873 1599.
714 3808 813 3887 αὖτόορ
837 3803 855 3870 ό
875 3810 896 3872 τ’
923 3805 972 3882 όοψ
996 3806 1114 3872 ὤσασκε
1139 3809 1365 3888 τιταινόμενος,
1390 3811 1474 3875 κατὰ
1499 3808 1524 3874 δ’
1549 3810 1632 3888 ίδρόις

713 3911 808 3991 ἔρρεεν
833 3913 866 3975 ἐκ
890 3911 1019 3989 μελίαν,
1044 3913 1124 3986 κονίη
1150 3914 1176 3978 δ’
1202 3916 1216 3978 ἕ
1225 3940 1243 3979 κ
1267 3941 1285 3980 κ
1294 3916 1414 3995 ρατὲς
1440 3916 1545 3995 όρῶρει.

533 4020 620 4098 Quae
651 4020 689 4083 de
721 4018 862 4104 Sisypho
895 4016 979 4103 apud
1011 4018 1128 4083 inferos
1152 4041 1269 4105 poenas
1292 4020 1395 4086 luenti
1419 4022 1578 4087 dicuntur.
1604 4023 1667 4086 Pro
1693 4025 1728 4086 ἐκ

534 4122 662 4203 κρατός,
687 4123 772 4208 quod
794 4143 888 4187 nemo
911 4121 1089 4209 intellegit,
1114 4128 1257 4191 coniecta
1279 4133 1355 4191 suut
1378 4128 1557 4204 οὶμίγαρτος
1582 4128 1727 4208 (Nabar),

532 4228 688 4304 ἄσβεστος
713 4228 765 4293 vel
790 4227 848 4292 ὑπὸ
868 4229 959 4292 τοσσί
979 4228 1128 4307 (editores
1149 4231 1403 4318 Lugdunenses).
1429 4231 1601 4318 Aliquanto
1621 4232 1728 4298 leuius

531 4355 633 4420 neque
655 4336 779 4418 inepte,
805 4339 842 4397 ut
865 4334 1010 4412 arbitror,
1035 4338 1208 4402 conieceris
1233 4337 1463 4416 ἔκταγιιος,
1488 4338 1729 4423 11011ἕκτλνκ-

532 4438 614 4511 τικίς
640 4437 797 4524 explicare
818 4437 921 4502 solent
943 4443 1167 4524 grammatici,
1191 4441 1261 4507 coll.
1286 4441 1387 4520 5522
1411 4445 1529 4523 χειμὼν
1553 4441 1725 4522 ἔκπαγλος.

579 4650 694 4728 atto.
719 4651 846 4716 Dicitur
869 4650 907 4716 de
929 4649 1092 4739 Charybdi

714 4759 788 4822 ἀλλ’
811 4755 856 4822 ὅτ’
880 4757 1060 4838 όναβρόξειε
1084 4758 1242 4836 cosdroas
1268 4761 1405 4841 ιὶλμυρδν
1429 4760 1518 4843 ὕδωρ,
