4525 5950
535 693 599 758 146
1051 705 1203 755 rasurus.

532 876 702 960 appositas.
735 871 933 936 Huiusmodi
956 892 1062 936 sanem
1087 875 1193 956 pinxit
1216 878 1308 957 poeta
1330 894 1465 958 graecus
1488 874 1645 958 nobisque
1670 895 1728 938 ser·

534 981 625 1044 16111
648 977 778 1042 latinus.

579 1083 662 1150 (lum
693 1081 810 1167 duplex
837 1085 878 1145 sit
902 1104 1016 1146 senum
1041 1086 1237 1148 comicorum
1263 1087 1398 1169 species,
1424 1083 1569 1149 facilium
1596 1092 1628 1149 et
1652 1084 1729 1148 diffi-

534 1189 664 1265 cilium,
690 1188 781 1252 Simo
801 1209 896 1252 aenex
916 1195 965 1252 est
985 1189 1141 1266 difficilis,
1162 1192 1335 1276 castigator
1354 1211 1525 1275 censorque
1545 1192 1728 1268 minorum,

535 1304 626 1380 pater
655 1301 798 1358 61166166
828 1300 861 1358 61
883 1315 997 1378 parcus
1013 1294 1046 1371 ¹),
1072 1295 1126 1358 sed
1150 1294 1235 1360 idem
1258 1298 1292 1359 in
1315 1295 1529 1360 adolescentia
1549 1295 1626 1359 talis
1650 1296 1728 1366 fuit,

535 1410 572 1465 ut
613 1422 674 1465 non
710 1403 817 1464 minus
852 1421 949 1485 quam
986 1401 1138 1466 Chremes
1172 1404 1205 1464 16
1241 1401 1610 1467 Heautontimorumeno
1646 1402 1729 1487 apud

536 1508 656 1570 amicos
687 1504 779 1569 hodie
812 1508 919 1569 omnia
951 1527 1008 1569 sua
1039 1506 1164 1571 occulta
1187 1528 1372 1591 expromere
1396 1529 1458 1572 non
1482 1507 1609 1572 audeat.
1634 1505 1730 1574 Galli-

536 1612 633 1697 phoni
657 1617 764 1675 tamen
788 1631 825 1675 66
848 1633 909 1675 666
934 1618 1011 1675 6661
1033 1614 1145 1697 ignota
1169 1633 1270 1697 66666
1295 1616 1424 1689 1611661,
1449 1611 1515 1677 438
1534 1632 1620 1698 sqq:

671 1716 814 1781 Probum
836 1723 961 1802 patrem
987 1738 1054 1782 esse
1078 1725 1220 1802 oportet,
1244 1721 1299 1803 qui
1322 1725 1460 1805 gnatum
1484 1739 1583 1783 suum

671 1821 749 1886 Esse
772 1822 954 1907 probiorem
978 1843 1073 1906 quam
1097 1825 1187 1907 ipsus
1211 1823 1311 1888 fuerit
1334 1823 1485 1908 postulet.

671 1926 755 1991 Nam
778 1935 815 1991 tu
838 1927 923 2012 quod
948 1914 1056 1992 damni
1080 1938 1113 1993 et
1138 1929 1222 2014 quod
1247 1931 1352 1993 fecisti
1375 1928 1481 2014 flagiti

673 2032 797 2117 Populo
823 2036 947 2097 viritim
971 2038 1077 2119 potuit
1101 2035 1307 2119 dispertirier.

673 2137 750 2201 Idne
775 2146 810 2202 tu
834 2141 968 2215 mirare,
994 2143 1022 2203 si
1044 2144 1196 2224 patrissat
1220 2137 1323 2204 filius?

536 2245 643 2330 Igitur
672 2246 865 2328 experientia
895 2245 1007 2310 doctus
1038 2246 1115 2330 quid
1147 2245 1205 2309 filii
1231 2249 1265 2310 in
1288 2252 1395 2330 patres
1418 2244 1573 2323 audeant,
1598 2245 1732 2310 callidus

536 2372 620 2415 nuno
639 2351 813 2433 praesentit
831 2349 908 2433 quid
929 2347 1098 2416 Calidorus
1118 2350 1272 2414 moliatur
1291 2371 1392 2435 neque
1411 2350 1521 2415 induci
1540 2372 1574 2415 se
1594 2354 1731 2435 patitur:

539 2459 625 2534 „iam
649 2455 772 2539 pridem
797 2457 880 2519 sensi
900 2463 932 2519 61
952 2455 1118 2520 subolebat
1139 2455 1238 2533 mihi,
1262 2455 1317 2520 sed
1337 2455 1602 2520 dissimulabam’'
1626 2454 1731 2534 (419).

537 2563 608 2647 Ipse
639 2581 724 2624 nuno
755 2581 885 2625 severus
914 2567 963 2625 est
994 2568 1026 2625 et
1055 2563 1219 2645 imprimis
1250 2560 1408 2627 Pseudolo
1437 2565 1558 2637 iratus,
1590 2569 1732 2626 attamen

538 2667 596 2732 hoc
626 2669 779 2752 pristinae
809 2665 952 2731 levitatis
982 2669 1014 2729 16
1047 2686 1083 2730 eo
1114 2670 1284 2743 remansit,
1317 2675 1354 2731 ut
1382 2669 1512 2731 omittat
1534 2667 1733 2731 iracundiam

538 2794 594 2857 pro
620 2770 727 2855 lapido
750 2770 948 2856 spectaculo,
973 2771 1057 2854 quod
1081 2771 1260 2836 Pseudolus
1283 2774 1316 2835 in
1339 2770 1486 2836 lenonem
1509 2771 1677 2836 editurum
1701 2792 1731 2834 66

538 2899 605 2942 6666
630 2876 806 2961 profitetur,
832 2878 924 2961 eique
948 2876 1101 2960 spondeat
1124 2875 1251 2963 largam
1271 2879 1460 2962 pecuniam,
1481 2879 1508 2940 si
1526 2878 1629 2940 istum
1650 2876 1730 2941 dece

539 2985 623 3068 perit
647 2981 730 3045 531:

675 3085 709 3150 Si
733 3087 861 3172 quidam
885 3090 982 3152 istaec
1006 3108 1117 3171 opera,
1143 3094 1180 3151 ut
1201 3087 1380 3171 praedicas,
1405 3087 1590 3172 perfeceris,

719 3191 847 3256 Virtute
871 3196 941 3278 regi
964 3191 1136 3278 Agathocli
1160 3196 1376 3257 antecessoris.

540 3308 572 3364 61
602 3298 685 3363 tto:
718 3298 824 3362 Indice
848 3297 939 3363 ludos
963 3301 1112 3362 nunciam
1137 3298 1263 3383 quando
1286 3297 1386 3362 lubet.

585 3402 692 3469 Simul
723 3411 830 3468 1616611
862 3400 993 3467 subdole
1024 3404 1092 3467 abit
1121 3406 1155 3466 in
1188 3404 1293 3469 forum
1317 3402 1464 3468 lenonem
1489 3405 1674 3467 moniturus
1697 3410 1730 3466 ut

541 3511 603 3575 sibi
635 3516 746 3573 661661
776 3510 815 3573 ab
845 3508 971 3572 insidiis
1004 3508 1171 3585 Pseudoli,
1204 3530 1279 3573 narn
1310 3510 1349 3574 ab
1379 3512 1473 3573 initio
1497 3512 1604 3574 neutri
1628 3513 1662 3573 in
1685 3509 1730 3572 his

541 3615 628 3680 ludis
648 3635 724 3700 prae
743 3613 842 3679 altero
863 3614 964 3677 favet:
986 3635 1048 3677 nou
1069 3613 1158 3689 vult,
1180 3621 1217 3677 ut
1237 3616 1340 3677 amica
1358 3612 1417 3676 filii
1437 3622 1568 3699 argento
1581 3613 1730 3677 liberetur

541 3728 574 3785 et
597 3719 739 3783 infensus
764 3727 811 3783 est
833 3717 1010 3794 Pseudolo,
1035 3722 1091 3803 qui
1117 3718 1295 3795 „scelerum
1317 3725 1430 3803 caput,
1456 3718 1520 3782 dux
1541 3717 1593 3782 illi
1615 3724 1647 3783 61
1667 3739 1731 3803 pao

543 3826 689 3911 dagogus
724 3824 793 3888 est''
825 3823 929 3902 (447),
965 3823 1017 3888 661
1050 3825 1088 3888 ab
1115 3824 1215 3888 altera
1245 3831 1334 3909 parte
1367 3822 1512 3887 lenonem
1546 3823 1730 3897 detestatur,

541 3932 710 3995 hominum
734 3951 836 4015 genus
860 3929 921 3993 diis
946 3930 1192 4013 hominibusque
1216 3950 1315 4015 aeque
1339 3928 1495 3993 odiosum.

587 4034 788 4119 Quamquam
821 4038 925 4120 igitur
956 4055 1055 4120 aequa
1085 4035 1149 4098 fere
1181 4033 1347 4101 voluntate
1376 4037 1559 4100 certaminis
1583 4041 1731 4100 eventurn

541 4145 721 4223 exspectat,
746 4146 854 4203 tamen
878 4142 911 4203 16
935 4142 1006 4202 6166
1031 4138 1183 4204 admirari
1207 4160 1239 4202 se
1263 4139 1459 4204 Pseudolum
1483 4143 1615 4225 eiusque
1639 4143 1733 4204 victo

541 4248 623 4310 riam
656 4248 808 4330 augurari
840 4245 1036 4308 demonstrat
1068 4246 1117 4308 his
1149 4244 1272 4320 verbis,
1297 4251 1465 4329 postquam
1488 4266 1505 4309 6
1530 4245 1598 4308 1616
1622 4245 1731 4309 rediit:

543 4349 658 4428 „Visso
690 4350 765 4434 quid
801 4372 908 4413 rerum
940 4370 1030 4413 meus
1055 4349 1167 4412 Ulixes
1190 4351 1310 4433 egerit,
1334 4352 1440 4413 iamne
1466 4349 1579 4413 habeat
1603 4352 1733 4434 signum

543 4476 581 4520 ex
606 4476 675 4519 arce
696 4453 880 4519 Ballionea’'
902 4454 1028 4532 (1063).
1054 4452 1174 4518 henoni
1194 4457 1333 4518 narranti
1354 4453 1436 4517 nihil
1455 4456 1522 4518 iam
1543 4453 1734 4518 aPseudolo

542 4561 755 4625 metuendum
787 4581 872 4634 esse,
909 4559 1005 4623 fidem
1039 4562 1091 4623 rix
1124 4559 1233 4624 habet:
1269 4558 1369 4634 „Vide
1401 4559 1495 4623 modo
1527 4579 1566 4622 66
1597 4558 1664 4623 illic
1695 4562 1735 4623 sit

578 4792 604 4852 1)
624 4789 685 4836 1161.
703 4789 747 4852 sp.
764 4785 791 4834 11
810 4787 831 4834 1.
852 4784 899 4835 lta
925 4787 954 4833 Δ.
971 4801 993 4849 p.
1013 4785 1069 4837 174.
1086 4788 1131 4834 Od.
1151 4785 1217 4833 118.
1236 4786 1277 4834 22.
