4525 5950
651 713 718 779 210
1168 726 1322 777 nouenos.

649 898 736 962 einer
765 894 974 983 sorgialtigen
1005 895 1144 982 Analyse
1175 894 1230 961 des
1259 894 1487 960 Kommentars
1518 893 1620 959 durch
1652 891 1839 979 Zsrlegung

649 1003 705 1069 der
747 1001 1151 1089 Scholienconglomeraten
1192 1006 1225 1067 in
1265 1004 1357 1067 ihren
1398 1001 1557 1067 einzelnen
1598 1000 1840 1066 Bestandtbeile

649 1114 744 1174 unter
777 1118 921 1196 strenger
951 1110 1265 1196 Beriicksiohtigung
1296 1109 1350 1174 der
1379 1109 1605 1174 iiberlieierten
1638 1108 1842 1193 Anordnung

650 1218 745 1282 beaw.
778 1211 976 1303 Unordnung
1005 1217 1069 1282 und
1100 1216 1200 1281 durch
1224 1216 1471 1302 Ausscheidung
1494 1217 1549 1281 der
1572 1218 1719 1281 sicheren
1745 1214 1845 1280 Inter·

649 1322 862 1410 polationen’'.
888 1323 977 1388 Hanc
1000 1327 1086 1388 viam
1110 1344 1171 1410 ego
1193 1345 1319 1409 quoque
1341 1322 1584 1409 ingrediendam
1607 1344 1676 1388 esse
1700 1321 1845 1398 credidi,

650 1452 725 1495 oum
753 1433 787 1495 in
819 1429 901 1495 Albo
929 1429 1140 1517 gratulatorio
1163 1434 1197 1494 in
1221 1432 1293 1496 bon.
1318 1429 1525 1496 Herwerdeni
1547 1428 1647 1508 (Trai.
1671 1429 1715 1494 ad
1741 1428 1844 1494 Rben.

651 1535 753 1618 1902)
776 1558 806 1622 p.
832 1536 896 1602 129
920 1540 1094 1623 specimina
1115 1537 1271 1623 quaedem
1295 1536 1489 1602 scholiorum
1508 1556 1750 1622 componerem,
1773 1556 1848 1621 qno

649 1665 723 1708 rum
747 1644 848 1708 forma
871 1650 905 1708 et
926 1643 1050 1710 indoles
1071 1644 1273 1710 ostenderent
1291 1665 1328 1709 ea
1347 1645 1487 1730 proiecta
1504 1665 1571 1708 esse
1590 1643 1631 1708 ab
1648 1665 1717 1708 uno
1739 1642 1848 1728 aliquo

649 1752 806 1835 magistro
830 1770 904 1815 oum
927 1770 945 1814 a
969 1749 1093 1815 Donato
1117 1756 1188 1815 tum
1212 1771 1230 1815 a
1252 1748 1385 1835 reliquis
1407 1749 1693 1835 interpolatoribus
1715 1768 1849 1834 prorsus

651 1857 786 1921 diverso.
819 1854 880 1921 Sed
911 1877 948 1921 ea
971 1877 1020 1922 res
1043 1877 1117 1921 oum
1143 1857 1250 1921 fructu
1273 1859 1403 1921 tractari
1427 1856 1555 1921 tandem
1579 1858 1688 1941 potuit
1715 1862 1795 1941 post
1817 1854 1851 1918 fi·

652 1963 725 2028 dam
755 1963 951 2028 scholiorum
980 1962 1154 2028 editionem
1184 1966 1314 2050 egregio
1345 1961 1505 2028 Wessneri
1534 1963 1642 2027 labore
1666 1984 1761 2027 nuno
1787 1984 1853 2048 per·

650 2071 775 2136 lectam.
812 2071 925 2155 ltaque
958 2072 1197 2156 inquisitionem
1231 2077 1401 2136 retractare
1436 2072 1565 2136 institui
1595 2077 1628 2134 et
1658 2072 1697 2134 in
1734 2090 1852 2157 genere

651 2175 836 2245 confirmata
866 2176 951 2254 vidi,
983 2197 1063 2262 quae
1094 2185 1171 2242 tunc
1194 2176 1232 2242 de
1256 2181 1411 2262 magistro
1434 2175 1492 2242 illo
1516 2179 1562 2240 ita
1585 2174 1852 2243 declaraveram:

650 2281 809 2349 Decorabo
837 2304 911 2347 eum
936 2285 1063 2348 nomine
1086 2281 1275 2368 Philosophi
1292 2281 1325 2362 ¹),
1352 2304 1413 2348 non
1437 2304 1501 2368 quo
1525 2303 1636 2348 revera
1659 2281 1793 2369 dignus
1816 2284 1854 2346 sit

650 2390 709 2455 boo
739 2387 852 2466 titulo,
885 2389 940 2454 sed
971 2391 1047 2474 quia
1075 2386 1197 2454 laborat
1223 2388 1394 2454 immodica
1420 2387 1665 2475 philosophandi
1696 2388 1853 2475 cupidine

651 2517 687 2562 ac
717 2516 815 2581 paene
845 2496 967 2571 furore,
999 2495 1082 2561 unde
1106 2496 1227 2561 factum
1252 2503 1317 2573 est,
1341 2502 1379 2561 ut
1402 2499 1471 2561 eius
1494 2495 1745 2574 adnotationes,
1773 2516 1854 2561 com·

651 2605 742 2666 muni
773 2623 867 2666 sensu
897 2623 990 2687 saepe
1013 2601 1203 2679 destitutae,
1228 2601 1387 2668 adfectent
1410 2605 1633 2687 nescioquem
1657 2603 1853 2668 interiorem

650 2729 758 2774 rerum
792 2728 829 2773 ao
863 2708 1034 2773 verborum
1067 2707 1338 2795 intelligentiam,
1373 2728 1454 2793 quae
1487 2730 1506 2774 a
1536 2728 1610 2773 sano
1642 2715 1678 2772 et
1712 2708 1854 2794 simplici

651 2813 769 2880 Donati
790 2813 909 2879 iudicio
922 2813 947 2895 ²)
970 2817 1088 2879 mirum
1115 2822 1273 2900 quantum
1295 2823 1345 2880 est
1367 2823 1500 2880 remota.
1532 2815 1708 2879 Abstinuit
1732 2814 1792 2880 ille
1817 2816 1852 2879 ab

649 2924 691 2988 iis
721 2923 905 3008 interpretis
935 2920 1063 2999 officiis,
1088 2942 1169 3008 quae
1193 2924 1360 3008 requirnnt
1383 2924 1538 2988 sinceram
1561 2920 1772 2986 doctrinam:
1800 2922 1851 2984 vix

651 3031 764 3115 tetigit
798 3034 901 3093 artem
934 3031 1198 3115 grammaticam,
1230 3030 1390 3106 criticam,
1423 3030 1614 3094 rhetoricam
1625 3047 1636 3103 ,¹
1667 3030 1850 3100 scenicam,

649 3135 732 3201 nihil
763 3135 858 3200 babet
889 3134 927 3200 de
958 3134 1115 3221 exemplis
1148 3133 1295 3215 Graecis,
1320 3136 1374 3201 sed
1397 3138 1525 3222 scripsit
1549 3136 1693 3200 maxime
1721 3134 1762 3199 de
1788 3154 1847 3199 sen

649 3245 825 3308 tentiarum
848 3244 1110 3327 interpretatione
1132 3251 1165 3308 et
1188 3243 1226 3309 de
1249 3244 1420 3308 verborum
1444 3241 1661 3329 etymologia,
1691 3240 1852 3328 significa

651 3351 754 3426 tione,
781 3348 966 3414 differentia.
991 3348 1027 3414 In
1051 3351 1199 3415 manibus
1218 3350 1332 3415 babuit
1351 3364 1570 3415 commentum
1590 3347 1733 3426 Donati,
1755 3367 1850 3434 quem

652 3454 748 3521 modo
781 3454 926 3541 supplet,
964 3455 1058 3521 modo
1093 3463 1176 3521 tecte
1209 3464 1266 3521 ant
1296 3463 1404 3543 aperte
1435 3455 1605 3522 cavillatur
1636 3463 1672 3519 et
1697 3458 1851 3543 corrigit,

650 3561 799 3628 lubenter
827 3564 888 3637 ita,
922 3568 959 3626 ut
989 3568 1097 3627 contra
1125 3561 1223 3628 illum
1255 3585 1317 3629 non
1348 3584 1446 3628 unam
1478 3565 1661 3649 opinionem
1689 3563 1850 3648 proferat,

653 3666 707 3734 sed
740 3666 848 3751 plures
883 3674 978 3752 atque
1014 3671 1178 3754 optionem
1213 3669 1307 3734 faciat
1338 3669 1469 3746 lectori,
1499 3677 1535 3733 ut
1566 3667 1669 3753 eligat
1694 3668 1850 3734 adhibitis

652 3772 817 3860 particulis
849 3780 956 3837 ant-
969 3781 1031 3851 ont,
1062 3775 1111 3838 nel
1122 3812 1164 3822 -
1178 3776 1234 3853 uel,
1266 3783 1366 3839 utram
1379 3800 1483 3854 —an,
1508 3799 1548 3839 au
1571 3776 1663 3859 qnia,
1687 3784 1797 3858 potest
1810 3811 1848 3823 -

649 3880 865 3963 potestatium,
885 3878 1056 3945 similibus.
1076 3880 1274 3947 Eximendus
1295 3892 1401 3947 tamen
1421 3890 1470 3947 est
1490 3904 1528 3947 ex
1545 3880 1683 3947 illorum
1702 3903 1849 3959 numero,

653 3988 709 4071 qui
731 3985 857 4050 levibus
880 3986 1093 4072 brevibusque
1116 3987 1386 4054 adnotatiunculis
1410 3992 1541 4055 minoris
1563 3990 1662 4075 pretii
1689 3983 1853 4056 co'mman

653 4098 725 4156 tum
755 4098 935 4157 onerarunt.
967 4092 1070 4158 Immo
1102 4116 1158 4179 pro
1190 4116 1246 4159 suo
1276 4098 1406 4182 ingenio
1436 4095 1542 4161 dedita
1572 4116 1671 4182 opera
1697 4100 1734 4162 in
1763 4105 1854 4164 textu

654 4197 838 4282 explicando
874 4196 1031 4264 laboravit
1056 4209 1157 4276 <usus
1188 4201 1345 4268 scribendi
1375 4206 1496 4268 ratione
1520 4202 1675 4288 perplexa
1702 4208 1855 4291 quidem,

654 4304 708 4369 sed
731 4325 810 4390 quae
835 4303 972 4371 adfectat
996 4305 1189 4392 elegantiam
1213 4316 1245 4373 et
1268 4310 1465 4386 ubertatem
1490 4309 1564 4375 iecit
1588 4311 1677 4388 hoc>
1707 4335 1855 4399 perverso

691 4567 717 4625 1)
734 4564 829 4614 Scholia
845 4564 987 4631 philosopha
1004 4567 1054 4616 fere
1070 4566 1136 4616 solua
1151 4567 1287 4618 observavit
1303 4569 1423 4619 Usener
1440 4573 1464 4620 in
1485 4573 1550 4621 Mos.
1566 4573 1646 4623 Rben.
1668 4577 1741 4628 less
1760 4598 1786 4647 p.
1804 4584 1857 4638 495,

656 4648 697 4712 qni
715 4663 742 4696 aa
758 4653 838 4697 tamen
855 4663 979 4713 perperam
1000 4651 1090 4697 Donato
1108 4650 1227 4700 attribuit.
1246 4652 1295 4715 (Ci.
1314 4654 1531 4718 Geratenberg
1548 4656 1576 4703 de
1594 4656 1757 4726 Engrapbio,
1776 4682 1798 4730 p.
1811 4665 1856 4728 so).

690 4731 718 4784 2)
740 4728 819 4779 Instaa
840 4731 1014 4795 prudentesque
1037 4731 1126 4780 Donati
1149 4734 1313 4783 adnotationes
1330 4736 1462 4785 identidem
1480 4736 1587 4786 laudarit
1603 4739 1629 4787 J.
1646 4740 1675 4791 J.
1697 4744 1856 4797 Har-tm

657 4811 683 4860 in
700 4827 785 4861 comm.
804 4812 837 4859 de
854 4811 1004 4861 Terentio
1021 4819 1051 4863 et
1070 4815 1190 4864 Donato
1209 4831 1230 4864 a.
1254 4818 1325 4866 189⁶.
