4525 5950
1068 714 1211 763 anemos.
1687 697 1728 763 91

530 883 602 947 fere
633 881 834 958 dissimulet,
866 887 951 946 certe
979 901 1043 944 non
1071 882 1267 966 gravissima
1300 881 1524 965 obiurgatione
1553 877 1735 965 vituperet?

531 986 653 1052 Fateor
676 985 864 1052 mortalium
888 989 1051 1052 neminem
1074 1007 1127 1051 me
1151 989 1257 1072 magis
1279 1007 1347 1051 esse

811 1091 933 1172 ἄπειρον
957 1093 1179 1156 ἀθαλάττωτον
1203 1095 1410 1168 ἑσαλαιμίνιον

534 1204 568 1264 et
602 1202 710 1262 tamen
740 1203 860 1286 quanta
892 1196 950 1262 illa
974 1197 1071 1262 lirerit
1095 1195 1280 1273 Germanici
1304 1197 1446 1262 stultitia
1467 1202 1596 1283 penitus
1619 1201 1731 1263 sentio.

534 1305 683 1368 Avorum
706 1308 891 1368 nostrorum
916 1307 1089 1379 memoria,
1115 1323 1189 1367 cum
1213 1301 1304 1366 nulla
1326 1304 1379 1367 hic
1402 1302 1519 1368 fiebant
1537 1306 1654 1368 itinera
1673 1306 1735 1368 nisi
1810 1361 1812 1365 .

532 1409 670 1496 placidis
699 1408 765 1473 illis
796 1411 956 1494 navigiis,
988 1429 1068 1494 quae
1099 1407 1243 1473 remulco
1275 1408 1495 1485 trahebantur,
1527 1416 1559 1473 et
1591 1409 1735 1494 adquae

532 1515 676 1600 regenda
695 1518 749 1579 rix
770 1513 838 1578 ulla
857 1535 939 1601 opus
957 1521 1025 1579 erat
1045 1515 1178 1599 peritia,
1200 1520 1307 1578 tamen
1328 1512 1437 1578 nullus
1458 1534 1600 1599 unquam
1619 1520 1734 1589 nauta,

531 1629 572 1685 ut
603 1623 726 1706 opinor,
763 1619 923 1685 eiusmodi
954 1619 1076 1705 aliquid
1108 1621 1273 1684 commisit
1415 1626 1472 1684 aut
1503 1625 1655 1704 expertus
1685 1625 1734 1685 est

532 1733 703 1792 rectorum
735 1724 908 1810 tranquille
939 1728 1104 1810 otioseque
1135 1723 1411 1790 confabulantium
1442 1746 1545 1790 unum
1570 1732 1678 1790 tamen
1702 1731 1735 1791 et

532 1832 675 1897 alterum
706 1831 918 1896 cerebrosum.
951 1831 1136 1895 Laudamus
1166 1829 1350 1908 Tiberium,
1374 1833 1430 1915 qui
1453 1836 1520 1895 tam
1545 1833 1734 1916 imperitum

532 1940 701 2022 copiarum
733 1937 846 2001 ducem
877 1957 974 2021 quam
1004 1940 1148 2020 primum
1179 1935 1253 2000 inde
1283 1939 1458 2013 revocarit,
1491 1937 1547 2001 ubi
1571 1957 1734 2002 remanere

531 2065 599 2108 non
631 2049 737 2128 posset
759 2044 827 2107 sine
849 2041 1017 2128 legionum
1042 2044 1182 2128 pernicie
1205 2062 1397 2127 summoque
1421 2041 1615 2127 reipublicae
1639 2043 1733 2107 detri-

531 2158 654 2214 mento.
676 2148 837 2232 Quidquid
857 2150 892 2212 in
912 2146 1086 2213 Germania
1107 2147 1181 2212 fecit
1200 2145 1411 2213 Germanicus
1432 2152 1541 2213 omnia
1558 2155 1591 2213 et
1601 2148 1731 2214 inutilia

532 2276 665 2341 prorsus
697 2254 827 2319 fuerunt
858 2260 890 2318 et
920 2253 1055 2339 periculi
1086 2252 1190 2339 plena.
1224 2251 1321 2318 Velut
1350 2254 1409 2318 hoc
1440 2260 1489 2319 est
1519 2253 1603 2339 quod
1635 2276 1661 2319 c.
1686 2255 1729 2319 25

531 2367 694 2436 narratur,
730 2380 903 2445 puerorum
939 2358 1016 2424 ludo
1046 2359 1189 2424 similius
1220 2379 1317 2443 quam
1349 2359 1499 2444 prudenti
1528 2362 1731 2444 imperatoris

534 2464 689 2531 consilio:

583 2569 730 2648 „Marsos
759 2572 931 2662 irrumpit,
963 2590 1102 2654 qnorum
1127 2569 1193 2633 dux
1217 2568 1441 2635 Mallovendus
1464 2591 1566 2654 nuper
1588 2572 1622 2633 in
1646 2570 1733 2635 dedi·

533 2679 659 2741 tionem
684 2681 833 2760 aceeptus
852 2677 1030 2760 propinquo
1050 2674 1118 2740 loco
1140 2675 1295 2739 defossam
1314 2673 1467 2739 Varianae
1487 2673 1622 2759 legionis
1642 2678 1730 2758 aqui·

532 2781 603 2846 lam
634 2780 760 2845 modico
791 2779 949 2865 praesidio
981 2783 1100 2844 servari
1130 2780 1260 2845 indicat.
1285 2780 1386 2844 Missa
1409 2781 1571 2866 extemplo
1596 2802 1730 2861 manus,

531 2907 616 2974 quae
647 2888 773 2951 hostem
804 2887 950 2951 afronia
974 2885 1118 2966 eliceret,
1144 2885 1219 2962 alii,
1244 2889 1300 2970 qui
1323 2895 1415 2972 terga
1438 2890 1663 2975 circumgressi
1686 2909 1733 2954 re

531 2993 700 3058 eluderent
723 2992 860 3056 humum
868 3013 877 3070 ;
902 2999 935 3056 et
959 2996 1104 3078 utrisque
1127 2991 1230 3057 adfuit
1252 2993 1413 3058 fortuna’'.

580 3097 782 3184 Quamquam
814 3098 985 3174 Romanis,
1019 3098 1198 3176 terestres
1230 3098 1434 3176 ludentibus,
1465 3103 1637 3186 ineptiores
1665 3102 1730 3185 ipsi

530 3203 705 3281 Germani,
730 3207 785 3289 qui
810 3224 873 3267 non
898 3207 1040 3269 contenti
1064 3203 1171 3289 aquila
1195 3205 1288 3268 humi
1311 3204 1432 3270 defossa
1533 3206 1729 3291 praesidium

529 3312 578 3375 ibi
599 3315 739 3395 ponunt,
760 3308 883 3374 scilicet
902 3313 963 3373 rati
985 3312 1029 3374 sic
1049 3309 1167 3374 melius
1186 3309 1267 3374 illud
1288 3313 1444 3382 narniam
1455 3314 1488 3375 in
1501 3332 1559 3375 sua
1572 3317 1730 3396 potestate

529 3434 799 3502 permansurum,
825 3434 921 3499 quam
946 3416 973 3477 si
996 3413 1065 3480 loco
1087 3422 1171 3480 esset
1189 3414 1347 3492 abditum,
1368 3435 1465 3499 quem
1485 3418 1539 3480 vir
1561 3418 1731 3501 qnisquam

533 3529 651 3585 notum
674 3520 815 3585 haberet.

580 3628 618 3691 A.
643 3625 683 3701 Π,
710 3625 762 3690 34.
787 3624 823 3688 In
847 3624 1046 3709 praecedenti
1071 3627 1175 3709 capite
1198 3633 1362 3689 narratum
1386 3632 1435 3689 est
1453 3625 1491 3690 de
1511 3629 1677 3691 sententiis
1696 3628 1730 3691 in

532 3739 647 3797 senatu
680 3732 773 3795 dictis
805 3728 1143 3815 senatusconsultoque
1174 3733 1258 3795 facto
1282 3750 1356 3795 cum
1381 3731 1535 3797 Haterius
1559 3741 1591 3797 et
1614 3732 1731 3798 Fronto

532 3838 572 3903 de
595 3837 676 3902 luxu
699 3838 869 3902 coercendo
892 3835 1055 3900 dixissent.
1081 3834 1252 3919 Sequitur:

581 3943 690 4019 „lnior
709 3963 790 4027 quae
808 3942 845 4006 L.
867 3942 943 4006 Piso
963 3942 1123 4005 ambitum
1144 3942 1220 4018 fori,
1242 3948 1391 4026 corrupta
1406 3941 1539 4019 indicia,
1557 3945 1728 4007 saevitiam

530 4055 696 4115 oratorum
725 4050 939 4113 accusationes
963 4050 1185 4111 minitantium
1209 4050 1374 4132 increpans
1398 4048 1484 4112 abire
1508 4038 1551 4113 se
1564 4056 1596 4113 et
1619 4049 1728 4114 cedere

529 4157 628 4231 urbe,
661 4158 825 4219 victurum
855 4156 889 4216 in
913 4152 1021 4238 aliquo
1046 4153 1154 4217 abdito
1179 4159 1211 4217 et
1234 4151 1411 4238 longinquo
1435 4176 1508 4219 rnre
1532 4156 1709 4220 testabatur
1717 4175 1725 4233 ;

529 4260 631 4327 simul
651 4262 774 4323 curiam
795 4258 1002 4342 relinquebat.
1028 4257 1217 4325 Commotus
1237 4266 1286 4322 est
1306 4257 1470 4336 liberius,
1489 4268 1520 4325 et
1532 4282 1727 4345 quamquam

530 4366 637 4431 verbis
669 4365 819 4429 Pisonem
850 4364 1090 4449 permulsisset,
1114 4366 1309 4449 propinquos
1334 4385 1461 4451 quoque
1485 4369 1554 4430 eius
1577 4365 1730 4451 impulit,

528 4479 568 4537 ut
592 4473 763 4536 abeuntem
787 4473 977 4535 auctoritate
1001 4468 1053 4534 vel
1075 4471 1223 4554 precibus
1248 4471 1423 4535 tenerent’'.

576 4577 693 4642 Deesse
718 4578 894 4641 narrationi
916 4575 1035 4661 aliquid
1057 4583 1114 4639 aut
1134 4581 1235 4640 totam
1257 4597 1340 4654 rem,
1361 4598 1457 4661 quam
1478 4577 1561 4662 apud
1584 4584 1728 4643 auctores

528 4705 606 4749 suos
629 4687 807 4759 invenerat,
833 4703 893 4746 non
917 4681 1111 4746 intellexisse
1136 4680 1284 4746 Tacitum
1309 4685 1391 4747 mihi
1409 4689 1542 4748 constat.
1568 4683 1650 4748 Nam
1671 4684 1730 4749 hoc

531 4789 663 4876 quidem
694 4788 869 4853 admodum
901 4787 1066 4863 credibile,
1099 4809 1234 4874 gravem
1267 4785 1405 4874 aliquem
1430 4798 1627 4867 senatorem,
1652 4810 1727 4854 cum
