4525 5950
651 696 718 766 416
1179 718 1317 770 ovinius.

649 886 772 950 narrari
805 883 924 949 audiat.
967 883 1011 948 Itt
1046 904 1158 949 revera
1192 890 1230 949 ut
1264 881 1354 971 ceyx
1389 890 1422 950 et
1453 884 1600 971 Alcyone
1635 886 1727 953 cordi
1760 889 1843 952 nobis

648 993 714 1056 sint
744 996 839 1075 poeta
862 989 968 1054 efficit.
1000 989 1041 1053 Et
1063 997 1182 1075 quanta
1206 1011 1282 1055 cura
1306 993 1413 1056 omnia
1436 991 1489 1056 hic
1514 991 1692 1057 elaborarit
1716 992 1844 1058 Ovidius

648 1099 764 1182 quovis
783 1103 914 1181 apparet
931 1116 1035 1160 versu.
1059 1093 1150 1182 (leyx
1169 1117 1245 1182 ergo
1265 1097 1478 1182 probissimus
1497 1096 1555 1162 ille
1575 1101 1627 1162 vir
1644 1107 1680 1163 et
1692 1098 1845 1186 Alcyones

648 1222 723 1268 suae
754 1204 995 1266 amantissimus
1026 1203 1100 1266 navi
1129 1204 1191 1265 iter
1215 1202 1359 1267 facturus
1383 1208 1442 1268 est.
1473 1203 1639 1269 Audimus
1664 1213 1845 1290 querentem

648 1306 942 1391 lamentantemque
973 1327 1124 1383 uxorem,
1158 1305 1231 1371 vale
1259 1307 1420 1373 dicentem
1444 1310 1474 1373 ei
1499 1312 1679 1386 maritum,
1703 1311 1846 1375 videmus

649 1413 785 1498 denique
816 1413 902 1477 hunc
925 1433 958 1476 sc
982 1433 1021 1477 ex
1044 1410 1135 1476 illius
1158 1411 1339 1477 solventem
1363 1411 1533 1498 amplexu,
1559 1435 1684 1480 navem
1698 1426 1848 1482 conscen-

648 1519 796 1596 dentem,
828 1540 846 1584 a
878 1525 964 1584 terra
995 1516 1193 1594 solventem,
1217 1520 1360 1583 invitum
1384 1517 1547 1584 inultum
1573 1528 1791 1605 provectum,
1813 1521 1847 1586 ad

647 1645 782 1690 uxorem
801 1625 1042 1709 respicientem,
1062 1626 1156 1709 signa
1177 1622 1305 1689 dantem
1325 1622 1378 1688 illi
1398 1626 1696 1710 accipientemque,
1718 1627 1846 1711 denique

647 1731 811 1817 Alcyonen
842 1731 1036 1795 comitamur
1068 1729 1201 1793 domum
1232 1728 1437 1806 redeuntem,
1470 1739 1502 1794 et
1532 1730 1587 1795 hic
1619 1752 1756 1816 quoque
1784 1735 1846 1797 eius

647 1836 798 1902 audimus
821 1837 1047 1920 querimonias.
1073 1832 1171 1900 Hisce
1195 1835 1345 1900 omnibus
1367 1855 1430 1899 non
1454 1837 1564 1900 minus
1589 1835 1635 1900 64
1661 1859 1778 1903 versus
1794 1840 1846 1902 im·

648 1943 839 2029 penduntur.

692 2048 833 2134 Navigat
864 2045 970 2134 Ceyx,
1003 2052 1037 2112 at
1067 2069 1142 2112 mcx
1170 2049 1343 2114 vehemens
1367 2051 1469 2114 oritur
1491 2048 1654 2135 procella,
1682 2072 1842 2136 quaeque

647 2154 742 2220 modo
765 2174 880 2218 navem
904 2159 1070 2239 oppugnet
1092 2155 1226 2238 arripiet
1248 2154 1377 2240 frangat
1399 2155 1566 2240 demergat
1589 2157 1744 2221 versibus
1763 2177 1842 2242 prae

647 2261 855 2325 stantiesimie
886 2257 927 2323 81
960 2258 1157 2345 depingitur.
1190 2259 1256 2324 Nec
1280 2262 1390 2324 minus
1413 2262 1538 2346 egregii
1562 2268 1643 2325 sunt
1667 2283 1782 2327 versus
1806 2260 1842 2325 12

648 2367 765 2451 quibus
796 2363 910 2451 Ceycis
933 2385 1019 2429 mors
1043 2358 1201 2441 narretur,
1226 2385 1322 2450 quem
1346 2363 1457 2431 locum
1479 2368 1653 2451 aptissime
1678 2366 1842 2454 elegantis

647 2475 790 2556 simeque
813 2470 936 2536 claudit
958 2477 1052 2556 poeta
1072 2469 1256 2556 legentibus
1279 2474 1314 2535 in
1337 2474 1482 2536 animum
1501 2471 1686 2538 revocando
1707 2472 1840 2537 Luciferi

647 2577 752 2642 filium
771 2598 839 2643 esse
859 2576 998 2664 (leycem
1017 2576 1218 2661 docendoque
1230 2598 1288 2642 cur
1297 2576 1353 2642 ille
1365 2587 1441 2643 nato
1454 2598 1512 2642 suo
1525 2599 1620 2663 opem
1635 2600 1703 2644 non
1716 2577 1839 2644 tulerit:

781 2683 911 2747 Lucifer
933 2683 1085 2748 obscurus
1107 2703 1165 2747 neo
1187 2703 1284 2767 quem
1307 2704 1496 2769 cognoscere
1518 2704 1630 2769 posses

781 2787 841 2854 llla
866 2794 956 2854 nocte
979 2789 1059 2853 fuit:
1084 2791 1299 2874 quoniamque
1322 2789 1473 2854 excedere
1495 2787 1583 2871 caelo

781 2894 853 2960 Non
877 2893 988 2971 licuit,
1012 2893 1118 2958 densis
1141 2897 1222 2959 texit
1246 2915 1304 2959 sua
1326 2895 1465 2960 nubibus
1487 2916 1552 2960 ora.

645 3002 770 3067 Interea
801 3001 890 3066 domi
921 3000 1044 3066 desidet
1072 2983 1236 3087 Alcyone,
1260 3003 1416 3084 maritum
1440 3007 1611 3086 expectans
1635 3017 1672 3068 et
1696 3025 1754 3089 pro
1776 3006 1837 3069 eius

642 3107 746 3173 salute
768 3107 937 3191 redituque
960 3106 1093 3171 deorum
1118 3106 1174 3172 sed
1192 3105 1324 3172 Iunonis
1343 3110 1513 3193 praecipue
1531 3128 1603 3173 aras
1624 3109 1746 3175 colens.
1769 3110 1833 3175 Non

643 3212 729 3279 ultra
759 3213 815 3277 dea
846 3214 954 3277 irritas
985 3212 1059 3277 illas
1088 3233 1197 3298 preces
1229 3212 1341 3277 audire
1364 3218 1484 3298 potest,
1509 3212 1589 3277 Irim
1612 3213 1657 3278 ad
1680 3214 1832 3280 Somnum

642 3321 747 3384 mittit
764 3318 989 3382 mandaturam
1009 3317 1060 3382 illi
1081 3327 1117 3382 ut
1138 3316 1303 3404 Alcyonen
1321 3318 1359 3383 dc
1378 3317 1581 3383 dilectissimi
1601 3324 1718 3385 mariti
1738 3328 1834 3386 morta

642 3426 781 3491 edoceat.
814 3424 970 3510 Legimus
1000 3422 1194 3508 praeclaram
1216 3422 1309 3488 illam
1333 3424 1372 3488 de
1395 3423 1507 3489 Somni
1530 3424 1668 3490 aedibus
1692 3430 1836 3492 narratio

642 3552 732 3607 nem,
757 3529 911 3594 adsumus
935 3528 1097 3616 Alcyonae
1121 3552 1196 3594 cum
1219 3532 1330 3595 mariti
1355 3530 1470 3595 umbra
1488 3529 1709 3616 colloquenti,
1730 3535 1836 3598 tristis

642 3640 725 3702 simo
756 3658 827 3701 eam
858 3636 1078 3721 perturbatam
1110 3638 1234 3700 somnio
1265 3635 1423 3701 videmus.
1456 3636 1544 3701 Haec
1568 3641 1700 3715 omnia,
1725 3640 1834 3723 quibus

642 3765 701 3829 ego
724 3742 809 3827 quod
833 3747 972 3827 praestet
995 3744 1071 3806 novi
1095 3741 1196 3820 nibil,
1224 3738 1287 3806 137
1312 3741 1451 3827 implent
1473 3762 1597 3806 versus.

689 3848 827 3913 Aedibus
848 3848 1012 3934 egreditur
1032 3847 1193 3934 Alcyone,
1216 3850 1250 3911 in
1273 3847 1367 3913 litore
1391 3853 1455 3911 stat
1477 3850 1704 3933 prospicitque
1728 3888 1771 3900 -
1790 3850 1835 3914 hic

640 3958 749 4040 ipsum
772 3956 880 4018 mariti
904 3975 1019 4038 corpus
1043 3952 1201 4018 fluctibus
1225 3952 1264 4017 ad
1289 3953 1382 4037 pedes
1401 3956 1469 4018 eius
1490 3953 1644 4032 defertur,
1665 3977 1766 4040 quem
1784 3956 1834 4020 ubi

641 4064 776 4147 agnovit
799 4066 831 4125 et
853 4062 894 4124 iis
917 4059 1062 4125 versibus
1086 4059 1234 4135 deflevit,
1258 4080 1338 4143 quos
1358 4062 1533 4125 sexcenties
1551 4058 1665 4146 legere
1685 4065 1789 4147 possis
1805 4068 1833 4125 et

642 4173 749 4232 tamen
774 4187 900 4250 semper
923 4186 985 4229 non
1008 4167 1132 4230 minore
1156 4168 1248 4250 tangi
1272 4165 1508 4230 misericordiae
1527 4185 1621 4230 sensu
1644 4188 1744 4252 quam
1765 4188 1832 4233 oum

641 4275 783 4357 primum
809 4293 861 4337 eos
885 4272 1112 4357 cognoscebas,
1137 4275 1171 4335 in
1194 4292 1269 4336 aves
1291 4276 1461 4336 mutantur
1483 4272 1593 4336 ambo:

1207 4385 1323 4443 coeunt
1345 4378 1489 4462 fiuntque
1512 4383 1681 4462 parentes,

777 4486 902 4569 Perque
924 4484 992 4550 dies
1016 4483 1155 4569 placidos
1177 4485 1309 4549 hiberno
1333 4490 1476 4568 tempore
1499 4490 1623 4568 septem

777 4592 910 4656 incubat
933 4590 1077 4677 Alcyone
1100 4590 1312 4676 pendentibus
1337 4611 1473 4676 aequore
1497 4590 1592 4655 nidis.

777 4697 867 4762 'luno
891 4699 973 4762 iacet
994 4696 1080 4761 unda
1103 4698 1219 4761 maris:
1243 4701 1356 4761 ventos
1379 4695 1519 4761 custodit
1541 4701 1575 4760 et
1598 4702 1688 4761 ercet

779 4800 897 4867 Aeolus
921 4823 1051 4888 egressu
1073 4806 1276 4887 praestatque
1298 4802 1467 4888 nepotibus
1490 4819 1619 4886 aequor.
