4525 5950
526 724 570 790 80
1054 741 1196 790 usurus.

528 905 578 968 11111
603 904 744 981 πρότερον
767 905 839 985 πρὸς
863 905 932 973 ποὺς
958 904 1096 980 πατέρας
1113 904 1137 983 ¹)
1162 907 1235 979 ἡμῖν
1254 905 1404 982 διαφορᾶς
1427 904 1653 984 ὑπαρχούσης,
1674 905 1721 968 nal

527 1011 631 1074 πάλαι
654 1015 759 1073 τοῦτον
785 1010 890 1088 ἐχθρὸν
911 1011 1076 1085 ἡγούμενος
1100 1056 1199 1074 .....
1220 1010 1409 1089 παρέσομαι
1429 1010 1497 1089 περὶ
1519 1012 1651 1074 πάντων
1670 1014 1723 1075 τῶν

528 1115 756 1194 πεπραγμένων
779 1117 847 1193 μεθ’
873 1115 954 1191 ὑμῶν
979 1115 1073 1179 αὐτὸν
1096 1119 1338 1196 π1μωρνὶσ1ισθαι.

1088 1569 1161 1634 XII.

572 1769 698 1854 Agetur
720 1769 772 1832 bic
796 1766 834 1831 de
857 1769 898 1830 iis
921 1766 1024 1830 Γ166111
1047 1767 1283 1831 narrationibus
1306 1788 1404 1852 quae,
1430 1769 1514 1832 sicut
1538 1766 1629 1854 apud
1655 1788 1726 1834 eum

525 1873 696 1960 leguntur,
728 1871 870 1957 intelligi
901 1873 1089 1957 probarique
1121 1893 1183 1935 non
1216 1875 1356 1957 possint,
1381 1874 1543 1950 obscuris,
1571 1874 1727 1949 turbatis,

525 1979 739 2064 imperfectis;
771 1998 915 2062 quaeque
951 1979 1040 2040 vitiis
1074 1975 1141 2040 illis
1176 1975 1321 2041 laborant
1357 1999 1419 2042 non
1457 1980 1557 2042 unius
1591 1978 1728 2043 alicuius

526 2081 676 2148 vocabuli
700 2083 811 2168 culpa,
837 2081 921 2168 quod
945 2103 1060 2166 parum
1084 2089 1156 2165 apte
1181 2083 1223 2145 sit
1246 2085 1406 2166 positum,
1431 2082 1486 2146 sed
1509 2085 1591 2167 quia
1613 2082 1728 2148 autad

525 2191 715 2254 historicum
747 2195 892 2252 nostrum
924 2186 969 2251 nil
1000 2191 1062 2251 nisi
1093 2207 1195 2273 vagus
1226 2209 1336 2251 rumor
1367 2190 1534 2273 pervenit,
1569 2199 1631 2254 aut
1655 2191 1728 2274 quia

526 2296 646 2360 nudam
670 2316 795 2359 narrare
819 2296 991 2358 veritatem
1015 2291 1138 2370 noluit,
1163 2300 1219 2357 aut
1238 2293 1374 2378 denique
1394 2296 1470 2379 quia
1487 2315 1560 2359 rem
1583 2295 1727 2381 aliquam

524 2405 572 2466 ita
602 2403 770 2485 proposuit
802 2406 839 2463 ut
868 2399 989 2485 legonti
1020 2398 1193 2463 admodum
1216 2401 1258 2462 sit
1282 2397 1410 2463 difficile
1434 2419 1498 2463 non
1522 2403 1557 2464 in
1584 2399 1727 2486 aliquem

523 2506 663 2572 incidere
687 2527 837 2571 errorem.
862 2504 1000 2570 Causam
1024 2512 1131 2569 autem
1157 2526 1213 2569 our
1237 2505 1401 2569 interdum
1426 2506 1562 2568 1161111νὶ1
1588 2528 1661 2571 rem
1685 2509 1729 2570 ita

525 2621 563 2677 ut
585 2624 677 2699 gesta
695 2618 778 2676 esset
799 2611 937 2687 tradere,
959 2611 1039 2674 banc
1058 2613 1261 2695 praecipuam
1282 2611 1382 2675 fuisse
1401 2611 1486 2695 quod
1507 2611 1548 2675 ad
1561 2612 1729 2677 dirissima

524 2720 774 2802 saevissimeque
805 2716 959 2781 credenda
989 2719 1075 2780 iusto
1098 2717 1196 2780 fuerit
1219 2720 1356 2801 pronior,
1380 2719 1446 2780 iam
1471 2720 1553 2781 satis
1580 2727 1729 2782 accurate

523 2828 557 2888 in
592 2823 854 2909 praecedentibus
889 2822 1180 2886 demonstravimus
1189 2843 1196 2898 ;
1236 2842 1466 2906 nonnunquam
1502 2825 1552 2887 rei
1590 2823 1730 2888 alicuius

524 2937 597 2995 ante
621 2928 741 2994 multos
765 2949 862 2993 annos
886 2934 1030 3012 peractae
1054 2930 1212 2992 rationem
1237 2948 1312 2992 eum
1335 2928 1458 3014 fugisse
1481 2930 1633 2994 invitum
1659 2931 1729 3015 quis

524 3032 715 3100 mirabitur?
746 3035 817 3099 Iam
840 3054 916 3097 1616
939 3036 1042 3116 ipsam
1066 3036 1245 3097 orationem
1269 3033 1432 3098 'faciteam
1455 3033 1642 3100 identidem
1670 3035 1730 3100 effi·

524 3162 593 3207 6616
625 3147 660 3204 61
690 3148 801 3204 auctor
830 3137 915 3202 male
945 3137 1087 3224 intelligi
1119 3138 1171 3203 161
1202 3142 1302 3224 possit
1334 3137 1385 3203 161
1418 3139 1548 3222 debeat,
1584 3142 1621 3205 id
1656 3162 1729 3206 1616

522 3252 651 3311 tantum
676 3247 765 3310 abest
789 3252 824 3308 ut
848 3242 1032 3307 incredibile
1056 3244 1204 3308 videatur
1224 3251 1261 3308 ut
1281 3265 1343 3309 uon
1364 3243 1469 3309 multo
1489 3248 1627 3331 saepius
1647 3245 1730 3311 illud

522 3353 663 3418 accidere
685 3355 754 3414 iure
777 3352 943 3414 miremur.
1632 3362 1634 3364 ’

568 3460 651 3521 Ann.
676 3456 733 3530 Xl,
759 3454 812 3519 25.
840 3453 1012 3531 „Famosos
1032 3455 1155 3540 probris
1176 3475 1315 3539 quonam
1336 3456 1431 3520 modo
1451 3463 1569 3521 senatu
1591 3458 1730 3543 pelleret

522 3565 637 3627 anxius
661 3559 854 3638 (Claudius),
879 3562 993 3622 mitem
1014 3567 1044 3623 et
1066 3580 1172 3623 recens
1192 3568 1349 3643 repertam
1371 3580 1468 3644 quam
1489 3582 1529 3625 611
1551 3567 1730 3628 6616111616

522 3670 626 3754 prisca
656 3669 812 3730 rationem
843 3665 1006 3740 adhibuit,
1039 3665 1197 3729 monendo
1229 3686 1337 3730 secum
1369 3669 1507 3750 quisque
1532 3667 1574 3732 de
1601 3690 1636 3733 se
1662 3691 1729 3734 con·

523 3772 660 3837 saltaret
684 3778 866 3855 peteretque
885 3774 937 3834 ius
956 3771 1091 3834 exuendi
1113 3771 1233 3834 ordinis
1240 3791 1247 3846 ;
1269 3769 1396 3835 facilem
1418 3774 1489 3836 eius
1509 3776 1557 3837 rei
1579 3778 1728 3850 veniam

522 3885 556 3943 et
579 3884 683 3941 motos
706 3882 818 3941 senatu
843 3883 1072 3959 excusatosque
1095 3874 1193 3939 simul
1217 3879 1474 3960 propositurum,
1501 3886 1541 3941 ut
1564 3880 1728 3945 iudicium

524 4003 692 4049 censorum
733 4002 768 4045 ac
808 3983 910 4068 pudor
944 3988 1055 4065 sponte
1091 3981 1272 4045 cedentium
1308 3985 1469 4066 permixta
1503 3986 1725 4070 ignominiam

523 4087 699 4153 molliret’'.

569 4194 711 4268 Mirum,
745 4192 869 4267 hercle,
903 4189 1089 4268 consilium,
1121 4190 1268 4275 quodque
1299 4212 1338 4254 ne
1370 4213 1389 4256 a
1420 4190 1562 4259 Claudio
1595 4197 1725 4281 quidem

522 4305 700 4384 exspectes,
722 4300 850 4362 etiamsi
869 4318 902 4360 re
924 4317 999 4359 vera
1019 4303 1085 4358 tam
1106 4296 1202 4360 hebes
1221 4296 1404 4381 stultusque
1426 4297 1491 4361 11111
1508 4320 1612 4383 quam
1628 4303 1727 4367 rideri

523 4425 598 4470 eum
624 4402 753 4467 Tacitus
774 4405 872 4485 cupit.
897 4400 981 4478 Quid
1001 4398 1108 4464 euiml
1133 4401 1292 4464 Admonet
1305 4403 1445 4486 fumosos
1458 4406 1590 4484 probris
1610 4415 1725 4471 1111616

521 4534 569 4575 ree
594 4517 631 4573 ut
656 4505 885 4585 „missionem”
911 4510 1021 4588 petant
1046 4505 1266 4583 „honestam”,
1292 4527 1387 4590 seque
1410 4510 1444 4570 in
1469 4529 1508 4572 66
1533 4510 1644 4578 danda
1667 4534 1723 4577 non

531 4673 727 4686 —————·

554 4769 577 4824 l)
601 4762 680 4812 Verba
702 4758 846 4807 dubitationi
871 4756 973 4805 obnoxia
995 4766 1049 4804 sunt
1071 4759 1224 4820 (quamquam
1249 4757 1298 4821 ipsc
1321 4758 1380 4820 quin
1404 4775 1458 4808 oum
1477 4762 1654 4830 Frobbergeru
1671 4768 1724 4829 πρὸς

518 4846 631 4908 πατέρων
651 4844 777 4906 legendum
794 4840 825 4887 111
842 4855 889 4888 non
906 4837 998 4895 dubito)
1015 4838 1055 4885 aed
1071 4838 1189 4886 sententia
1207 4838 1346 4887 certissima.
