4525 5950
646 687 714 753 428
1003 705 1046 752 na
1068 705 1186 754 naama
1209 706 1314 753 nomn
1336 704 1475 753 ammte

531 861 534 866 ’
645 871 736 952 μένῳ.
768 869 828 936 Illa
851 875 961 935 autem
983 891 1045 935 vox
1070 891 1132 935 non
1156 873 1323 935 invenitur
1345 873 1600 934 commemorata
1624 873 1704 932 ante
1727 886 1839 932 mum

647 977 724 1055 435,
748 980 841 1041 cuius
863 978 937 1041 anni
960 975 1124 1040 decretum
1149 981 1295 1060 superest
1318 975 1357 1040 de
1377 995 1459 1039 novo
1479 972 1620 1059 collegio
1640 980 1841 1059 quaestorum

646 1083 844 1167 reliquorum
876 1081 1028 1158 deorum,
1061 1082 1118 1146 nbi
1141 1080 1302 1168 legimns:
1328 1077 1406 1145 edre
1430 1079 1462 1144 a
1484 1079 1693 1156 ταμιευόντων
1717 1078 1842 1151 inrito

647 1190 677 1253 ἕν
708 1195 753 1252 τὸν
785 1189 1000 1265 Ὀπνσδνδόμον
1025 1189 1066 1251 τὰ
1093 1193 1145 1250 τόν
1169 1190 1232 1251 θεᾶν
1255 1189 1405 1267 κρέμαται
1532 1187 1586 1249 ul
1613 1185 1844 1262 σννινννγὸντνν

647 1297 698 1359 axi
732 1295 946 1372 σνγκλενόντον
979 1295 1037 1362 τὰς
1069 1295 1160 1370 θύρας
1192 1299 1232 1357 τὸ
1259 1294 1464 1366 'oracutum
1497 1292 1550 1356 zat
1584 1292 1844 1368 σννσεμιννὸνίνν

646 1409 710 1472 τοῖς
741 1406 791 1464 τὸν
825 1406 877 1469 τῖς
913 1401 1075 1471 'adseclae
1111 1401 1242 1475 ταμίαις
1259 1399 1292 1478 ¹).
1328 1397 1498 1464 Michaelis
1528 1398 1625 1475 inde,
1657 1397 1750 1483 quod
1780 1402 1845 1483 post

644 1505 832 1571 absolutum
863 1506 995 1570 demum
1019 1505 1254 1571 Parthenonem
1278 1506 1292 1570 t
1315 1505 1539 1579 Ὀπισθόδομος
1561 1511 1844 1579 commemoretur,

646 1634 760 1677 nomen
790 1611 875 1677 illud
905 1634 968 1677 non
993 1612 1225 1698 Hecatompedi
1247 1611 1302 1677 sed
1325 1613 1539 1678 Parthenonis
1561 1615 1736 1696 posticum
1760 1611 1845 1675 deno·

645 1725 729 1784 tasse
753 1726 856 1804 putat.
882 1719 925 1782 At
949 1721 1022 1804 quis
1045 1718 1152 1784 credat
1175 1721 1210 1783 in
1229 1740 1313 1784 novo
1333 1717 1453 1805 templo
1473 1718 1647 1783 Minervae
1667 1723 1844 1783 consecuto

645 1828 756 1890 statim
788 1823 924 1911 collegio
955 1830 1160 1911 quaestorum
1192 1832 1225 1891 et
1248 1825 1386 1891 donariis
1409 1823 1523 1890 alienis
1546 1822 1661 1889 locum
1688 1845 1760 1889 esse
1782 1844 1843 1887 con·

645 1929 788 1996 cessum!
819 1929 856 1994 ln
881 1930 1113 2016 Hecatompedi
1136 1937 1246 1997 autem
1269 1935 1391 2017 postico
1413 1939 1481 1997 erat
1503 1929 1744 2017 Symmachiae
1766 1948 1842 1994 aera

645 2037 732 2099 rium
753 2042 786 2099 et
804 2035 934 2100 donaria
952 2035 1119 2101 Minervae
1138 2037 1384 2102 asservabantur
1403 2044 1436 2102 et
1449 2035 1540 2101 locus
1552 2038 1672 2120 opinor
1683 2038 1840 2121 supererat

645 2143 684 2208 ad
708 2141 905 2229 reliquorum
928 2163 1054 2228 quoqne
1077 2142 1210 2208 deornm
1234 2143 1366 2208 donaria
1387 2141 1550 2228 capienda.

691 2357 855 2421 Lehnerus
874 2358 908 2419 in
931 2353 1013 2420 libro
1036 2374 1094 2420 suo
1118 2357 1184 2419 iam
1207 2357 1334 2440 saepius
1357 2353 1487 2420 laudato
1509 2356 1630 2418 statuit
1655 2353 1837 2419 traditione

645 2461 898 2549 quinquennales
917 2467 1123 2546 quaestorum
1143 2461 1310 2526 Minervae
1326 2461 1456 2526 durasse
1473 2460 1513 2525 ad
1530 2460 1582 2525 Ol.
1596 2459 1653 2525 93.
1668 2460 1692 2525 2
1705 2459 1836 2542 (toust

644 2570 727 2635 Dein
749 2577 893 2634 creatum
916 2576 964 2632 est
984 2566 1160 2653 collegium
1179 2574 1384 2654 quaestorum
1404 2566 1571 2632 Minervae
1591 2575 1626 2631 et
1644 2565 1836 2652 reliquorum

645 2676 795 2751 deorum,
830 2673 915 2760 qnod
945 2676 1114 2758 quotannis
1145 2679 1210 2739 tres
1241 2673 1367 2740 tabulas
1389 2671 1620 2759 promulgabat
1642 2675 1837 2739 continentes

644 2802 694 2846 res
717 2801 819 2845 sacras

694 2886 725 2967 l)
756 2889 786 2950 ir
819 2886 860 2964 τῷ
893 2883 946 2965 νεῲ
981 2887 1023 2964 τῷ
1058 2885 1280 2966 ‘sacrameto
1315 2889 1383 2952 sive
1417 2887 1452 2950 in
1474 2883 1564 2952 Cella
1600 2882 1836 2971 centumpedali

758 2992 970 3057 Parthenonis
994 3011 1023 3076 q.
1048 3013 1080 3056 v.
1103 2991 1137 3070 f„

690 3097 724 3177 2)
756 3099 790 3160 ἐκ
821 3102 874 3161 τοῦ
906 3100 1091 3175 Παρθενῶνος
1124 3100 1192 3164 sive
1222 3119 1260 3162 er
1292 3100 1375 3164 atrio
1407 3096 1595 3164 occidentali
1628 3097 1836 3163 Parthenonis

758 3225 787 3289 q.
812 3224 843 3268 v.
868 3203 889 3268 f.
913 3206 946 3267 in
970 3202 1092 3270 Cellam
1117 3204 1396 3290 centnmpedalem
1420 3203 1610 3282 translatas,

691 3309 725 3389 3)
758 3311 792 3374 ἐκ
823 3314 876 3373 τοῦ
907 3309 1129 3385 ὀννσθνδόμνν
1160 3312 1228 3376 sive
1252 3332 1269 3375 e
1291 3310 1419 3376 Postico
1442 3312 1476 3375 in
1499 3308 1630 3377 (tellam
1654 3318 1835 3395 centnmpe

758 3415 862 3481 dalem
886 3416 1098 3482 Parthenonis
1121 3439 1151 3502 q.
1175 3439 1206 3482 v.
1230 3418 1252 3481 f.
1279 3417 1456 3483 translatae.

690 3523 855 3588 Posticum
886 3522 968 3587 illud
1001 3525 1035 3586 in
1070 3523 1295 3589 traditionibus
1330 3522 1622 3610 quinquennalibus
1657 3547 1724 3591 non
1760 3545 1834 3589 com·

644 3634 855 3705 memoratur;
892 3634 925 3692 at
960 3628 1171 3693 Parthenonis
1202 3632 1229 3693 si
1259 3630 1372 3695 fnisset
1402 3629 1484 3693 illud
1516 3632 1699 3714 posticum,
1733 3630 1834 3715 quidni

645 3741 825 3820 quaestores
850 3733 1015 3798 Minervae
1034 3737 1133 3800 etiam
1153 3735 1359 3801 donariorum
1378 3735 1425 3800 ibi
1443 3742 1710 3801 conservatorum
1735 3755 1834 3802 curam

643 3837 850 3904 habuissent?

689 3945 859 4009 Rationem
891 3948 991 4009 trium
1018 3946 1202 4011 tabularum
1225 3949 1315 4011 annis
1339 3944 1440 4034 399l8
1464 3945 1527 4026 (Ol.
1553 3944 1608 4011 95.
1622 3946 1658 4026 2)
1683 3954 1718 4014 et
1742 3947 1831 4034 assu

642 4048 707 4126 (Ol.
721 4048 775 4114 96.
786 4050 820 4129 2)
845 4053 943 4115 etiam
967 4052 1142 4116 obtinuisse
1162 4057 1293 4137 apparet
1313 4073 1330 4116 e
1350 4049 1454 4118 O.I.A.
1476 4050 1600 4130 11645,
1622 4051 1668 4117 IV
1688 4073 1714 4118 11
1735 4054 1830 4129 645b,

643 4155 674 4220 11
700 4154 775 4232 655,
800 4177 880 4241 quae
904 4156 971 4222 sola
994 4163 1071 4222 sunt
1094 4158 1285 4223 documenta
1305 4161 1374 4222 eius
1394 4160 1536 4223 rationis.
1560 4157 1597 4222 ln
1618 4165 1713 4225 tanta
1731 4165 1830 4225 auum

644 4268 926 4328 monumentorum
957 4266 1068 4347 inopia
1098 4266 1177 4328 certi
1207 4264 1285 4347 qnid
1317 4269 1458 4329 statuere
1482 4263 1662 4340 nonlicet,
1690 4266 1747 4331 sed
1770 4266 1829 4330 seri

644 4369 774 4434 videtur
805 4368 912 4433 simile
942 4390 1022 4434 anno
1054 4368 1131 4447 406,
1164 4391 1227 4455 quo
1260 4369 1323 4434 duo
1348 4369 1483 4455 collegis
1505 4372 1540 4434 in
1563 4391 1670 4435 unum
1695 4378 1771 4437 sunt
1790 4391 1828 4435 re

643 4472 735 4540 ducta
765 4479 797 4538 et
827 4496 876 4540 res
908 4495 1012 4540 sacrae
1043 4480 1097 4539 ννῡ
1128 4473 1238 4555 cadeso
1270 4473 1518 4540 Hellenotamiis
1548 4475 1728 4542 servandae
1762 4481 1828 4542 sunt

643 4577 754 4656 datae,
777 4601 827 4644 res
850 4600 953 4645 sacras
976 4580 1036 4652 τὰς
1061 4582 1091 4643 ἐν
1113 4582 1156 4660 rq'r
1181 4583 1345 4661 {lantredus
1370 4587 1402 4646 et
1426 4583 1483 4651 τὰς
1510 4582 1539 4643 ἐν
1559 4583 1601 4659 τῷ
1622 4582 1828 4659 Ὀπνσθνδόμφ

676 4806 705 4871 1)
723 4806 802 4856 uun.
820 4807 833 4856 1
851 4807 891 4857 aa.
904 4809 941 4856 u.
