4525 5950
535 656 599 722 lac
1057 677 1200 725 usuros.

580 864 673 919 „mox
696 846 883 908 universum
907 842 1083 908 exercitum
1107 863 1270 907 occurrere
1293 843 1408 907 infanti
1431 842 1500 908 filio
1522 843 1635 917 iubet;
1656 863 1722 928 per·

531 947 699 1033 latumque
729 955 761 1014 et
791 948 1016 1035 paludamento
1046 954 1194 1033 opertum
1221 950 1294 1013 sinn
1326 950 1466 1014 retinens
1490 946 1721 1015 Germanicum

534 1054 742 1141 appellavit.”

578 1163 748 1226 Perlotum:
780 1160 864 1248 quol
895 1162 956 1228 Per
987 1161 1173 1248 singulosne
1205 1165 1364 1228 exercitus
1387 1160 1593 1248 manipulos?
1617 1161 1723 1228 Facile

531 1269 678 1356 intelligo
709 1276 833 1356 gestato
862 1272 1043 1355 iactatuque
1073 1269 1189 1334 infanti
1220 1271 1326 1353 quiete
1358 1291 1438 1354 opus
1469 1270 1589 1346 fuisse,
1625 1269 1724 1334 liben-

531 1384 643 1462 terque
682 1379 716 1440 in
754 1379 826 1439 sinu
865 1397 940 1440 eum
979 1377 1079 1460 patris
1117 1376 1357 1440 obdormivisse.
1396 1378 1439 1441 At
1476 1384 1555 1441 tunc
1590 1376 1724 1440 domum

531 1504 607 1548 eum
641 1481 791 1547 Vitellius
826 1482 1052 1567 paludamento
1088 1481 1205 1546 induit.
1241 1481 1312 1546 Non
1347 1482 1428 1559 fnit,
1462 1490 1501 1546 ut
1534 1485 1661 1567 opinor,
1693 1484 1726 1546 in

532 1590 681 1655 omnibus
712 1589 806 1654 rebus
837 1596 903 1654 tam
935 1596 1157 1674 praeposterus
1187 1593 1220 1654 et
1243 1609 1422 1673 perversus.
1447 1588 1490 1653 ut
1512 1610 1554 1654 ne
1576 1588 1616 1654 de
1642 1610 1725 1655 novo

533 1699 611 1761 satis
641 1700 706 1761 iam
737 1697 811 1761 fessi
840 1698 973 1761 infantis
1004 1695 1118 1781 loquar
1148 1696 1368 1773 incommodo,
1400 1696 1547 1761 nudusne
1578 1695 1725 1761 militurn

535 1805 682 1869 manibus
706 1802 847 1888 perlatus
870 1800 940 1868 est?
965 1804 1031 1868 Aut
1054 1824 1171 1888 susque
1195 1803 1296 1888 deque
1320 1803 1372 1867 hio
1395 1805 1504 1867 omnia
1526 1804 1648 1867 habuit
1671 1801 1727 1867 Τε-

533 1912 617 1974 citus
648 1916 704 1974 aut
734 1931 790 1994 pro
821 1909 972 1992 perlatum
1002 1907 1179 1995 legendum
1209 1916 1257 1973 est
1280 1902 1454 1992 prolatum
1476 1929 1595 1995 nempe
1619 1930 1639 1974 e
1664 1915 1727 1974 ten·

534 2018 634 2093 torio,
657 2016 713 2081 ubi
736 2017 889 2081 hactenus
911 2015 995 2100 apud
1019 2018 1178 2080 nutricem
1202 2014 1343 2101 aliquam
1365 2014 1519 2081 latitavit.

580 2228 623 2294 H.
655 2227 697 2306 ll,
729 2227 783 2294 60.
815 2227 971 2294 Narratur
1001 2228 1158 2314 quomodo
1188 2230 1255 2294 iam
1285 2231 1387 2295 victor
1414 2227 1567 2294 Vitellius
1591 2228 1728 2296 Othonis

535 2338 678 2423 cognatis
702 2338 813 2400 amicis
836 2335 1036 2400 adiutoribus
1060 2356 1137 2400 usus
1160 2337 1212 2400 sit.
1237 2334 1285 2399 Ibi
1309 2335 1439 2401 ethaeo
1462 2334 1639 2422 leguntur:

582 2442 706 2520 „Mario
738 2438 830 2507 Oelso
862 2441 1045 2507 consulatus
1068 2448 1229 2520 servatur3
1255 2442 1309 2507 sed
1333 2442 1492 2507 creditum
1514 2441 1604 2507 fama
1629 2444 1729 2509 obieo

536 2556 671 2633 tumque
702 2569 777 2613 mox
804 2551 837 2612 in
867 2554 980 2613 senatu
1010 2546 1147 2613 Caecilio
1178 2546 1343 2633 Simplici,
1367 2548 1451 2633 quod
1473 2569 1552 2613 eum
1574 2550 1729 2615 honorem

536 2658 670 2741 pecnnia
692 2657 843 2731 mercari,
866 2676 923 2720 neo
947 2657 1015 2719 sine
1038 2656 1138 2719 exitio
1161 2652 1247 2721 Celsi
1271 2653 1467 2719 voluisset.”.

582 2764 648 2826 Aut
680 2761 793 2826 Latine
824 2767 942 2826 temere
974 2758 1128 2826 vocabula
1160 2763 1313 2826 coniicere
1345 2759 1438 2837 licet,
1472 2766 1529 2825 cut
1560 2760 1662 2827 nihili
1685 2768 1730 2827 est

536 2868 677 2933 creditum
700 2869 805 2951 famo.
837 2866 920 2946 Quid
950 2870 992 2932 sit
1022 2866 1197 2953 legendum
1221 2889 1283 2932 non
1306 2866 1439 2944 definio,
1463 2867 1517 2932 sed
1542 2869 1578 2931 in
1603 2867 1729 2955 syllaba

534 2998 582 3039 cre
616 2996 684 3041 essa
715 2977 828 3059 opinor
852 2974 904 3039 vel
926 2975 1093 3051 adiectivi,
1118 2974 1204 3060 quod
1229 2980 1278 3040 est
1300 2976 1407 3051 creber,
1433 2972 1484 3039 vel
1506 2975 1619 3052 verbi,
1647 2975 1729 3061 quod

535 3084 610 3147 binc
628 3084 785 3168 originem
805 3081 903 3157 ducit,
923 3081 1065 3166 aliquam
1086 3082 1231 3146 formam.
1256 3080 1378 3165 linquid
1390 3082 1593 3165 erebrafamo
1606 3086 1727 3148 omisso

529 3188 602 3273 fcit
625 3186 775 3264 voleret,
800 3187 916 3272 quibus
940 3189 1047 3253 verbis
1071 3188 1123 3253 hio
1148 3209 1227 3272 opus
1252 3208 1406 3253 essenon
1430 3187 1584 3253 videtur?
1609 3188 1662 3257 cf.
1689 3190 1729 3254 H.

535 3294 588 3372 lv,
619 3294 656 3359 [2
681 3295 953 3372 „crebrescentem
976 3293 1075 3359 cladis
1100 3293 1310 3360 Germanicae
1333 3294 1485 3359 famam.”

581 3507 623 3573 H.
655 3505 696 3584 ll,
729 3505 782 3571 63.
816 3506 910 3591 Apud
941 3504 1091 3571 Flavium
1123 3505 1278 3571 Sabinum
1301 3508 1498 3593 praefectum
1521 3508 1613 3573 urbis
1640 3508 1731 3575 Dola·

536 3613 629 3690 bella,
654 3615 709 3699 qui
734 3613 772 3677 ab
796 3612 921 3677 Othone
944 3616 977 3676 in
1002 3612 1159 3677 coloniam
1183 3613 1377 3698 Aquinatem
1401 3619 1468 3677 erat
1491 3615 1674 3698 sepositus,
1695 3616 1730 3681 ab

535 3723 636 3786 amico
669 3719 785 3805 perfido
815 3726 982 3785 accusatur
1014 3718 1096 3804 quod
1128 3718 1237 3784 andita
1261 3726 1363 3784 morte
1388 3719 1522 3784 Othonis
1547 3722 1730 3787 custodiam

533 3831 688 3913 rupisset,
717 3829 810 3892 victis
834 3827 978 3911 partibus
1002 3848 1035 3891 ss
1060 3831 1269 3904 ostentasset,
1294 3827 1456 3891 cohortem
1480 3827 1647 3912 quandam
1672 3828 1730 3895 sol-

535 3934 710 4000 licitassst:

585 4040 670 4115 „Nec
701 4039 775 4105 ullis
806 4045 967 4105 tantorum
998 4041 1172 4104 criminum
1196 4039 1436 4123 probationibus
1458 4041 1493 4116 (i.
1518 4060 1545 4103 e.
1571 4060 1652 4104 oum
1677 4044 1733 4106 cri·

539 4152 627 4212 mina
656 4146 713 4212 illa
744 4145 833 4211 nullo
861 4146 953 4211 modo
984 4146 1117 4230 probare
1150 4153 1268 4231 posset)
1299 4148 1331 4209 in
1360 4147 1590 4230 paenitentiam
1618 4169 1732 4213 versus

539 4260 726 4333 (accusator)
761 4273 864 4317 seram
901 4254 1027 4316 veniam
1061 4257 1133 4335 post
1164 4250 1268 4316 scelus
1299 4251 1477 4335 quaerebat.
1514 4249 1732 4319 Cunctantem

539 4380 633 4444 snpra
658 4365 746 4423 tanta
770 4379 803 4423 re
822 4357 972 4422 Flavium
993 4357 1148 4422 Sabinum
1169 4355 1310 4432 Triaria,
1330 4358 1366 4421 L.
1388 4356 1509 4422 Vitellii
1530 4377 1624 4436 uxor,
1648 4349 1733 4425 ultra

538 4466 691 4531 feminam
716 4465 818 4541 ferox,
844 4466 975 4539 terruit,
1000 4485 1039 4528 ne
1064 4462 1204 4548 periculo
1230 4465 1382 4549 principis
1401 4464 1519 4528 famam
1541 4464 1733 4533 clementiae

540 4569 745 4636 adfectaret.’'

584 4677 705 4743 Deinde
727 4676 868 4762 legimns
886 4675 1057 4753 Sabinum,
1079 4678 1243 4741 hominem
1263 4678 1436 4763 ignavum,
1457 4677 1516 4741 hoo
1535 4686 1732 4764 argumento

538 4786 679 4861 victum,
712 4805 786 4848 oum
816 4791 908 4848 antea
932 4782 1114 4849 Dolabellas
1138 4804 1265 4867 parcere
1289 4780 1461 4863 voluisset,
1485 4781 1575 4850 ultro
1599 4806 1732 4873 operam
