<?xml version="1.0" encoding="UTF-8"?>
<!DOCTYPE html PUBLIC "-//W3C//DTD XHTML 1.0 Transitional//EN"
    "http://www.w3.org/TR/xhtml1/DTD/xhtml1-transitional.dtd">
<html xmlns="http://www.w3.org/1999/xhtml" xml:lang="en" lang="en">
 <head>
  <title>
</title>
<meta http-equiv="Content-Type" content="text/html;charset=utf-8" />
  <meta name='ocr-system' content='tesseract 3.04.00' />
  <meta name='ocr-capabilities' content='ocr_page ocr_carea ocr_par ocr_line ocrx_word'/>
</head>
<body>
  <div class='ocr_page' id='page_1' title='image "./mnemosyne07verdgoog_0083.png"; bbox 0 0 4525 5950; ppageno 0'>
   <div class='ocr_carea' id='block_1_1' title="bbox 544 694 1207 759">
    <p class='ocr_par' dir='ltr' id='par_1_1' title="bbox 544 694 1207 759">
     <span class='ocr_line' id='line_1_1' title="bbox 544 694 1207 759; baseline -0.003 0"><span class='ocrx_word' id='word_1_1' title='bbox 544 694 588 759; x_wconf 89' lang='grc'>68</span> <span class='ocrx_word' id='word_1_2' title='bbox 1064 711 1207 758; x_wconf 79' lang='lat' dir='ltr'>recreas.</span> 
     </span>
    </p>
   </div>
   <div class='ocr_carea' id='block_1_2' title="bbox 530 874 1742 4871">
    <p class='ocr_par' dir='ltr' id='par_1_2' title="bbox 540 874 1742 1278">
     <span class='ocr_line' id='line_1_2' title="bbox 541 874 1734 952; baseline -0.002 -11"><span class='ocrx_word' id='word_1_3' title='bbox 541 876 658 942; x_wconf 90' lang='lat' dir='ltr'>melius</span> <span class='ocrx_word' id='word_1_4' title='bbox 687 878 717 940; x_wconf 91' lang='lat' dir='ltr'>ei</span> <span class='ocrx_word' id='word_1_5' title='bbox 745 877 852 939; x_wconf 85' lang='lat' dir='ltr'>visum</span> <span class='ocrx_word' id='word_1_6' title='bbox 878 880 942 951; x_wconf 89' lang='lat' dir='ltr'>est,</span> <span class='ocrx_word' id='word_1_7' title='bbox 967 895 1042 938; x_wconf 91' lang='lat' dir='ltr'>cum</span> <span class='ocrx_word' id='word_1_8' title='bbox 1066 874 1154 948; x_wconf 90' lang='lat' dir='ltr'>aliis,</span> <span class='ocrx_word' id='word_1_9' title='bbox 1179 878 1207 938; x_wconf 92' lang='lat' dir='ltr'>si</span> <span class='ocrx_word' id='word_1_10' title='bbox 1230 874 1328 938; x_wconf 89' lang='lat' dir='ltr'>huius</span> <span class='ocrx_word' id='word_1_11' title='bbox 1351 877 1397 939; x_wconf 92' lang='lat' dir='ltr'>rei</span> <span class='ocrx_word' id='word_1_12' title='bbox 1421 874 1551 939; x_wconf 90' lang='lat' dir='ltr'>daretur</span> <span class='ocrx_word' id='word_1_13' title='bbox 1575 874 1734 952; x_wconf 74' lang='lat' dir='ltr'>facultas,</span> 
     </span>
     <span class='ocr_line' id='line_1_3' title="bbox 542 979 1738 1065; baseline -0.001 -20"><span class='ocrx_word' id='word_1_14' title='bbox 542 981 712 1046; x_wconf 91' lang='lat' dir='ltr'>consilium</span> <span class='ocrx_word' id='word_1_15' title='bbox 742 982 994 1045; x_wconf 90' lang='lat' dir='ltr'>communicare:</span> <span class='ocrx_word' id='word_1_16' title='bbox 1028 982 1073 1043; x_wconf 89' lang='lat' dir='ltr'>sio</span> <span class='ocrx_word' id='word_1_17' title='bbox 1104 981 1191 1043; x_wconf 91' lang='lat' dir='ltr'>enim</span> <span class='ocrx_word' id='word_1_18' title='bbox 1223 987 1292 1065; x_wconf 83' lang='lat' dir='ltr'>post</span> <span class='ocrx_word' id='word_1_19' title='bbox 1325 982 1425 1044; x_wconf 89' lang='lat' dir='ltr'>socios</span> <span class='ocrx_word' id='word_1_20' title='bbox 1456 979 1556 1045; x_wconf 90' lang='lat' dir='ltr'>latere</span> <span class='ocrx_word' id='word_1_21' title='bbox 1585 1001 1738 1065; x_wconf 84' lang='lat' dir='ltr'>esposse</span> 
     </span>
     <span class='ocr_line' id='line_1_4' title="bbox 541 1083 1742 1171; baseline -0.001 -20"><span class='ocrx_word' id='word_1_22' title='bbox 541 1086 687 1151; x_wconf 89' lang='lat' dir='ltr'>credebat</span> <span class='ocrx_word' id='word_1_23' title='bbox 716 1085 784 1162; x_wconf 87' lang='lat' dir='ltr'>vel,</span> <span class='ocrx_word' id='word_1_24' title='bbox 816 1089 843 1149; x_wconf 92' lang='lat' dir='ltr'>si</span> <span class='ocrx_word' id='word_1_25' title='bbox 874 1107 923 1149; x_wconf 90' lang='lat' dir='ltr'>res</span> <span class='ocrx_word' id='word_1_26' title='bbox 946 1095 1055 1149; x_wconf 86' lang='lat' dir='ltr'>contra</span> <span class='ocrx_word' id='word_1_27' title='bbox 1078 1084 1219 1163; x_wconf 88' lang='lat' dir='ltr'>caderet,</span> <span class='ocrx_word' id='word_1_28' title='bbox 1243 1083 1318 1150; x_wconf 90' lang='lat' dir='ltr'>illos</span> <span class='ocrx_word' id='word_1_29' title='bbox 1341 1085 1497 1163; x_wconf 87' lang='lat' dir='ltr'>indicare,</span> <span class='ocrx_word' id='word_1_30' title='bbox 1523 1085 1659 1171; x_wconf 88' lang='lat' dir='ltr'>denique</span> <span class='ocrx_word' id='word_1_31' title='bbox 1686 1085 1742 1150; x_wconf 92' lang='lat' dir='ltr'>ali·</span> 
     </span>
     <span class='ocr_line' id='line_1_5' title="bbox 540 1188 1239 1278; baseline -0.004 -21"><span class='ocrx_word' id='word_1_32' title='bbox 540 1214 603 1278; x_wconf 90' lang='lat' dir='ltr'>quo</span> <span class='ocrx_word' id='word_1_33' title='bbox 627 1193 720 1257; x_wconf 92' lang='lat' dir='ltr'>modo</span> <span class='ocrx_word' id='word_1_34' title='bbox 744 1192 807 1256; x_wconf 89' lang='lat' dir='ltr'>sibi</span> <span class='ocrx_word' id='word_1_35' title='bbox 830 1211 939 1275; x_wconf 89' lang='lat' dir='ltr'>parare</span> <span class='ocrx_word' id='word_1_36' title='bbox 963 1188 1239 1275; x_wconf 82' lang='lat' dir='ltr'>impunitatem&#39;&#39;?</span> 
     </span>
    </p>

    <p class='ocr_par' dir='ltr' id='par_1_3' title="bbox 537 1294 1738 1469">
     <span class='ocr_line' id='line_1_6' title="bbox 584 1294 1738 1380; baseline -0.001 -18"><span class='ocrx_word' id='word_1_37' title='bbox 584 1301 622 1363; x_wconf 92' lang='lat' dir='ltr'>A.</span> <span class='ocrx_word' id='word_1_38' title='bbox 645 1297 714 1374; x_wconf 83' lang='lat' dir='ltr'>XV,</span> <span class='ocrx_word' id='word_1_39' title='bbox 737 1294 789 1362; x_wconf 84' lang='lat'>71.</span> <span class='ocrx_word' id='word_1_40' title='bbox 811 1297 938 1362; x_wconf 90' lang='lat' dir='ltr'>Pisonis</span> <span class='ocrx_word' id='word_1_41' title='bbox 950 1299 1043 1361; x_wconf 91' lang='lat' dir='ltr'>sociis</span> <span class='ocrx_word' id='word_1_42' title='bbox 1056 1296 1133 1380; x_wconf 90' lang='lat' dir='ltr'>quid</span> <span class='ocrx_word' id='word_1_43' title='bbox 1147 1296 1341 1380; x_wconf 87' lang='lat' dir='ltr'>deprehensa</span> <span class='ocrx_word' id='word_1_44' title='bbox 1353 1299 1573 1362; x_wconf 89' lang='lat' dir='ltr'>coniuratione</span> <span class='ocrx_word' id='word_1_45' title='bbox 1585 1297 1738 1362; x_wconf 88' lang='lat' dir='ltr'>acciderit</span> 
     </span>
     <span class='ocr_line' id='line_1_7' title="bbox 537 1403 1158 1469; baseline -0.002 -1"><span class='ocrx_word' id='word_1_46' title='bbox 537 1409 571 1469; x_wconf 92' lang='grc'>61</span> <span class='ocrx_word' id='word_1_47' title='bbox 595 1403 666 1468; x_wconf 85' lang='grc'><strong>61116</strong></span> <span class='ocrx_word' id='word_1_48' title='bbox 690 1410 837 1468; x_wconf 74' lang='lat' dir='ltr'>narratur</span> <span class='ocrx_word' id='word_1_49' title='bbox 862 1403 968 1467; x_wconf 84' lang='lat' dir='ltr'>verbis</span> <span class='ocrx_word' id='word_1_50' title='bbox 995 1410 1027 1467; x_wconf 94' lang='grc'>61</span> <span class='ocrx_word' id='word_1_51' title='bbox 1050 1403 1158 1467; x_wconf 86' lang='lat' dir='ltr'>hisce:</span> 
     </span>
    </p>

    <p class='ocr_par' dir='ltr' id='par_1_4' title="bbox 537 1506 1736 1805">
     <span class='ocr_line' id='line_1_8' title="bbox 587 1506 1736 1592; baseline 0 -19"><span class='ocrx_word' id='word_1_52' title='bbox 587 1509 634 1585; x_wconf 75' lang='lat' dir='ltr'>,a</span> <span class='ocrx_word' id='word_1_53' title='bbox 665 1510 802 1573; x_wconf 91' lang='lat' dir='ltr'>tribunis</span> <span class='ocrx_word' id='word_1_54' title='bbox 834 1506 958 1574; x_wconf 83' lang='lat' dir='ltr'>Gavius</span> <span class='ocrx_word' id='word_1_55' title='bbox 981 1507 1148 1584; x_wconf 74' lang='lat' dir='ltr'><strong>silvanae,</strong></span> <span class='ocrx_word' id='word_1_56' title='bbox 1173 1511 1321 1592; x_wconf 85' lang='lat' dir='ltr'>quamvis</span> <span class='ocrx_word' id='word_1_57' title='bbox 1345 1508 1528 1586; x_wconf 91' lang='lat' dir='ltr'>absolutus,</span> <span class='ocrx_word' id='word_1_58' title='bbox 1553 1529 1612 1573; x_wconf 90' lang='lat' dir='ltr'>sua</span> <span class='ocrx_word' id='word_1_59' title='bbox 1637 1530 1736 1574; x_wconf 90' lang='lat' dir='ltr'>manu</span> 
     </span>
     <span class='ocr_line' id='line_1_9' title="bbox 537 1613 1736 1701; baseline 0.001 -22"><span class='ocrx_word' id='word_1_60' title='bbox 537 1615 665 1689; x_wconf 88' lang='lat' dir='ltr'>cecidit;</span> <span class='ocrx_word' id='word_1_61' title='bbox 687 1613 811 1679; x_wconf 75' lang='lat' dir='ltr'><strong>Statius</strong></span> <span class='ocrx_word' id='word_1_62' title='bbox 831 1615 1005 1679; x_wconf 82' lang='lat' dir='ltr'>Proximus</span> <span class='ocrx_word' id='word_1_63' title='bbox 1026 1617 1169 1692; x_wconf 83' lang='lat' dir='ltr'>veniam,</span> <span class='ocrx_word' id='word_1_64' title='bbox 1184 1635 1281 1699; x_wconf 91' lang='lat' dir='ltr'>quam</span> <span class='ocrx_word' id='word_1_65' title='bbox 1295 1615 1333 1678; x_wconf 93' lang='lat' dir='ltr'>ab</span> <span class='ocrx_word' id='word_1_66' title='bbox 1346 1617 1541 1701; x_wconf 77' lang='lat' dir='ltr'><strong>imperatore</strong></span> <span class='ocrx_word' id='word_1_67' title='bbox 1553 1622 1736 1699; x_wconf 86' lang='lat' dir='ltr'>acceparat,</span> 
     </span>
     <span class='ocr_line' id='line_1_10' title="bbox 539 1718 1011 1805; baseline 0.002 -22"><span class='ocrx_word' id='word_1_68' title='bbox 539 1723 682 1785; x_wconf 85' lang='lat' dir='ltr'>vanitate</span> <span class='ocrx_word' id='word_1_69' title='bbox 707 1723 813 1784; x_wconf 83' lang='lat' dir='ltr'>exitus</span> <span class='ocrx_word' id='word_1_70' title='bbox 836 1718 1011 1805; x_wconf 88' lang='lat' dir='ltr'>corrupit”.</span> 
     </span>
    </p>

    <p class='ocr_par' dir='ltr' id='par_1_5' title="bbox 533 1825 1736 3182">
     <span class='ocr_line' id='line_1_11' title="bbox 583 1825 1735 1909; baseline -0.002 -18"><span class='ocrx_word' id='word_1_71' title='bbox 583 1827 631 1891; x_wconf 88' lang='lat' dir='ltr'>Ne</span> <span class='ocrx_word' id='word_1_72' title='bbox 654 1826 691 1890; x_wconf 90' lang='lat' dir='ltr'>de</span> <span class='ocrx_word' id='word_1_73' title='bbox 716 1833 851 1909; x_wconf 89' lang='lat' dir='ltr'>utroque</span> <span class='ocrx_word' id='word_1_74' title='bbox 875 1825 947 1889; x_wconf 90' lang='lat' dir='ltr'>aliis</span> <span class='ocrx_word' id='word_1_75' title='bbox 972 1825 1078 1889; x_wconf 86' lang='lat' dir='ltr'>verbis</span> <span class='ocrx_word' id='word_1_76' title='bbox 1098 1847 1227 1909; x_wconf 89' lang='lat' dir='ltr'>prorsus</span> <span class='ocrx_word' id='word_1_77' title='bbox 1246 1825 1334 1890; x_wconf 91' lang='lat' dir='ltr'>idem</span> <span class='ocrx_word' id='word_1_78' title='bbox 1352 1832 1545 1903; x_wconf 84' lang='lat' dir='ltr'>narraretur,</span> <span class='ocrx_word' id='word_1_79' title='bbox 1568 1829 1631 1891; x_wconf 87' lang='lat' dir='ltr'>viri</span> <span class='ocrx_word' id='word_1_80' title='bbox 1651 1827 1735 1892; x_wconf 92' lang='lat' dir='ltr'>docti</span> 
     </span>
     <span class='ocr_line' id='line_1_12' title="bbox 539 1930 1734 2016; baseline 0.001 -21"><span class='ocrx_word' id='word_1_81' title='bbox 539 1935 643 1996; x_wconf 91' lang='lat' dir='ltr'>nescio</span> <span class='ocrx_word' id='word_1_82' title='bbox 663 1930 740 2016; x_wconf 93' lang='lat' dir='ltr'>quid</span> <span class='ocrx_word' id='word_1_83' title='bbox 752 1933 905 1996; x_wconf 81' lang='lat' dir='ltr'>interesse</span> <span class='ocrx_word' id='word_1_84' title='bbox 919 1933 1002 1995; x_wconf 88' lang='lat' dir='ltr'>inter</span> <span class='ocrx_word' id='word_1_85' title='bbox 1014 1931 1126 1993; x_wconf 82' lang='grc'><strong>6166161</strong></span> <span class='ocrx_word' id='word_1_86' title='bbox 1139 1939 1170 1995; x_wconf 92' lang='grc'>61</span> <span class='ocrx_word' id='word_1_87' title='bbox 1182 1932 1297 1995; x_wconf 76' lang='lat' dir='ltr'>vertiam</span> <span class='ocrx_word' id='word_1_88' title='bbox 1309 1932 1444 2014; x_wconf 82' lang='lat' dir='ltr'>occipere</span> <span class='ocrx_word' id='word_1_89' title='bbox 1456 1937 1633 1997; x_wconf 87' lang='lat' dir='ltr'>commenti</span> <span class='ocrx_word' id='word_1_90' title='bbox 1646 1941 1734 1997; x_wconf 89' lang='lat' dir='ltr'>sunt.</span> 
     </span>
     <span class='ocr_line' id='line_1_13' title="bbox 540 2039 1736 2123; baseline 0.002 -22"><span class='ocrx_word' id='word_1_91' title='bbox 540 2039 582 2101; x_wconf 87' lang='lat' dir='ltr'>At</span> <span class='ocrx_word' id='word_1_92' title='bbox 612 2058 673 2122; x_wconf 90' lang='lat' dir='ltr'>ego</span> <span class='ocrx_word' id='word_1_93' title='bbox 704 2057 815 2101; x_wconf 90' lang='lat' dir='ltr'>censeo</span> <span class='ocrx_word' id='word_1_94' title='bbox 841 2043 943 2101; x_wconf 88' lang='lat' dir='ltr'>aetate</span> <span class='ocrx_word' id='word_1_95' title='bbox 967 2039 1188 2121; x_wconf 89' lang='lat' dir='ltr'>imperatoria,</span> <span class='ocrx_word' id='word_1_96' title='bbox 1213 2040 1401 2121; x_wconf 88' lang='lat' dir='ltr'>praesertim</span> <span class='ocrx_word' id='word_1_97' title='bbox 1424 2044 1533 2103; x_wconf 88' lang='lat' dir='ltr'>autem</span> <span class='ocrx_word' id='word_1_98' title='bbox 1556 2041 1736 2123; x_wconf 81' lang='lat' dir='ltr'>imperante</span> 
     </span>
     <span class='ocr_line' id='line_1_14' title="bbox 539 2141 1736 2230; baseline 0.001 -23"><span class='ocrx_word' id='word_1_99' title='bbox 539 2142 679 2218; x_wconf 86' lang='lat' dir='ltr'>Nerone,</span> <span class='ocrx_word' id='word_1_100' title='bbox 701 2142 794 2227; x_wconf 89' lang='lat' dir='ltr'>plane</span> <span class='ocrx_word' id='word_1_101' title='bbox 816 2141 927 2206; x_wconf 91' lang='lat' dir='ltr'>eodem</span> <span class='ocrx_word' id='word_1_102' title='bbox 946 2149 1120 2226; x_wconf 90' lang='lat' dir='ltr'>utrumque</span> <span class='ocrx_word' id='word_1_103' title='bbox 1134 2142 1280 2207; x_wconf 88' lang='lat' dir='ltr'>rediisse:</span> <span class='ocrx_word' id='word_1_104' title='bbox 1294 2164 1390 2228; x_wconf 88' lang='lat' dir='ltr'>quem</span> <span class='ocrx_word' id='word_1_105' title='bbox 1403 2165 1466 2209; x_wconf 91' lang='lat' dir='ltr'>non</span> <span class='ocrx_word' id='word_1_106' title='bbox 1479 2147 1547 2228; x_wconf 88' lang='lat' dir='ltr'>ipse</span> <span class='ocrx_word' id='word_1_107' title='bbox 1559 2147 1736 2230; x_wconf 90' lang='lat' dir='ltr'>imperator</span> 
     </span>
     <span class='ocr_line' id='line_1_15' title="bbox 538 2246 1734 2336; baseline 0 -22"><span class='ocrx_word' id='word_1_108' title='bbox 538 2248 734 2314; x_wconf 90' lang='lat' dir='ltr'>incolumem</span> <span class='ocrx_word' id='word_1_109' title='bbox 755 2269 821 2313; x_wconf 89' lang='grc'><strong>6666</strong></span> <span class='ocrx_word' id='word_1_110' title='bbox 842 2246 933 2324; x_wconf 84' lang='lat' dir='ltr'>vult,</span> <span class='ocrx_word' id='word_1_111' title='bbox 955 2248 993 2312; x_wconf 92' lang='lat' dir='ltr'>de</span> <span class='ocrx_word' id='word_1_112' title='bbox 1012 2269 1048 2313; x_wconf 93' lang='grc'>66</span> <span class='ocrx_word' id='word_1_113' title='bbox 1068 2257 1176 2312; x_wconf 89' lang='lat' dir='ltr'>actum</span> <span class='ocrx_word' id='word_1_114' title='bbox 1197 2257 1254 2313; x_wconf 91' lang='lat' dir='ltr'>est.</span> <span class='ocrx_word' id='word_1_115' title='bbox 1280 2249 1390 2313; x_wconf 85' lang='lat' dir='ltr'>Restat</span> <span class='ocrx_word' id='word_1_116' title='bbox 1411 2270 1487 2336; x_wconf 89' lang='lat' dir='ltr'>ergo</span> <span class='ocrx_word' id='word_1_117' title='bbox 1508 2257 1544 2313; x_wconf 92' lang='lat' dir='ltr'>ut</span> <span class='ocrx_word' id='word_1_118' title='bbox 1566 2273 1630 2316; x_wconf 90' lang='grc'>161</span> <span class='ocrx_word' id='word_1_119' title='bbox 1649 2251 1734 2315; x_wconf 91' lang='lat' dir='ltr'>idem</span> 
     </span>
     <span class='ocr_line' id='line_1_16' title="bbox 537 2354 1735 2440; baseline -0.001 -20"><span class='ocrx_word' id='word_1_120' title='bbox 537 2376 604 2420; x_wconf 91' lang='grc'><strong>6666</strong></span> <span class='ocrx_word' id='word_1_121' title='bbox 640 2362 820 2419; x_wconf 89' lang='lat' dir='ltr'>statuamus</span> <span class='ocrx_word' id='word_1_122' title='bbox 855 2354 940 2438; x_wconf 94' lang='lat' dir='ltr'>quod</span> <span class='ocrx_word' id='word_1_123' title='bbox 975 2355 1082 2418; x_wconf 84' lang='lat' dir='ltr'>verbis</span> <span class='ocrx_word' id='word_1_124' title='bbox 1113 2377 1169 2417; x_wconf 82' lang='lat' dir='ltr'>eac</span> <span class='ocrx_word' id='word_1_125' title='bbox 1200 2377 1289 2417; x_wconf 78' lang='lat' dir='ltr'>manu</span> <span class='ocrx_word' id='word_1_126' title='bbox 1318 2355 1427 2418; x_wconf 81' lang='lat' dir='ltr'>cecidit</span> <span class='ocrx_word' id='word_1_127' title='bbox 1457 2363 1489 2420; x_wconf 90' lang='grc'>61</span> <span class='ocrx_word' id='word_1_128' title='bbox 1519 2356 1604 2440; x_wconf 90' lang='lat' dir='ltr'>quod</span> <span class='ocrx_word' id='word_1_129' title='bbox 1629 2357 1735 2421; x_wconf 87' lang='lat' dir='ltr'>verbis</span> 
     </span>
     <span class='ocr_line' id='line_1_17' title="bbox 537 2458 1734 2546; baseline 0.003 -24"><span class='ocrx_word' id='word_1_130' title='bbox 537 2462 672 2524; x_wconf 68' lang='lat' dir='ltr'>vacuitate</span> <span class='ocrx_word' id='word_1_131' title='bbox 702 2460 799 2523; x_wconf 74' lang='grc'><strong>661166</strong></span> <span class='ocrx_word' id='word_1_132' title='bbox 830 2458 1040 2545; x_wconf 86' lang='lat' dir='ltr'>significatur.</span> <span class='ocrx_word' id='word_1_133' title='bbox 1074 2459 1185 2544; x_wconf 87' lang='lat' dir='ltr'>Neque</span> <span class='ocrx_word' id='word_1_134' title='bbox 1215 2467 1290 2524; x_wconf 91' lang='grc'><strong>1116</strong></span> <span class='ocrx_word' id='word_1_135' title='bbox 1314 2460 1500 2526; x_wconf 84' lang='lat' dir='ltr'>incredibile</span> <span class='ocrx_word' id='word_1_136' title='bbox 1523 2460 1649 2546; x_wconf 87' lang='lat' dir='ltr'>aliquid</span> <span class='ocrx_word' id='word_1_137' title='bbox 1674 2470 1734 2526; x_wconf 90' lang='lat' dir='ltr'>sta·</span> 
     </span>
     <span class='ocr_line' id='line_1_18' title="bbox 537 2565 1733 2651; baseline -0.001 -21"><span class='ocrx_word' id='word_1_138' title='bbox 537 2568 678 2631; x_wconf 88' lang='lat' dir='ltr'>tuimus:</span> <span class='ocrx_word' id='word_1_139' title='bbox 711 2587 785 2630; x_wconf 85' lang='lat' dir='ltr'>nam</span> <span class='ocrx_word' id='word_1_140' title='bbox 817 2568 886 2650; x_wconf 90' lang='lat' dir='ltr'>ipsa</span> <span class='ocrx_word' id='word_1_141' title='bbox 917 2565 1523 2631; x_wconf 74' lang='grc'><strong>1616661166(1611616116116111166</strong></span> <span class='ocrx_word' id='word_1_142' title='bbox 1548 2567 1733 2651; x_wconf 88' lang='lat' dir='ltr'>reprehendi</span> 
     </span>
     <span class='ocr_line' id='line_1_19' title="bbox 538 2670 1732 2758; baseline 0.001 -23"><span class='ocrx_word' id='word_1_143' title='bbox 538 2671 714 2737; x_wconf 89' lang='lat' dir='ltr'>Proculum</span> <span class='ocrx_word' id='word_1_144' title='bbox 744 2671 844 2756; x_wconf 91' lang='lat' dir='ltr'>quod,</span> <span class='ocrx_word' id='word_1_145' title='bbox 878 2692 953 2735; x_wconf 91' lang='lat' dir='ltr'>cum</span> <span class='ocrx_word' id='word_1_146' title='bbox 986 2673 1094 2735; x_wconf 87' lang='lat' dir='ltr'>vivere</span> <span class='ocrx_word' id='word_1_147' title='bbox 1118 2679 1241 2756; x_wconf 90' lang='lat' dir='ltr'>posset,</span> <span class='ocrx_word' id='word_1_148' title='bbox 1267 2674 1348 2735; x_wconf 91' lang='lat' dir='ltr'>mori</span> <span class='ocrx_word' id='word_1_149' title='bbox 1374 2670 1542 2748; x_wconf 86' lang='lat' dir='ltr'>maluerit,</span> <span class='ocrx_word' id='word_1_150' title='bbox 1568 2674 1624 2737; x_wconf 90' lang='lat' dir='ltr'>sed</span> <span class='ocrx_word' id='word_1_151' title='bbox 1649 2673 1732 2758; x_wconf 90' lang='lat' dir='ltr'>quod</span> 
     </span>
     <span class='ocr_line' id='line_1_20' title="bbox 535 2776 1731 2861; baseline 0 -20"><span class='ocrx_word' id='word_1_152' title='bbox 535 2779 591 2841; x_wconf 81' lang='lat' dir='ltr'>illo</span> <span class='ocrx_word' id='word_1_153' title='bbox 620 2781 703 2841; x_wconf 82' lang='lat' dir='ltr'>modo</span> <span class='ocrx_word' id='word_1_154' title='bbox 735 2786 883 2841; x_wconf 90' lang='lat' dir='ltr'>mortuus</span> <span class='ocrx_word' id='word_1_155' title='bbox 915 2779 967 2841; x_wconf 91' lang='lat' dir='ltr'>sit.</span> <span class='ocrx_word' id='word_1_156' title='bbox 997 2776 1066 2841; x_wconf 92' lang='lat' dir='ltr'>Iam</span> <span class='ocrx_word' id='word_1_157' title='bbox 1098 2777 1154 2842; x_wconf 92' lang='lat' dir='ltr'>ille</span> <span class='ocrx_word' id='word_1_158' title='bbox 1187 2777 1301 2841; x_wconf 89' lang='lat' dir='ltr'>modus</span> <span class='ocrx_word' id='word_1_159' title='bbox 1332 2781 1404 2861; x_wconf 92' lang='lat' dir='ltr'>quis</span> <span class='ocrx_word' id='word_1_160' title='bbox 1432 2778 1530 2843; x_wconf 87' lang='lat' dir='ltr'>fuerit</span> <span class='ocrx_word' id='word_1_161' title='bbox 1554 2800 1611 2843; x_wconf 93' lang='lat' dir='ltr'>nos</span> <span class='ocrx_word' id='word_1_162' title='bbox 1634 2777 1731 2843; x_wconf 86' lang='lat' dir='ltr'>latet:</span> 
     </span>
     <span class='ocr_line' id='line_1_21' title="bbox 535 2882 1731 2968; baseline -0.002 -19"><span class='ocrx_word' id='word_1_163' title='bbox 535 2906 610 2949; x_wconf 89' lang='lat' dir='ltr'>cnm</span> <span class='ocrx_word' id='word_1_164' title='bbox 643 2884 759 2948; x_wconf 90' lang='lat' dir='ltr'>ultima</span> <span class='ocrx_word' id='word_1_165' title='bbox 791 2883 967 2947; x_wconf 88' lang='lat' dir='ltr'>Annalium</span> <span class='ocrx_word' id='word_1_166' title='bbox 998 2891 1087 2967; x_wconf 88' lang='lat' dir='ltr'>parte</span> <span class='ocrx_word' id='word_1_167' title='bbox 1118 2882 1208 2947; x_wconf 90' lang='lat' dir='ltr'>illius</span> <span class='ocrx_word' id='word_1_168' title='bbox 1238 2887 1284 2948; x_wconf 90' lang='lat' dir='ltr'>rei</span> <span class='ocrx_word' id='word_1_169' title='bbox 1316 2886 1455 2947; x_wconf 88' lang='lat' dir='ltr'>narratio</span> <span class='ocrx_word' id='word_1_170' title='bbox 1487 2886 1601 2968; x_wconf 90' lang='lat' dir='ltr'>periit;</span> <span class='ocrx_word' id='word_1_171' title='bbox 1629 2906 1731 2949; x_wconf 90' lang='lat' dir='ltr'>unum</span> 
     </span>
     <span class='ocr_line' id='line_1_22' title="bbox 536 2988 1731 3056; baseline -0.001 0"><span class='ocrx_word' id='word_1_172' title='bbox 536 2992 595 3056; x_wconf 90' lang='lat' dir='ltr'>hoc</span> <span class='ocrx_word' id='word_1_173' title='bbox 631 3011 756 3054; x_wconf 91' lang='lat' dir='ltr'>sumere</span> <span class='ocrx_word' id='word_1_174' title='bbox 790 2988 866 3054; x_wconf 90' lang='lat' dir='ltr'>licet</span> <span class='ocrx_word' id='word_1_175' title='bbox 900 2988 1073 3053; x_wconf 86' lang='lat' dir='ltr'>Proculum</span> <span class='ocrx_word' id='word_1_176' title='bbox 1105 2989 1145 3052; x_wconf 91' lang='lat' dir='ltr'>ad</span> <span class='ocrx_word' id='word_1_177' title='bbox 1175 2990 1396 3054; x_wconf 88' lang='lat' dir='ltr'>ostentandam</span> <span class='ocrx_word' id='word_1_178' title='bbox 1427 2993 1585 3055; x_wconf 87' lang='lat' dir='ltr'>virtutem</span> <span class='ocrx_word' id='word_1_179' title='bbox 1615 2990 1731 3055; x_wconf 89' lang='lat' dir='ltr'>inutile</span> 
     </span>
     <span class='ocr_line' id='line_1_23' title="bbox 533 3094 1018 3182; baseline -0.006 -21"><span class='ocrx_word' id='word_1_180' title='bbox 533 3096 662 3182; x_wconf 87' lang='lat' dir='ltr'>aliquod</span> <span class='ocrx_word' id='word_1_181' title='bbox 688 3096 803 3160; x_wconf 86' lang='lat' dir='ltr'>adiisse</span> <span class='ocrx_word' id='word_1_182' title='bbox 827 3094 1018 3179; x_wconf 87' lang='lat' dir='ltr'>periculum.</span> 
     </span>
    </p>

    <p class='ocr_par' dir='ltr' id='par_1_6' title="bbox 532 3200 1729 3478">
     <span class='ocr_line' id='line_1_24' title="bbox 579 3200 1729 3289; baseline 0.001 -23"><span class='ocrx_word' id='word_1_183' title='bbox 579 3205 616 3266; x_wconf 91' lang='lat' dir='ltr'>A.</span> <span class='ocrx_word' id='word_1_184' title='bbox 643 3201 727 3276; x_wconf 86' lang='lat' dir='ltr'>XVI,</span> <span class='ocrx_word' id='word_1_185' title='bbox 756 3200 806 3264; x_wconf 85' lang='grc'>14.</span> <span class='ocrx_word' id='word_1_186' title='bbox 840 3202 1001 3264; x_wconf 87' lang='lat' dir='ltr'>Antistius</span> <span class='ocrx_word' id='word_1_187' title='bbox 1032 3200 1107 3264; x_wconf 81' lang='lat' dir='ltr'>exul</span> <span class='ocrx_word' id='word_1_188' title='bbox 1132 3201 1286 3265; x_wconf 87' lang='lat' dir='ltr'>Anteium</span> <span class='ocrx_word' id='word_1_189' title='bbox 1310 3207 1343 3266; x_wconf 88' lang='lat' dir='ltr'>et</span> <span class='ocrx_word' id='word_1_190' title='bbox 1367 3200 1532 3267; x_wconf 84' lang='lat' dir='ltr'>Ostorium</span> <span class='ocrx_word' id='word_1_191' title='bbox 1556 3201 1729 3289; x_wconf 78' lang='lat' dir='ltr'>Scapulam</span> 
     </span>
     <span class='ocr_line' id='line_1_25' title="bbox 532 3305 1729 3392; baseline 0.001 -20"><span class='ocrx_word' id='word_1_192' title='bbox 532 3309 653 3372; x_wconf 87' lang='lat' dir='ltr'>indicat</span> <span class='ocrx_word' id='word_1_193' title='bbox 684 3313 852 3391; x_wconf 88' lang='lat' dir='ltr'>tamquam</span> <span class='ocrx_word' id='word_1_194' title='bbox 882 3328 931 3371; x_wconf 90' lang='lat' dir='ltr'>res</span> <span class='ocrx_word' id='word_1_195' title='bbox 962 3327 1061 3371; x_wconf 91' lang='lat' dir='ltr'>novas</span> <span class='ocrx_word' id='word_1_196' title='bbox 1091 3305 1221 3370; x_wconf 89' lang='lat' dir='ltr'>molitos</span> <span class='ocrx_word' id='word_1_197' title='bbox 1252 3310 1285 3370; x_wconf 92' lang='lat' dir='ltr'>in</span> <span class='ocrx_word' id='word_1_198' title='bbox 1309 3329 1409 3392; x_wconf 88' lang='lat' dir='ltr'>eaque</span> <span class='ocrx_word' id='word_1_199' title='bbox 1432 3330 1466 3372; x_wconf 90' lang='lat' dir='ltr'>re</span> <span class='ocrx_word' id='word_1_200' title='bbox 1490 3305 1729 3374; x_wconf 80' lang='lat' dir='ltr'>Chaldaeorum</span> 
     </span>
     <span class='ocr_line' id='line_1_26' title="bbox 536 3421 719 3478; baseline -0.011 0"><span class='ocrx_word' id='word_1_201' title='bbox 536 3435 609 3478; x_wconf 89' lang='lat' dir='ltr'>usos</span> <span class='ocrx_word' id='word_1_202' title='bbox 633 3421 719 3477; x_wconf 83' lang='lat' dir='ltr'>arte:</span> 
     </span>
    </p>

    <p class='ocr_par' dir='ltr' id='par_1_7' title="bbox 532 3517 1730 3919">
     <span class='ocr_line' id='line_1_27' title="bbox 580 3517 1730 3604; baseline 0.001 -22"><span class='ocrx_word' id='word_1_203' title='bbox 580 3522 647 3596; x_wconf 87' lang='lat' dir='ltr'>„Ao</span> <span class='ocrx_word' id='word_1_204' title='bbox 679 3518 812 3604; x_wconf 87' lang='lat' dir='ltr'>vulgato</span> <span class='ocrx_word' id='word_1_205' title='bbox 844 3521 913 3582; x_wconf 89' lang='lat' dir='ltr'>eius</span> <span class='ocrx_word' id='word_1_206' title='bbox 945 3517 1064 3582; x_wconf 90' lang='lat' dir='ltr'>indicio</span> <span class='ocrx_word' id='word_1_207' title='bbox 1094 3521 1179 3581; x_wconf 91' lang='lat' dir='ltr'>inter</span> <span class='ocrx_word' id='word_1_208' title='bbox 1202 3518 1369 3582; x_wconf 89' lang='lat' dir='ltr'>damnatos</span> <span class='ocrx_word' id='word_1_209' title='bbox 1393 3522 1499 3604; x_wconf 89' lang='lat' dir='ltr'>magis</span> <span class='ocrx_word' id='word_1_210' title='bbox 1523 3540 1620 3604; x_wconf 92' lang='lat' dir='ltr'>quam</span> <span class='ocrx_word' id='word_1_211' title='bbox 1646 3523 1730 3585; x_wconf 91' lang='lat' dir='ltr'>inter</span> 
     </span>
     <span class='ocr_line' id='line_1_28' title="bbox 532 3623 1728 3707; baseline 0 -18"><span class='ocrx_word' id='word_1_212' title='bbox 532 3647 601 3689; x_wconf 91' lang='lat' dir='ltr'>reos</span> <span class='ocrx_word' id='word_1_213' title='bbox 623 3627 757 3688; x_wconf 89' lang='lat' dir='ltr'>Anteius</span> <span class='ocrx_word' id='word_1_214' title='bbox 777 3624 985 3707; x_wconf 87' lang='lat' dir='ltr'>Ostoriusque</span> <span class='ocrx_word' id='word_1_215' title='bbox 1006 3624 1213 3698; x_wconf 88' lang='lat' dir='ltr'>habebantur,</span> <span class='ocrx_word' id='word_1_216' title='bbox 1234 3623 1311 3688; x_wconf 89' lang='lat' dir='ltr'>adeo</span> <span class='ocrx_word' id='word_1_217' title='bbox 1332 3630 1369 3687; x_wconf 92' lang='lat' dir='ltr'>nt</span> <span class='ocrx_word' id='word_1_218' title='bbox 1389 3631 1621 3688; x_wconf 88' lang='lat' dir='ltr'>testamentum</span> <span class='ocrx_word' id='word_1_219' title='bbox 1635 3627 1728 3690; x_wconf 89' lang='lat' dir='ltr'>Antei</span> 
     </span>
     <span class='ocr_line' id='line_1_29' title="bbox 532 3726 1729 3816; baseline 0 -21"><span class='ocrx_word' id='word_1_220' title='bbox 532 3752 626 3796; x_wconf 90' lang='lat' dir='ltr'>nemo</span> <span class='ocrx_word' id='word_1_221' title='bbox 645 3731 843 3815; x_wconf 90' lang='lat' dir='ltr'>obsignaret‚</span> <span class='ocrx_word' id='word_1_222' title='bbox 869 3732 931 3793; x_wconf 92' lang='lat' dir='ltr'>nisi</span> <span class='ocrx_word' id='word_1_223' title='bbox 955 3726 1135 3814; x_wconf 77' lang='lat' dir='ltr'>Tigellinus</span> <span class='ocrx_word' id='word_1_224' title='bbox 1159 3736 1270 3794; x_wconf 89' lang='lat' dir='ltr'>auctor</span> <span class='ocrx_word' id='word_1_225' title='bbox 1293 3732 1467 3794; x_wconf 80' lang='lat' dir='ltr'>exstitisset</span> <span class='ocrx_word' id='word_1_226' title='bbox 1490 3733 1614 3796; x_wconf 87' lang='lat' dir='ltr'>monito</span> <span class='ocrx_word' id='word_1_227' title='bbox 1640 3735 1729 3816; x_wconf 86' lang='lat' dir='ltr'>prius</span> 
     </span>
     <span class='ocr_line' id='line_1_30' title="bbox 533 3835 1283 3919; baseline -0.005 -17"><span class='ocrx_word' id='word_1_228' title='bbox 533 3839 648 3902; x_wconf 88' lang='lat' dir='ltr'>Anteio</span> <span class='ocrx_word' id='word_1_229' title='bbox 674 3857 711 3900; x_wconf 92' lang='lat' dir='ltr'>ne</span> <span class='ocrx_word' id='word_1_230' title='bbox 735 3855 900 3919; x_wconf 87' lang='lat' dir='ltr'>supremas</span> <span class='ocrx_word' id='word_1_231' title='bbox 925 3835 1049 3898; x_wconf 86' lang='lat' dir='ltr'>tabulas</span> <span class='ocrx_word' id='word_1_232' title='bbox 1072 3836 1283 3899; x_wconf 87' lang='lat' dir='ltr'>moraretur.&#39;’</span> 
     </span>
    </p>

    <p class='ocr_par' dir='ltr' id='par_1_8' title="bbox 530 3938 1731 4871">
     <span class='ocr_line' id='line_1_31' title="bbox 577 3938 1731 4026; baseline 0.002 -22"><span class='ocrx_word' id='word_1_233' title='bbox 577 3941 696 4004; x_wconf 78' lang='lat' dir='ltr'>Manita</span> <span class='ocrx_word' id='word_1_234' title='bbox 728 3947 814 4005; x_wconf 91' lang='lat' dir='ltr'>certa</span> <span class='ocrx_word' id='word_1_235' title='bbox 845 3947 893 4004; x_wconf 91' lang='lat' dir='ltr'>est</span> <span class='ocrx_word' id='word_1_236' title='bbox 919 3938 1085 4025; x_wconf 86' lang='lat' dir='ltr'>Agricolae</span> <span class='ocrx_word' id='word_1_237' title='bbox 1109 3940 1290 4004; x_wconf 91' lang='lat' dir='ltr'>emendatio</span> <span class='ocrx_word' id='word_1_238' title='bbox 1314 3962 1370 4026; x_wconf 92' lang='lat' dir='ltr'>pro</span> <span class='ocrx_word' id='word_1_239' title='bbox 1394 3941 1531 4004; x_wconf 67' lang='lat' dir='ltr'>moratae.</span> <span class='ocrx_word' id='word_1_240' title='bbox 1557 3940 1731 4019; x_wconf 83' lang='lat' dir='ltr'>Quaeritur</span> 
     </span>
     <span class='ocr_line' id='line_1_32' title="bbox 531 4043 1730 4133; baseline 0 -21"><span class='ocrx_word' id='word_1_241' title='bbox 531 4069 607 4133; x_wconf 85' lang='lat' dir='ltr'>ergo</span> <span class='ocrx_word' id='word_1_242' title='bbox 643 4068 705 4130; x_wconf 92' lang='lat' dir='ltr'>quo</span> <span class='ocrx_word' id='word_1_243' title='bbox 741 4045 836 4110; x_wconf 92' lang='lat' dir='ltr'>modo</span> <span class='ocrx_word' id='word_1_244' title='bbox 872 4043 969 4110; x_wconf 91' lang='lat' dir='ltr'>illum</span> <span class='ocrx_word' id='word_1_245' title='bbox 1006 4053 1130 4110; x_wconf 87' lang='lat' dir='ltr'>metum</span> <span class='ocrx_word' id='word_1_246' title='bbox 1168 4049 1261 4110; x_wconf 89' lang='lat' dir='ltr'>Antei</span> <span class='ocrx_word' id='word_1_247' title='bbox 1297 4046 1510 4110; x_wconf 85' lang='lat' dir='ltr'>familiaribus</span> <span class='ocrx_word' id='word_1_248' title='bbox 1547 4045 1730 4133; x_wconf 76' lang='lat' dir='ltr'>Tigellinus</span> 
     </span>
     <span class='ocr_line' id='line_1_33' title="bbox 531 4150 1729 4236; baseline -0.001 -19"><span class='ocrx_word' id='word_1_249' title='bbox 531 4153 696 4217; x_wconf 90' lang='lat' dir='ltr'>ademerit.</span> <span class='ocrx_word' id='word_1_250' title='bbox 722 4150 903 4235; x_wconf 90' lang='lat' dir='ltr'>Respondet</span> <span class='ocrx_word' id='word_1_251' title='bbox 927 4151 1157 4236; x_wconf 91' lang='lat' dir='ltr'>Nipperdeius:</span> <span class='ocrx_word' id='word_1_252' title='bbox 1183 4152 1360 4226; x_wconf 85' lang='lat' dir='ltr'>„monendo</span> <span class='ocrx_word' id='word_1_253' title='bbox 1384 4154 1499 4216; x_wconf 85' lang='lat' dir='ltr'>Anteio</span> <span class='ocrx_word' id='word_1_254' title='bbox 1523 4173 1562 4215; x_wconf 94' lang='grc'>16</span> <span class='ocrx_word' id='word_1_255' title='bbox 1586 4173 1610 4217; x_wconf 90' lang='lat' dir='ltr'>s.</span> <span class='ocrx_word' id='word_1_256' title='bbox 1626 4161 1649 4218; x_wconf 91' lang='lat' dir='ltr'>t.</span> <span class='ocrx_word' id='word_1_257' title='bbox 1663 4152 1729 4216; x_wconf 85' lang='lat' dir='ltr'>1n.&#39;&#39;</span> 
     </span>
     <span class='ocr_line' id='line_1_34' title="bbox 532 4254 1729 4342; baseline 0 -20"><span class='ocrx_word' id='word_1_258' title='bbox 532 4261 576 4322; x_wconf 91' lang='lat' dir='ltr'>At</span> <span class='ocrx_word' id='word_1_259' title='bbox 599 4260 741 4342; x_wconf 91' lang='lat' dir='ltr'>primum</span> <span class='ocrx_word' id='word_1_260' title='bbox 766 4260 1018 4341; x_wconf 85' lang='lat' dir='ltr'>quotusquisque</span> <span class='ocrx_word' id='word_1_261' title='bbox 1042 4278 1154 4321; x_wconf 87' lang='lat' dir='ltr'>eorum</span> <span class='ocrx_word' id='word_1_262' title='bbox 1177 4256 1210 4319; x_wconf 92' lang='lat' dir='ltr'>id</span> <span class='ocrx_word' id='word_1_263' title='bbox 1235 4258 1404 4320; x_wconf 88' lang='lat' dir='ltr'>auditurus</span> <span class='ocrx_word' id='word_1_264' title='bbox 1427 4254 1515 4321; x_wconf 80' lang='lat' dir='ltr'>erat?</span> <span class='ocrx_word' id='word_1_265' title='bbox 1548 4256 1618 4321; x_wconf 89' lang='lat' dir='ltr'>Hoc</span> <span class='ocrx_word' id='word_1_266' title='bbox 1642 4262 1729 4323; x_wconf 91' lang='lat' dir='ltr'>enim</span> 
     </span>
     <span class='ocr_line' id='line_1_35' title="bbox 530 4361 1730 4447; baseline -0.003 -18"><span class='ocrx_word' id='word_1_267' title='bbox 530 4363 718 4438; x_wconf 89' lang='lat' dir='ltr'>consilium,</span> <span class='ocrx_word' id='word_1_268' title='bbox 739 4372 777 4426; x_wconf 90' lang='lat' dir='ltr'>ut</span> <span class='ocrx_word' id='word_1_269' title='bbox 796 4365 917 4447; x_wconf 89' lang='lat' dir='ltr'>opinor,</span> <span class='ocrx_word' id='word_1_270' title='bbox 939 4361 1025 4426; x_wconf 90' lang='grc'><strong>66116</strong></span> <span class='ocrx_word' id='word_1_271' title='bbox 1046 4363 1105 4427; x_wconf 88' lang='grc'><strong>6611</strong></span> <span class='ocrx_word' id='word_1_272' title='bbox 1126 4362 1306 4446; x_wconf 79' lang='lat' dir='ltr'>Tigellinus</span> <span class='ocrx_word' id='word_1_273' title='bbox 1319 4362 1416 4426; x_wconf 92' lang='lat' dir='ltr'>dedit.</span> <span class='ocrx_word' id='word_1_274' title='bbox 1437 4362 1499 4427; x_wconf 81' lang='lat' dir='ltr'>Sed</span> <span class='ocrx_word' id='word_1_275' title='bbox 1512 4363 1591 4446; x_wconf 92' lang='lat' dir='ltr'>quid</span> <span class='ocrx_word' id='word_1_276' title='bbox 1604 4361 1730 4428; x_wconf 80' lang='lat' dir='ltr'>mult-al</span> 
     </span>
     <span class='ocr_line' id='line_1_36' title="bbox 531 4468 1731 4555; baseline -0.002 -20"><span class='ocrx_word' id='word_1_277' title='bbox 531 4471 645 4536; x_wconf 90' lang='lat' dir='ltr'>Nonne</span> <span class='ocrx_word' id='word_1_278' title='bbox 675 4471 737 4553; x_wconf 87' lang='lat' dir='ltr'>ipsi</span> <span class='ocrx_word' id='word_1_279' title='bbox 769 4472 908 4533; x_wconf 88' lang='lat' dir='ltr'>sermoni</span> <span class='ocrx_word' id='word_1_280' title='bbox 940 4469 1053 4532; x_wconf 83' lang='lat' dir='ltr'>Latino</span> <span class='ocrx_word' id='word_1_281' title='bbox 1084 4479 1192 4551; x_wconf 89' lang='lat' dir='ltr'>aperte</span> <span class='ocrx_word' id='word_1_282' title='bbox 1218 4472 1284 4532; x_wconf 91' lang='lat' dir='ltr'>vim</span> <span class='ocrx_word' id='word_1_283' title='bbox 1309 4469 1444 4533; x_wconf 88' lang='lat' dir='ltr'>facimus</span> <span class='ocrx_word' id='word_1_284' title='bbox 1467 4490 1560 4546; x_wconf 89' lang='lat' dir='ltr'>cnm,</span> <span class='ocrx_word' id='word_1_285' title='bbox 1584 4468 1731 4555; x_wconf 81' lang='lat' dir='ltr'>legentes</span> 
     </span>
     <span class='ocr_line' id='line_1_37' title="bbox 530 4573 1730 4659; baseline -0.002 -18"><span class='ocrx_word' id='word_1_286' title='bbox 530 4578 568 4641; x_wconf 88' lang='lat' dir='ltr'>de</span> <span class='ocrx_word' id='word_1_287' title='bbox 599 4597 635 4640; x_wconf 89' lang='grc'>66</span> <span class='ocrx_word' id='word_1_288' title='bbox 667 4577 722 4659; x_wconf 91' lang='lat' dir='ltr'>qui</span> <span class='ocrx_word' id='word_1_289' title='bbox 753 4576 921 4659; x_wconf 88' lang='lat' dir='ltr'>obsignare</span> <span class='ocrx_word' id='word_1_290' title='bbox 944 4573 1127 4639; x_wconf 89' lang='lat' dir='ltr'>uolentibus</span> <span class='ocrx_word' id='word_1_291' title='bbox 1151 4582 1255 4637; x_wconf 80' lang='lat' dir='ltr'>auctor</span> <span class='ocrx_word' id='word_1_292' title='bbox 1278 4575 1411 4651; x_wconf 68' lang='lat' dir='ltr'>exstitit,</span> <span class='ocrx_word' id='word_1_293' title='bbox 1437 4575 1614 4659; x_wconf 90' lang='lat' dir='ltr'>quidquam</span> <span class='ocrx_word' id='word_1_294' title='bbox 1641 4575 1730 4641; x_wconf 90' lang='lat' dir='ltr'>aliud</span> 
     </span>
     <span class='ocr_line' id='line_1_38' title="bbox 531 4677 1731 4763; baseline -0.001 -17"><span class='ocrx_word' id='word_1_295' title='bbox 531 4704 607 4747; x_wconf 89' lang='lat' dir='ltr'>eum</span> <span class='ocrx_word' id='word_1_296' title='bbox 638 4681 748 4745; x_wconf 88' lang='lat' dir='ltr'>fecisse</span> <span class='ocrx_word' id='word_1_297' title='bbox 779 4683 966 4744; x_wconf 89' lang='lat' dir='ltr'>coniicimus</span> <span class='ocrx_word' id='word_1_298' title='bbox 996 4700 1092 4763; x_wconf 88' lang='lat' dir='ltr'>quarn</span> <span class='ocrx_word' id='word_1_299' title='bbox 1121 4679 1250 4759; x_wconf 81' lang='lat' dir='ltr'>primum</span> <span class='ocrx_word' id='word_1_300' title='bbox 1281 4677 1467 4758; x_wconf 62' lang='lat' dir='ltr'>obsianam?</span> <span class='ocrx_word' id='word_1_301' title='bbox 1499 4678 1614 4745; x_wconf 81' lang='lat' dir='ltr'>Cetera</span> <span class='ocrx_word' id='word_1_302' title='bbox 1645 4703 1731 4745; x_wconf 91' lang='lat' dir='ltr'>nunc</span> 
     </span>
     <span class='ocr_line' id='line_1_39' title="bbox 531 4783 1730 4871; baseline 0.001 -21"><span class='ocrx_word' id='word_1_303' title='bbox 531 4801 642 4871; x_wconf 88' lang='lat' dir='ltr'>sponte</span> <span class='ocrx_word' id='word_1_304' title='bbox 678 4791 872 4868; x_wconf 89' lang='lat' dir='ltr'>sequnntur,</span> <span class='ocrx_word' id='word_1_305' title='bbox 909 4793 941 4848; x_wconf 91' lang='grc'>61</span> <span class='ocrx_word' id='word_1_306' title='bbox 977 4787 1077 4848; x_wconf 86' lang='grc'><strong>161116</strong></span> <span class='ocrx_word' id='word_1_307' title='bbox 1108 4783 1171 4848; x_wconf 85' lang='grc'><strong>1661</strong></span> <span class='ocrx_word' id='word_1_308' title='bbox 1202 4786 1254 4849; x_wconf 89' lang='lat' dir='ltr'>bic</span> <span class='ocrx_word' id='word_1_309' title='bbox 1286 4805 1397 4848; x_wconf 91' lang='lat' dir='ltr'>sensus</span> <span class='ocrx_word' id='word_1_310' title='bbox 1428 4791 1492 4848; x_wconf 91' lang='lat' dir='ltr'>est:</span> <span class='ocrx_word' id='word_1_311' title='bbox 1535 4786 1730 4871; x_wconf 85' lang='lat' dir='ltr'>„obsignare</span> 
     </span>
    </p>
   </div>
   <div class='ocr_carea' id='block_1_3' title="bbox 0 0 2268 5946">
    <p class='ocr_par' dir='ltr' id='par_1_9' title="bbox 0 0 2268 5946">
     <span class='ocr_line' id='line_1_40' title="bbox 0 0 2268 5946; baseline 0 0"><span class='ocrx_word' id='word_1_312' title='bbox 0 0 2268 5946; x_wconf 95' lang='lat' dir='ltr'> </span> 
     </span>
    </p>
   </div>
  </div>
 </body>
</html>
