4525 5950
635 1308 1107 1399 ADNOTATIONES
1141 1309 1242 1397 CRI

1013 1517 1056 1563 ΔΙ)

720 1686 954 1777 LYCURGI
981 1687 1350 1777 Lucouurunu.
1400 1610 1407 1642 τ
1445 1684 1461 1705 ”

972 1921 1097 1964 semron·

897 2102 930 2168 S.
954 2105 993 2168 A.
1017 2104 1172 2170 NABuR.

954 2404 1113 2445 -ψψ-ν-

484 2661 576 2726 Anno
600 2658 685 2724 1854
707 2663 829 2726 amicus
849 2682 941 2727 meus
963 2662 1122 2726 Antonius
1141 2683 1203 2727 van
1225 2660 1284 2726 den
1305 2661 1365 2737 Es,
1386 2683 1481 2747 quem
1495 2662 1631 2727 adhunc

435 2767 524 2832 diem
560 2765 795 2832 Amatelodami
828 2768 907 2833 rude
938 2767 1092 2832 donatum
1124 2771 1332 2853 superstitem
1363 2789 1431 2833 esse
1462 2767 1630 2845 laetamur,

434 2872 587 2955 Spectmen
622 2871 722 2936 edidit
759 2872 974 2955 Philoloqa'oum
1012 2875 1197 2954 Irrarepurole
1232 2876 1269 2937 de
1299 2875 1429 2959 lpmrpi
1458 2876 1630 2938 Leocrateo.

437 2977 535 3045 Hunc
565 2977 716 3044 libellum
748 2985 821 3065 post
843 2988 972 3045 tantum
997 2983 1150 3066 temporis
1174 2983 1314 3066 spatium
1340 2981 1428 3047 hisce
1451 2981 1562 3047 diebus
1584 2979 1632 3045 lu·

435 3086 550 3149 beuter
579 3082 680 3170 relegi
710 3087 853 3170 itemque
881 3089 1008 3171 inspexi
1037 3085 1196 3151 iudicium
1226 3086 1308 3172 qnod
1341 3087 1378 3152 de
1402 3085 1631 3152 commilitonis

434 3210 531 3274 opero
555 3188 693 3253 tuleram
715 3192 749 3254 in
774 3192 886 3254 Mnem.
913 3190 999 3255 1854
1025 3214 1055 3277 p.
1083 3190 1160 3255 409.
1192 3191 1280 3271 Quae
1304 3199 1381 3256 tunc
1405 3194 1534 3277 scripsi,
1560 3211 1631 3254 mea

434 3299 594 3361 memoria
626 3298 755 3380 penitus
786 3297 967 3362 exciderant
975 3319 983 3375 ;
1008 3296 1063 3361 sed
1084 3296 1189 3361 laetus
1211 3296 1280 3361 vidi
1303 3318 1355 3362 me
1378 3296 1465 3361 haud
1488 3293 1630 3380 maligne

432 3401 616 3469 laudavisse
647 3403 784 3486 quaein
810 3401 1015 3467 Vaudeuessii
1031 3403 1054 3481 ¹)
1078 3402 1300 3466 dissertatione
1323 3400 1483 3486 probanda
1507 3405 1612 3465 essent
1620 3420 1629 3476 ;

434 3529 495 3575 nec
520 3514 626 3572 tamen
651 3510 760 3572 minus
784 3508 887 3584 hodie,
912 3514 960 3573 tot
984 3508 1213 3593 speciminibus
1236 3506 1425 3572 academicis
1447 3507 1538 3572 lectis
1561 3527 1631 3572 exa·

434 3615 569 3679 minatis
600 3619 632 3677 et
663 3616 828 3695 correctis,
854 3612 1003 3678 libellum
1026 3613 1125 3678 bonae
1150 3612 1253 3697 frugis
1277 3611 1409 3696 plenum
1434 3612 1631 3677 cumulatius

433 3719 508 3786 aliis
533 3718 721 3784 commando
745 3740 842 3804 quam
866 3725 942 3783 tunc
967 3739 1017 3783 me
1040 3719 1152 3783 fecisse
1176 3717 1278 3783 video.
1303 3716 1411 3782 Veluti
1430 3723 1479 3781 est
1498 3716 1631 3782 'Phalhe

434 3828 525 3891 mius
550 3826 605 3910 qui
630 3824 819 3911 Lycurgum
844 3824 928 3909 apud
952 3823 1179 3889 Weidmannos
1203 3823 1304 3888 edidit
1323 3843 1404 3887 anno
1428 3822 1529 3900 1880;
1551 3822 1630 3886 Van—

475 4101 501 4164 l)
518 4100 616 4150 anione
633 4114 700 4149 mana
716 4097 858 4148 Thalhamio
874 4097 1017 4162 simpliciter
1034 4096 1102 4145 audit
1119 4097 1161 4145 Ea.
1184 4096 1226 4145 Eat
1245 4095 1284 4145 luia
1301 4110 1369 4144 error
1386 4095 1519 4144 multorum
1535 4096 1633 4144 Germa·

435 4197 538 4240 norum,
557 4181 598 4245 qui
616 4181 734 4230 rationem
749 4179 879 4245 particulae
894 4196 939 4229 aaa
954 4180 979 4227 in
994 4178 1083 4228 noatria
1096 4177 1226 4241 gentiliciia
1241 4176 1375 4226 nominibna
1390 4178 1468 4226 minna
1485 4180 1631 4242 perspectam

435 4264 534 4314 habent.
560 4264 652 4327 Nempe
674 4263 737 4326 quod
761 4262 824 4327 apud
847 4261 903 4310 illoa
926 4259 1043 4310 nobilium
1065 4258 1201 4309 nominibus
1224 4260 1364 4325 praeligitur
1389 4276 1432 4309 von
1450 4275 1519 4324 aaapa
1535 4259 1631 4323 quidem

434 4348 502 4395 certa
527 4344 620 4393 ratione
643 4344 780 4393 omittitur:
804 4343 867 4392 idem
884 4342 960 4391 nostri
978 4357 1072 4406 quoqne
1091 4340 1182 4390 nobiles
1199 4341 1319 4390 interdum
1336 4341 1441 4399 iaciunt,
1459 4342 1500 4390 aed
1518 4341 1543 4390 lri
1562 4341 1631 4405 longa

432 4428 538 4494 parcina.
563 4427 667 4485 Contra,
693 4424 767 4475 sicubi
792 4425 873 4474 eadem
899 4424 942 4473 illa
968 4423 1085 4489 particula
1106 4439 1152 4471 aaa
1174 4438 1222 4472 non
1245 4422 1377 4472 nobilitatis
1395 4422 1509 4472 indicium
1526 4426 1574 4482 eat,
1590 4423 1631 4471 aad

434 4510 528 4576 priseae
546 4508 660 4573 originis,
677 4508 759 4557 omitti
776 4506 843 4556 nullo
861 4507 930 4557 modo
948 4509 1033 4571 potant.
1052 4505 1240 4554 Hcrwerdenum
1258 4509 1283 4554 at
1297 4506 1461 4555 martenium
1476 4509 1539 4555 recta
1554 4504 1633 4570 appel·

433 4592 514 4640 lamna
531 4590 651 4654 itemque,
667 4590 687 4638 ai
705 4590 758 4653 quia
776 4589 820 4638 hoe
838 4589 920 4648 malit,
938 4588 1045 4646 Eeaium,
1062 4588 1148 4637 Latina
1162 4588 1330 4637 terminatione
1345 4587 1437 4645 addim
1454 4591 1561 4637 catarum
1575 4591 1631 4635 aunt

434 4690 481 4721 aaa
501 4672 662 4730 Herwerdan‚
680 4688 725 4720 aaa
743 4672 870 4729 Ieenwan,
887 4688 933 4720 aaa
948 4672 993 4719 dea
1011 4669 1043 4718 Ea
1060 4673 1084 4718 et
1101 4685 1144 4719 noa
1162 4670 1278 4719 Hollandi
1294 4669 1376 4719 sedulo
1393 4685 1502 4718 cavemus
1519 4684 1548 4717 ne
1564 4684 1632 4733 praa·

435 4752 498 4803 clari
515 4753 562 4802 viri
579 4750 703 4815 ἀκέφαλοι
721 4756 888 4814 aspamam,
904 4752 934 4801 ol.
951 4751 1036 4801 Maesa.
1057 4751 1121 4800 1002
1139 4767 1162 4816 p.
1180 4751 1237 4800 281.
