4525 5950
638 698 704 769 276
1113 710 1364 764 inenormis.

686 881 740 947 Vs.
766 881 843 946 841.
868 880 968 957 κθμαο
993 881 1203 944 καθεῖσαν.

641 988 789 1053 Fortasse
810 987 896 1051 haud
915 985 1031 1051 inutile
1050 992 1098 1051 eet
1117 986 1283 1051 observare
1302 990 1482 1050 constanter
1500 987 1655 1070 antiquos
1676 992 1712 1050 st
1728 985 1841 1071 probos

641 1097 811 1178 scriptores
834 1095 866 1156 in
892 1094 950 1156 hac
973 1091 1197 1176 similibusque
1221 1090 1368 1155 formulis
1389 1093 1438 1154 uti
1458 1090 1555 1155 verbo
1576 1093 1702 1168 activo,
1723 1093 1842 1175 sequio

639 1220 689 1263 res
713 1220 788 1263 vero
810 1201 902 1262 iuxta
924 1197 983 1261 hoc
1006 1196 1197 1282 plerumque
1220 1197 1324 1260 forme
1347 1196 1452 1261 media
1475 1197 1647 1260 καθίεσθαι.

686 1386 738 1450 Vs.
764 1384 954 1451 874-883.
986 1386 1115 1449 Miraris
1147 1384 1318 1449 mulierem
1349 1385 1446 1469 probe
1477 1385 1610 1447 atticam
1644 1382 1841 1448 confundere

638 1495 769 1558 nomina
803 1492 1019 1556 diversissima
1054 1492 1194 1564 Πρωτεύς
1230 1500 1262 1555 et
1295 1491 1447 1565 Πρωτέας.
1484 1489 1570 1553 Num
1604 1491 1720 1574 igitur
1752 1496 1842 1574 poeta

638 1601 758 1663 cardam
784 1618 854 1663 eam
878 1598 997 1684 fingere
1021 1596 1196 1662 censendus
1219 1593 1288 1661 est?
1311 1595 1493 1660 Videndum
1517 1616 1555 1659 an
1580 1616 1631 1660 vs.
1661 1594 1732 1660 974
1759 1597 1841 1658 τοιόν

640 1702 803 1783 Πρωτέα
838 1702 888 1768 vel
921 1703 1101 1779 Πρωτέου
1126 1702 1350 1788 corrigendum
1376 1704 1418 1765 sit
1442 1722 1499 1786 pro
1523 1703 1734 1776 Πρωτέως.
1761 1701 1841 1765 Nam

639 1810 769 1875 sibimet
791 1812 860 1893 ipsa
883 1815 967 1873 certe
991 1814 1133 1872 constare
1156 1807 1298 1872 debebat.
1323 1808 1392 1872 Iam
1416 1806 1493 1871 olim
1518 1806 1577 1870 hac
1599 1805 1641 1870 de
1663 1828 1700 1871 re
1720 1810 1841 1882 monui,

639 1914 694 1981 sed
717 1913 799 1978 nihil
822 1913 952 1977 adnotat
975 1913 1014 1977 ad
1037 1912 1070 1976 h.
1095 1911 1117 1976 l.
1142 1913 1255 1978 editor.

685 2099 737 2164 Vs.
762 2099 839 2165 889.
863 2101 894 2163 σι’
920 2100 954 2174 es
979 2100 1016 2163 σὺ
1041 2100 1209 2168 θάσσεις
1236 2101 1300 2164 κτὲ.

641 2203 801 2281 „Verbum
834 2203 954 2268 θάσσειν
985 2207 1126 2290 poeticae
1158 2211 1206 2269 est
1236 2205 1417 2270 diationis”.
1442 2204 1492 2270 Ita
1515 2214 1581 2284 est;
1603 2209 1692 2272 item
1719 2209 1839 2272 θακεῑκε

638 2333 701 2397 quo
725 2313 830 2396 magis
851 2313 977 2375 mireris
999 2313 1238 2375 substantivum
1259 2314 1378 2381 θᾶκοι
1399 2336 1438 2362 --
1459 2314 1551 2390 θρθνος
1573 2333 1632 2375 nec
1655 2314 1838 2398 pedestrem

639 2436 817 2481 sermonem
848 2416 1084 2500 (Xenophontis
1114 2423 1147 2481 et
1176 2416 1334 2494 Platonis)
1364 2420 1523 2502 aspernari
1549 2438 1607 2482 neo
1632 2420 1838 2485 comoediam

638 2521 731 2602 (Rau.
755 2521 851 2586 1511.
874 2519 971 2585 1518.
1003 2520 1087 2585 Nub.
1113 2520 1190 2598 980,
1221 2523 1256 2584 in
1283 2522 1409 2586 heroico
1430 2543 1525 2587 versu
1545 2520 1673 2589 Oratin.
1696 2524 1730 2588 11
1756 2525 1839 2601 18,4

639 2626 764 2704 Mein).
791 2665 833 2674 -
860 2623 995 2704 Θοάζετε
1020 2648 1038 2691 a
1061 2626 1215 2711 Sophocle
1236 2626 1272 2691 0.
1296 2628 1333 2691 R.
1360 2627 1381 2691 2
1405 2628 1468 2692 dioi
1491 2632 1634 2713 potuisse
1661 2652 1723 2715 pro
1750 2633 1841 2695 θαάσ-

639 2757 725 2811 οετε,
756 2737 778 2797 i.
804 2754 831 2799 e.
863 2735 1013 2808 lutuosas,
1038 2753 1164 2817 semper
1187 2732 1322 2797 dubium
1346 2733 1519 2798 admodum
1543 2734 1627 2797 mihi
1656 2739 1775 2801 visum
1797 2746 1840 2802 est

638 2846 671 2905 et
696 2841 803 2924 potius
828 2859 903 2903 cnm
931 2838 1116 2902 Hermanno
1144 2837 1261 2903 Snidae
1288 2841 1584 2923 interpretationem
1609 2841 1686 2910 θοῶς
1709 2846 1841 2919 προσκέ-

638 2947 725 3018 θνσθε
749 2943 1003 3030 amplectendam
1027 2964 1094 3009 esse
1118 2964 1239 3010 censeo.

686 3131 737 3197 Vs.
764 3131 862 3197 1004.
887 3135 966 3207 οθμοι
990 3133 1194 3209 κακοδαέμοιν,
1220 3137 1343 3207 μάλλον
1368 3134 1598 3211 ἐπικρούεις
1624 3136 1669 3200 σθ
1695 3162 1751 3213 γε.

640 3237 706 3305 Gur
728 3237 906 3303 vLeeuwen
932 3237 1025 3303 malit
1049 3238 1302 3315 έτέκρουσαι
1327 3259 1455 3323 prorsus
1477 3260 1530 3305 me
1555 3238 1651 3305 latet.

686 3425 736 3491 Vs.
762 3424 860 3492 1181.
886 3425 960 3506 Φέρε
985 3427 1138 3501 θοὶμάτιον
1161 3424 1318 3503 άνιιθεν,
1343 3423 1363 3490 ὦ
1388 3427 1500 3505 τέκνον,
1525 3427 1606 3504 τιδι’,

888 3533 1066 3611 καθιζομένη
1092 3531 1117 3594 δ’
1144 3532 1193 3594 ἐπὶ
1218 3540 1296 3596 τοῖσι
1320 3531 1430 3609 νθνασι
1454 3539 1507 3596 τοῦ
1533 3536 1654 3598 Σκύθου

888 3639 929 3699 adr
954 3637 1025 3700 τάδε
1051 3636 1215 3716 πρότεινον,
1240 3635 1277 3702 ἵν’
1303 3638 1456 3702 ὑπολύσω.

638 3744 786 3808 Primum
807 3763 951 3818 versum,
972 3744 1004 3805 in
1025 3763 1087 3825 quo
1107 3741 1190 3807 nihil
1210 3749 1396 3827 corruptum
1417 3742 1546 3808 videtur
1564 3752 1697 3827 praeter
1718 3747 1840 3825 ἄνωθεν,

637 3852 850 3912 immutatum
886 3847 1062 3930 relinquere
1094 3868 1147 3911 me
1177 3848 1283 3912 iudice
1314 3847 1419 3912 multo
1450 3853 1590 3932 praestat
1623 3870 1730 3934 quam
1769 3876 1840 3918 oum

639 3954 761 4019 editore
791 3956 824 4015 in
855 3957 983 4016 textum
1014 3954 1152 4037 recipere
1176 3955 1404 4038 gravissimam
1427 3951 1591 4038 Blaydesii
1614 3962 1840 4024 mutationem

638 4062 714 4137 φέρε
747 4065 845 4133 <νυν>
879 4059 1014 4121 κατάθου
1050 4058 1215 4135 θοὶμάτιον,
1246 4078 1326 4143 quae
1360 4058 1455 4122 verba
1483 4080 1545 4142 quo
1576 4070 1673 4144 pacto
1705 4067 1756 4130 sic
1781 4087 1840 4129 eor

639 4166 747 4249 rumpi
778 4165 957 4248 potuerint,
982 4184 1076 4228 nemo
1100 4163 1192 4228 facile
1216 4162 1375 4248 expediat.
1401 4163 1461 4226 Vix
1485 4170 1593 4227 autem
1617 4165 1739 4232 dubito
1764 4174 1838 4255 quin

640 4269 699 4333 sub
726 4268 896 4353 depravato
923 4267 1076 4332 vocabulo
1101 4267 1266 4332 delitescat
1289 4270 1502 4351 imperativus
1527 4267 1658 4353 aliquis.
1684 4270 1838 4338 Fueritne

887 4372 961 4451 Φέρε
985 4373 1139 4444 θοίμάτιον
1163 4372 1256 4442 άνες
1281 4373 1371 4448 μέν,
1395 4369 1415 4435 ὦ
1440 4374 1551 4448 τέκνον,
1576 4373 1661 4450 rodi,

639 4475 724 4563 quod
756 4476 993 4541 dubitabundus
1024 4497 1164 4561 propono
1198 4477 1322 4541 dictum
1354 4496 1390 4540 eo
1421 4497 1530 4553 sensu,
1565 4497 1628 4560 quo
1661 4481 1835 4546 vernaculo

639 4604 784 4648 sermone
814 4583 931 4647 dixeris
964 4582 1050 4659 „lact
1077 4582 1217 4660 satietas,
1242 4582 1308 4645 luat
1330 4581 1442 4658 vollen,
1466 4582 1552 4644 ικααΙι
1575 4582 1655 4660 ἰοι”,
1681 4606 1724 4649 an
1749 4586 1833 4652 aliud

638 4686 752 4763 lateat,
784 4685 923 4751 aliorum
958 4694 1025 4751 esto
1058 4686 1227 4752 iudicium.
1265 4687 1334 4751 Hoc
1368 4707 1468 4750 unum
1501 4686 1608 4760 video,
1643 4688 1835 4756 facillimam

639 4792 719 4856 hanc
742 4813 810 4857 esse
834 4812 935 4877 neque
956 4795 1098 4876 ineptam
1121 4796 1346 4857 mutationem.
