4525 5950
976 490 1097 538 ureris.
1569 467 1631 535 167

432 658 605 742 argutiora
636 656 700 719 sint
732 661 764 719 st
795 656 929 719 minime
960 653 1153 739 probabilia,
1184 675 1241 718 nec
1274 661 1381 719 tamen
1406 657 1513 739 peiora
1536 674 1633 738 quam

414 761 590 847 pleraque
612 782 724 826 eorum
747 763 953 826 consminum
978 781 1058 845 quae
1083 764 1387 826 commemoratione
1411 760 1508 847 digna
1531 761 1638 825 existi-

434 870 553 933 mavit.
578 866 664 931 Mihi
686 867 747 931 hoc
771 868 890 951 requiri
914 866 1058 931 videtur:
1086 869 1221 931 καίτοι
1245 872 1331 940 σφῶν
1354 891 1394 942 γε
1418 867 1519 929 αὐτῶν
1539 890 1633 940 sarn-

433 973 563 1052 7dpcvs·
596 973 620 1035 si
652 974 716 1049 γὰρ
747 963 768 1036 δι
800 973 885 1045 μετὰ
918 971 1032 1035 τούτων
1064 971 1333 1049 <ἓτροοττεν>
1366 972 1550 1050 ἀδικουμένῳ
1580 994 1632 1047 μοι

434 1079 540 1154 μηδὲ
577 1074 611 1151 ἦν
646 1079 760 1142 δίκαιον
791 1079 897 1156 εἰπεῖν,
931 1075 948 1152 ἦ
979 1102 1036 1141 του
1070 1080 1172 1152 <οῠ>
1207 1086 1310 1150 καλῶς
1333 1080 1549 1158 συνέπραττον.
1586 1078 1634 1143 De

433 1190 554 1261 καίτοι,
580 1184 664 1270 qnod
683 1187 749 1249 iam
768 1183 987 1269 postulaverat
1006 1182 1187 1261 Dobraeus,
1209 1205 1304 1270 supra
1323 1187 1386 1271 egi.
1412 1185 1491 1249 Post
1509 1177 1530 1249 οδ
1551 1185 1635 1260 μετὰ

433 1293 552 1356 τούτων
583 1290 756 1355 desiderari
786 1292 923 1354 verbum
952 1293 986 1354 in
1010 1289 1179 1377 propatulo
1204 1296 1269 1369 est;
1295 1289 1445 1368 ἕτριιττον
1468 1292 1637 1375 proposuit

432 1400 562 1463 amicus
596 1395 726 1480 quidam
758 1395 941 1474 Fritzsohii,
974 1396 1029 1461 sed
1061 1417 1136 1461 oum
1167 1395 1328 1481 pluralem
1359 1399 1415 1460 vix
1445 1395 1635 1480 intellegam

432 1510 509 1590 post
540 1502 625 1578 μετδο
656 1502 780 1578 τούτων,
814 1501 886 1566 dedi
918 1500 1096 1583 ἓτροιττεν,
1122 1501 1280 1567 Diodorus
1304 1524 1430 1588 nempe.
1456 1502 1542 1566 Tum
1566 1523 1636 1566 sen-

433 1611 542 1675 tentia
573 1607 654 1672 mihi
685 1606 849 1693 postulare
874 1608 1003 1673 videtur
1026 1607 1123 1684 μηδέ,
1151 1629 1210 1684 ,,υο
1234 1608 1399 1693 quidem”,
1423 1615 1455 1673 et
1478 1612 1636 1672 insertum

432 1718 487 1792 cd,
521 1714 606 1798 quod
637 1713 720 1778 nihil
752 1717 875 1779 veritus
907 1715 1035 1779 hiatum
1066 1735 1226 1799 propono,
1259 1717 1412 1798 quoniam
1441 1718 1474 1779 in
1507 1714 1565 1778 hac
1589 1716 1636 1776 in·

433 1822 602 1908 dignantis
626 1823 865 1885 ratiocinatione
889 1822 1009 1886 ironiae
1032 1820 1142 1885 nullus
1166 1821 1248 1884 mihi
1272 1819 1362 1885 locus
1386 1820 1522 1885 videtur.
1553 1818 1635 1883 Rem

432 1931 480 1993 sic
505 1927 589 1990 mihi
612 1927 760 1991 informo.
787 1927 906 2010 Agitur
927 1927 965 1991 de
986 1948 1067 2011 equo
1086 1933 1289 2011 aegrotante,
1311 1947 1406 2010 quern
1426 1927 1635 1990 incitantibus

433 2042 468 2098 et
500 2032 574 2097 aliis
605 2053 644 2096 er
668 2031 757 2096 falsis
780 2031 846 2096 illis
869 2035 982 2097 amicis
1006 2038 1038 2098 et
1061 2035 1211 2117 inprimis
1234 2031 1373 2096 Diodoro
1396 2033 1540 2116 pignoris
1562 2030 1633 2095 loco

432 2161 453 2205 a
474 2137 607 2224 Polycle
626 2138 765 2222 quodam
786 2146 948 2222 acceperet
967 2144 1054 2203 actor
1071 2159 1128 2224 pro
1142 2137 1309 2203 duodecim
1323 2140 1485 2202 minarum
1497 2158 1635 2215 summa,

404 2319 419 2328 ,
434 2245 477 2310 ab
502 2244 582 2317 hoc,
607 2251 645 2307 ut
668 2243 807 2319 videtur,
832 2251 948 2308 mutua
966 2251 1106 2328 sumpta.
1128 2243 1259 2308 Mortuo
1279 2263 1361 2328 equo
1381 2250 1468 2308 actor
1488 2242 1635 2306 debitum

434 2369 619 2434 reposcere,
652 2370 768 2434 negare
799 2349 925 2414 debitor
955 2347 1038 2413 nihil
1069 2371 1102 2414 se
1126 2349 1237 2414 debere
1263 2350 1468 2424 adseverans,
1493 2369 1567 2412 cnm
1589 2350 1637 2411 in-

435 2458 536 2520 terim
568 2453 690 2519 sodales
721 2453 771 2518 illi
802 2454 840 2518 de
871 2475 905 2518 re
936 2457 970 2518 in
1002 2461 1173 2540 utramque
1205 2459 1329 2539 partem
1345 2454 1571 2538 disputarent,
1597 2474 1634 2517 eo

433 2559 570 2626 consilio
601 2566 638 2624 ut
668 2563 808 2625 rationes
838 2562 939 2624 nostri
971 2563 1116 2647 cognitas
1148 2565 1221 2645 post
1245 2581 1319 2624 oum
1344 2559 1525 2624 adversario
1549 2580 1633 2623 com-

433 2668 601 2731 municare
624 2672 771 2751 possent,
796 2668 823 2730 si
847 2665 888 2730 lis
911 2666 949 2730 ad
975 2667 1134 2731 arbitrum
1158 2665 1343 2731 deferretur.
1376 2665 1436 2731 Sed
1460 2671 1632 2749 antequam

432 2794 471 2838 eo
504 2778 696 2856 perventum
728 2778 793 2850 est,
826 2778 913 2836 actor
943 2777 1049 2837 noster
1079 2775 1113 2835 in
1146 2770 1305 2837 sodalium
1336 2777 1428 2836 coetu
1458 2771 1629 2837 decorum

432 2877 569 2964 perfidia
592 2885 723 2962 questus
748 2899 816 2943 esse
839 2878 977 2955 videtur,
1002 2880 1055 2942 cui
1078 2877 1146 2954 illi,
1172 2876 1351 2942 deterrendi
1375 2880 1443 2941 eius
1466 2898 1560 2941 causa
1585 2879 1631 2941 vi-

432 2985 569 3061 delicet,
605 3006 724 3071 magno
758 3006 812 3050 ore
842 2986 1055 3069 obstrepuisse
1087 2983 1233 3049 censendi
1265 2990 1354 3064 sunt,
1390 2985 1522 3069 indigne
1552 3004 1628 3047 sum

433 3091 616 3157 Diodorum
638 3093 784 3155 incusare
807 3090 974 3175 fingentes.

481 3308 534 3374 Or.
561 3308 637 3374 VIII
658 3308 742 3394 513.
768 3308 857 3374 Haec
879 3310 987 3374 omnia
1011 3328 1044 3372 se
1067 3307 1216 3372 edoctum
1242 3307 1319 3372 dicit
1343 3329 1400 3392 per
1422 3305 1595 3371 familiares
1615 3327 1633 3371 a

432 3417 550 3480 nuntio
580 3413 655 3491 illo,
686 3417 778 3479 ouius
802 3435 916 3479 nomen
940 3434 974 3478 se
997 3416 1130 3478 reticere
1155 3410 1239 3477 velle
1262 3433 1360 3498 supra
1384 3412 1632 3497 significaverat.

434 3520 497 3587 Sed
521 3541 599 3584 vera
621 3541 688 3585 esse
712 3522 821 3584 omnia
845 3522 890 3584 sic
913 3519 1045 3604 probare
1068 3521 1229 3582 instituit:
1256 3520 1309 3581 καὶ
1334 3524 1440 3583 τοῦτο
1466 3520 1497 3581 τί
1521 3542 1561 3594 με
1588 3518 1635 3582 δεῖ

433 3627 642 3704 Φοινερώτερον
666 3624 848 3705 ἐξελέγχειν
872 3623 916 3689 ἔτι
931 3625 972 3702 ¹);
998 3625 1073 3702 Φέρε
1097 3625 1177 3703 aas,
1205 3626 1257 3705 plin
1283 3623 1318 3704 (l.
1340 3623 1410 3703 -δει)
1431 3626 1499 3686 τοτ’
1521 3624 1632 3695 ἐκεῖνος

431 3732 477 3795 ὅτι
513 3730 705 3795 Κλειτοδίκου
737 3729 850 3802 δεηθεὶς
884 3732 1040 3807 ἐπιλέγειν
1072 3731 1125 3793 οὐκ
1159 3730 1287 3810 dccxcv,
1320 3733 1351 3793 οὐ
1384 3732 1448 3808 γὰρ
1472 3728 1506 3799 δὴ
1531 3737 1630 3807 τορῆν

430 3838 570 3907 τούτοις·
603 3836 619 3911 ἢ
652 3837 690 3900 τι
723 3835 821 3914 κέρδος
851 3832 884 3908 ἦν
915 3836 999 3915 αὐτῷ
1033 3835 1221 3910 διαβάλλειν
1254 3834 1308 3909 ἐμὲ
1339 3834 1411 3913 πρὸς
1445 3835 1527 3909 ὑμᾶς
1552 3831 1628 3898 οὕτω

431 3944 613 4021 προθύμους,
655 3938 733 4006 ὥστε
776 3940 949 4005 exactare:
985 3942 1056 4021 πρὸς
1089 3941 1159 4011 τοὺς
1195 3941 1285 4015 ἐμοὺς
1317 3943 1508 4018 ἀναγκαίους
1548 3941 1630 4004 πλά-

431 4050 548 4113 nactas
581 4052 702 4125 τοῦτο;
736 4046 789 4112 Sic
819 4045 1043 4112 Thalheimius
1075 4046 1192 4122 edidit,
1225 4068 1300 4111 cum
1324 4046 1491 4111 Palatinus
1514 4049 1548 4110 in
1572 4046 1630 4110 hac

429 4173 559 4241 qnoque
590 4155 727 4217 sectione
756 4161 789 4217 et
820 4151 882 4217 alia
915 4155 995 4217 vitia
1024 4152 1141 4217 habeat
1165 4157 1197 4215 et
1222 4152 1309 4215 ἐπεὶ
1334 4151 1430 4230 κέρδος
1454 4168 1523 4215 κτλ.
1555 4152 1633 4216 Pro·

428 4260 541 4344 posuit
571 4258 744 4343 Emporias
777 4260 794 4331 ἢ
827 4261 873 4336 τι,
907 4258 1054 4323 Baiterus
1086 4258 1199 4321 ἓτειτυ
1230 4259 1278 4334 τί,
1310 4258 1335 4321 εἱ
1361 4260 1404 4332 μὴ
1429 4261 1550 4322 amicus
1573 4257 1630 4324 ille

468 4520 495 4582 l)
521 4517 561 4566 lta
586 4514 649 4576 (im
672 4513 730 4578 cicc
750 4515 812 4580 γὰρ)
834 4514 1036 4580 ingeniosissime,
1061 4519 1087 4563 nt
1111 4515 1185 4574 solet,
1204 4515 1323 4564 Reislrius.
1342 4515 1420 4563 Codex
1439 4513 1478 4563 δτι
1496 4512 1554 4575 φέρε
1570 4517 1633 4577 γὰρ,

428 4603 480 4651 aine
496 4615 581 4658 εειιιυ,
601 4601 628 4647 nt
645 4598 683 4648 hic
699 4597 769 4647 solat.
